  <div class='ocr_page' id='page_1' title='image "/cluster/home/n/w/nwhite01/storage/ocr_20150623/72/hvd.32044019207893/137.png"; bbox 0 0 4070 6508; ppageno 0'>
   <div class='ocr_carea' id='block_1_1' title="bbox 621 353 730 410">
    <p class='ocr_par' dir='ltr' id='par_1_1' title="bbox 621 353 730 410">
     <span class='ocr_line' id='line_1_1' title="bbox 621 353 730 410; baseline 0.018 -2"><span class='ocrx_word' id='word_1_1' title='bbox 621 353 730 410; x_wconf 75' lang='lat'><strong>259</strong></span> 
     </span>
    </p>
   </div>
   <div class='ocr_carea' id='block_1_2' title="bbox 1628 344 2858 407">
    <p class='ocr_par' dir='ltr' id='par_1_2' title="bbox 1628 344 2858 407">
     <span class='ocr_line' id='line_1_2' title="bbox 1628 344 2858 407; baseline -0.005 -3"><span class='ocrx_word' id='word_1_2' title='bbox 1628 350 1687 405; x_wconf 90' lang='lat' dir='ltr'><strong>S.</strong></span> <span class='ocrx_word' id='word_1_3' title='bbox 1730 349 2009 407; x_wconf 75' lang='lat' dir='ltr'><strong>CYRILLI</strong></span> <span class='ocrx_word' id='word_1_4' title='bbox 2053 345 2520 405; x_wconf 74' lang='lat' dir='ltr'><strong>ALEXANDRINI</strong></span> <span class='ocrx_word' id='word_1_5' title='bbox 2560 344 2858 401; x_wconf 79' lang='lat' dir='ltr'><strong>ARCHIEP</strong></span> 
     </span>
    </p>
   </div>
   <div class='ocr_carea' id='block_1_3' title="bbox 3786 339 3896 395">
    <p class='ocr_par' dir='ltr' id='par_1_3' title="bbox 3786 339 3896 395">
     <span class='ocr_line' id='line_1_3' title="bbox 3786 339 3896 395; baseline 0 0"><span class='ocrx_word' id='word_1_6' title='bbox 3786 339 3896 395; x_wconf 76' lang='lat'><strong>260</strong></span> 
     </span>
    </p>
   </div>
   <div class='ocr_carea' id='block_1_4' title="bbox 623 456 2191 536">
    <p class='ocr_par' dir='ltr' id='par_1_4' title="bbox 623 463 2191 536">
     <span class='ocr_line' id='line_1_4' title="bbox 623 463 2191 536; baseline -0.001 -18"><span class='ocrx_word' id='word_1_7' title='bbox 623 463 936 536; x_wconf 78' lang='lat' dir='ltr'><strong>Oppidulum</strong></span> <span class='ocrx_word' id='word_1_8' title='bbox 958 471 1061 528; x_wconf 89' lang='lat' dir='ltr'><strong>est,</strong></span> <span class='ocrx_word' id='word_1_9' title='bbox 1097 465 1212 521; x_wconf 84' lang='lat' dir='ltr'><strong>sive</strong></span> <span class='ocrx_word' id='word_1_10' title='bbox 1244 468 1412 528; x_wconf 83' lang='lat' dir='ltr'><strong>vicus,</strong></span> <span class='ocrx_word' id='word_1_11' title='bbox 1450 478 1571 518; x_wconf 88' lang='lat' dir='ltr'><strong>sors</strong></span> <span class='ocrx_word' id='word_1_12' title='bbox 1608 465 1991 519; x_wconf 75' lang='lat' dir='ltr'><strong>contribulium</strong></span> <span class='ocrx_word' id='word_1_13' title='bbox 2040 465 2191 519; x_wconf 84' lang='lat' dir='ltr'><strong>Aser.</strong></span> 
     </span>
    </p>
   </div>
   <div class='ocr_carea' id='block_1_5' title="bbox 2292 456 3894 536">
    <p class='ocr_par' dir='ltr' id='par_1_5' title="bbox 2302 456 3894 532">
     <span class='ocr_line' id='line_1_5' title="bbox 2302 456 3894 532; baseline -0.004 -18"><span class='ocrx_word' id='word_1_14' title='bbox 2302 461 2477 532; x_wconf 79' lang='grc' dir='ltr'>ἀναόῇ</span> <span class='ocrx_word' id='word_1_15' title='bbox 2503 463 2588 513; x_wconf 70' lang='grc' dir='ltr'><strong>ἐπ’</strong></span> <span class='ocrx_word' id='word_1_16' title='bbox 2616 459 2807 530; x_wconf 76' lang='grc' dir='ltr'>αὐτὴν,</span> <span class='ocrx_word' id='word_1_17' title='bbox 2838 459 2947 512; x_wconf 69' lang='grc' dir='ltr'><strong>οὐδ’</strong></span> <span class='ocrx_word' id='word_1_18' title='bbox 2977 459 3037 511; x_wconf 88' lang='grc' dir='ltr'>ού</span> <span class='ocrx_word' id='word_1_19' title='bbox 3074 459 3148 529; x_wconf 79' lang='grc' dir='ltr'><strong>μὴ</strong></span> <span class='ocrx_word' id='word_1_20' title='bbox 3183 458 3378 529; x_wconf 72' lang='grc' dir='ltr'>εὑρεθῇ</span> <span class='ocrx_word' id='word_1_21' title='bbox 3398 458 3537 511; x_wconf 76' lang='grc' dir='ltr'><strong>Δίικεῖ.</strong></span> <span class='ocrx_word' id='word_1_22' title='bbox 3570 475 3588 508; x_wconf 84' lang='grc' dir='ltr'><strong>ι</strong></span> <span class='ocrx_word' id='word_1_23' title='bbox 3616 456 3894 524; x_wconf 74' lang='grc' dir='ltr'>Κατωκή-</span> 
     </span>
    </p>
   </div>
   <div class='ocr_carea' id='block_1_6' title="bbox 624 542 2191 625">
    <p class='ocr_par' dir='ltr' id='par_1_6' title="bbox 624 553 2191 625">
     <span class='ocr_line' id='line_1_6' title="bbox 624 553 2191 625; baseline 0 -15"><span class='ocrx_word' id='word_1_24' title='bbox 624 555 692 610; x_wconf 88' lang='lat' dir='ltr'><strong>Et</strong></span> <span class='ocrx_word' id='word_1_25' title='bbox 721 564 805 610; x_wconf 90' lang='lat' dir='ltr'><strong>est</strong></span> <span class='ocrx_word' id='word_1_26' title='bbox 834 555 939 609; x_wconf 85' lang='lat' dir='ltr'><strong>alia</strong></span> <span class='ocrx_word' id='word_1_27' title='bbox 975 556 1197 625; x_wconf 81' lang='lat' dir='ltr'><strong>insuper</strong></span> <span class='ocrx_word' id='word_1_28' title='bbox 1241 554 1410 610; x_wconf 79' lang='lat' dir='ltr'><strong>Rama</strong></span> <span class='ocrx_word' id='word_1_29' title='bbox 1428 553 1995 625; x_wconf 79' lang='lat' dir='ltr'><strong>Nephthalimitarum.</strong></span> <span class='ocrx_word' id='word_1_30' title='bbox 2034 554 2191 625; x_wconf 76' lang='lat' dir='ltr'><strong>Igitur</strong></span> 
     </span>
    </p>
   </div>
   <div class='ocr_carea' id='block_1_7' title="bbox 2292 542 3891 625">
    <p class='ocr_par' dir='ltr' id='par_1_7' title="bbox 2307 542 3891 622">
     <span class='ocr_line' id='line_1_7' title="bbox 2307 542 3891 622; baseline -0.005 -19"><span class='ocrx_word' id='word_1_31' title='bbox 2307 568 2457 603; x_wconf 81' lang='grc' dir='ltr'>σουσι</span> <span class='ocrx_word' id='word_1_32' title='bbox 2481 551 2590 622; x_wconf 82' lang='grc' dir='ltr'>γὰρ</span> <span class='ocrx_word' id='word_1_33' title='bbox 2612 548 2971 611; x_wconf 78' lang='grc' dir='ltr'><strong>πεποιθότως.</strong></span> <span class='ocrx_word' id='word_1_34' title='bbox 3003 566 3021 599; x_wconf 80' lang='grc' dir='ltr'><strong>ι</strong></span> <span class='ocrx_word' id='word_1_35' title='bbox 3051 546 3272 617; x_wconf 78' lang='grc' dir='ltr'><strong>Ἐπειδὴ</strong></span> <span class='ocrx_word' id='word_1_36' title='bbox 3298 546 3355 599; x_wconf 85' lang='grc' dir='ltr'>δὲ</span> <span class='ocrx_word' id='word_1_37' title='bbox 3386 544 3627 598; x_wconf 78' lang='grc' dir='ltr'><strong>τέθειται</strong></span> <span class='ocrx_word' id='word_1_38' title='bbox 3661 542 3891 614; x_wconf 72' lang='grc' dir='ltr'>μεταξὺ,</span> 
     </span>
    </p>
   </div>
   <div class='ocr_carea' id='block_1_8' title="bbox 622 646 2201 717">
    <p class='ocr_par' dir='ltr' id='par_1_8' title="bbox 622 646 2201 717">
     <span class='ocr_line' id='line_1_8' title="bbox 622 646 2201 717; baseline -0.002 -14"><span class='ocrx_word' id='word_1_39' title='bbox 622 657 850 704; x_wconf 86' lang='lat' dir='ltr'><strong>sanctus</strong></span> <span class='ocrx_word' id='word_1_40' title='bbox 880 648 1137 717; x_wconf 91' lang='lat' dir='ltr'><strong>propheta</strong></span> <span class='ocrx_word' id='word_1_41' title='bbox 1172 656 1262 702; x_wconf 90' lang='lat' dir='ltr'><strong>aut</strong></span> <span class='ocrx_word' id='word_1_42' title='bbox 1291 648 1479 701; x_wconf 88' lang='lat' dir='ltr'><strong>harum</strong></span> <span class='ocrx_word' id='word_1_43' title='bbox 1511 646 1670 700; x_wconf 90' lang='lat' dir='ltr'><strong>unius</strong></span> <span class='ocrx_word' id='word_1_44' title='bbox 1701 656 1793 699; x_wconf 91' lang='lat' dir='ltr'><strong>aut</strong></span> <span class='ocrx_word' id='word_1_45' title='bbox 1844 646 2066 701; x_wconf 90' lang='lat' dir='ltr'><strong>alterius</strong></span> <span class='ocrx_word' id='word_1_46' title='bbox 2099 646 2201 700; x_wconf 85' lang='lat' dir='ltr'><strong>Ra-</strong></span> 
     </span>
    </p>
   </div>
   <div class='ocr_carea' id='block_1_9' title="bbox 621 733 2195 803">
    <p class='ocr_par' dir='ltr' id='par_1_9' title="bbox 621 733 2195 803">
     <span class='ocr_line' id='line_1_9' title="bbox 621 733 2195 803; baseline -0.005 -10"><span class='ocrx_word' id='word_1_47' title='bbox 621 753 710 793; x_wconf 90' lang='lat' dir='ltr'><strong>ma</strong></span> <span class='ocrx_word' id='word_1_48' title='bbox 749 737 1015 793; x_wconf 87' lang='lat' dir='ltr'><strong>meminit.</strong></span> <span class='ocrx_word' id='word_1_49' title='bbox 1047 737 1135 791; x_wconf 86' lang='lat' dir='ltr'><strong>Ait</strong></span> <span class='ocrx_word' id='word_1_50' title='bbox 1169 750 1400 803; x_wconf 82' lang='lat' dir='ltr'><strong>namque</strong></span> <span class='ocrx_word' id='word_1_51' title='bbox 1437 753 1449 789; x_wconf 93' lang='lat'><strong>:</strong></span> <span class='ocrx_word' id='word_1_52' title='bbox 1493 753 1512 786; x_wconf 85' lang='grc' dir='ltr'><strong>ι</strong></span> <span class='ocrx_word' id='word_1_53' title='bbox 1548 733 1660 788; x_wconf 84' lang='lat' dir='ltr'><strong>Vox</strong></span> <span class='ocrx_word' id='word_1_54' title='bbox 1699 734 1752 787; x_wconf 93' lang='lat' dir='ltr'><strong>in</strong></span> <span class='ocrx_word' id='word_1_55' title='bbox 1796 734 1964 787; x_wconf 81' lang='lat' dir='ltr'><strong>Rama</strong></span> <span class='ocrx_word' id='word_1_56' title='bbox 2016 734 2195 787; x_wconf 90' lang='lat' dir='ltr'><strong>audita</strong></span> 
     </span>
    </p>
   </div>
   <div class='ocr_carea' id='block_1_10' title="bbox 619 823 2193 896">
    <p class='ocr_par' dir='ltr' id='par_1_10' title="bbox 619 823 2193 896">
     <span class='ocr_line' id='line_1_10' title="bbox 619 823 2193 896; baseline -0.004 -12"><span class='ocrx_word' id='word_1_57' title='bbox 619 838 723 896; x_wconf 90' lang='lat' dir='ltr'><strong>est,</strong></span> <span class='ocrx_word' id='word_1_58' title='bbox 760 829 1097 893; x_wconf 82' lang='lat' dir='ltr'><strong>lamentatio,</strong></span> <span class='ocrx_word' id='word_1_59' title='bbox 1132 836 1182 881; x_wconf 90' lang='lat' dir='ltr'><strong>et</strong></span> <span class='ocrx_word' id='word_1_60' title='bbox 1223 826 1402 890; x_wconf 83' lang='lat' dir='ltr'><strong>ﬂetus,</strong></span> <span class='ocrx_word' id='word_1_61' title='bbox 1434 835 1490 880; x_wconf 89' lang='lat' dir='ltr'><strong>et</strong></span> <span class='ocrx_word' id='word_1_62' title='bbox 1524 827 1779 895; x_wconf 74' lang='lat' dir='ltr'><strong>gemitus.</strong></span> <span class='ocrx_word' id='word_1_63' title='bbox 1827 823 2030 877; x_wconf 74' lang='lat' dir='ltr'><strong>Ilachel</strong></span> <span class='ocrx_word' id='word_1_64' title='bbox 2079 824 2193 892; x_wconf 87' lang='lat' dir='ltr'><strong>plo-</strong></span> 
     </span>
    </p>
   </div>
   <div class='ocr_carea' id='block_1_11' title="bbox 619 916 2194 990">
    <p class='ocr_par' dir='ltr' id='par_1_11' title="bbox 619 916 2194 990">
     <span class='ocr_line' id='line_1_11' title="bbox 619 916 2194 990; baseline -0.004 -14"><span class='ocrx_word' id='word_1_65' title='bbox 619 937 749 978; x_wconf 89' lang='lat' dir='ltr'><strong>rans</strong></span> <span class='ocrx_word' id='word_1_66' title='bbox 776 936 941 990; x_wconf 84' lang='lat' dir='ltr'><strong>super</strong></span> <span class='ocrx_word' id='word_1_67' title='bbox 975 920 1100 973; x_wconf 77' lang='lat' dir='ltr'><strong>(iliis</strong></span> <span class='ocrx_word' id='word_1_68' title='bbox 1134 920 1269 983; x_wconf 88' lang='lat' dir='ltr'><strong>suis,</strong></span> <span class='ocrx_word' id='word_1_69' title='bbox 1295 927 1351 973; x_wconf 87' lang='lat' dir='ltr'><strong>et</strong></span> <span class='ocrx_word' id='word_1_70' title='bbox 1400 918 1569 972; x_wconf 90' lang='lat' dir='ltr'><strong>noluit</strong></span> <span class='ocrx_word' id='word_1_71' title='bbox 1601 916 1892 981; x_wconf 89' lang='lat' dir='ltr'><strong>consolari,</strong></span> <span class='ocrx_word' id='word_1_72' title='bbox 1921 918 2044 984; x_wconf 92' lang='lat' dir='ltr'><strong>quia</strong></span> <span class='ocrx_word' id='word_1_73' title='bbox 2090 932 2194 969; x_wconf 90' lang='lat' dir='ltr'><strong>non</strong></span> 
     </span>
    </p>
   </div>
   <div class='ocr_carea' id='block_1_12' title="bbox 623 1007 2197 1070">
    <p class='ocr_par' dir='ltr' id='par_1_12' title="bbox 623 1007 2197 1070">
     <span class='ocr_line' id='line_1_12' title="bbox 623 1007 2197 1070; baseline -0.004 -3"><span class='ocrx_word' id='word_1_74' title='bbox 623 1021 751 1067; x_wconf 84' lang='lat' dir='ltr'><strong>sunt</strong></span> <span class='ocrx_word' id='word_1_75' title='bbox 778 1013 846 1065; x_wconf 76' lang='lat'><strong>&#39;°.</strong></span> <span class='ocrx_word' id='word_1_76' title='bbox 886 1012 1032 1065; x_wconf 78' lang='grc' dir='ltr'><strong>»Ηοο</strong></span> <span class='ocrx_word' id='word_1_77' title='bbox 1063 1022 1239 1065; x_wconf 88' lang='lat' dir='ltr'><strong>actum</strong></span> <span class='ocrx_word' id='word_1_78' title='bbox 1279 1023 1399 1065; x_wconf 84' lang='lat' dir='ltr'><strong>esse</strong></span> <span class='ocrx_word' id='word_1_79' title='bbox 1434 1010 1486 1063; x_wconf 93' lang='lat' dir='ltr'><strong>in</strong></span> <span class='ocrx_word' id='word_1_80' title='bbox 1520 1009 1795 1063; x_wconf 83' lang='lat' dir='ltr'><strong>Bethleem</strong></span> <span class='ocrx_word' id='word_1_81' title='bbox 1825 1016 2058 1070; x_wconf 91' lang='lat' dir='ltr'><strong>constat,</strong></span> <span class='ocrx_word' id='word_1_82' title='bbox 2092 1007 2197 1061; x_wconf 88' lang='lat' dir='ltr'><strong>He-</strong></span> 
     </span>
    </p>
   </div>
   <div class='ocr_carea' id='block_1_13' title="bbox 621 1098 2190 1175">
    <p class='ocr_par' dir='ltr' id='par_1_13' title="bbox 621 1098 2190 1175">
     <span class='ocr_line' id='line_1_13' title="bbox 621 1098 2190 1175; baseline -0.006 -15"><span class='ocrx_word' id='word_1_83' title='bbox 621 1107 755 1160; x_wconf 85' lang='lat' dir='ltr'><strong>rode</strong></span> <span class='ocrx_word' id='word_1_84' title='bbox 824 1103 1050 1175; x_wconf 87' lang='lat' dir='ltr'><strong>juhente</strong></span> <span class='ocrx_word' id='word_1_85' title='bbox 1113 1101 1351 1155; x_wconf 82' lang='lat' dir='ltr'><strong>infantes</strong></span> <span class='ocrx_word' id='word_1_86' title='bbox 1402 1101 1454 1153; x_wconf 88' lang='lat' dir='ltr'><strong>in</strong></span> <span class='ocrx_word' id='word_1_87' title='bbox 1518 1115 1579 1155; x_wconf 91' lang='lat' dir='ltr'><strong>ea</strong></span> <span class='ocrx_word' id='word_1_88' title='bbox 1631 1110 1874 1169; x_wconf 85' lang='lat' dir='ltr'><strong>repertos</strong></span> <span class='ocrx_word' id='word_1_89' title='bbox 1920 1099 2092 1153; x_wconf 82' lang='lat' dir='ltr'><strong>occidi</strong></span> <span class='ocrx_word' id='word_1_90' title='bbox 2124 1098 2190 1151; x_wconf 72' lang='grc' dir='ltr'><strong>δι.</strong></span> 
     </span>
    </p>
   </div>
   <div class='ocr_carea' id='block_1_14' title="bbox 615 1190 2192 1264">
    <p class='ocr_par' dir='ltr' id='par_1_14' title="bbox 615 1190 2192 1264">
     <span class='ocr_line' id='line_1_14' title="bbox 615 1190 2192 1264; baseline -0.004 -16"><span class='ocrx_word' id='word_1_91' title='bbox 615 1194 788 1248; x_wconf 76' lang='lat' dir='ltr'><strong>Rama</strong></span> <span class='ocrx_word' id='word_1_92' title='bbox 820 1209 949 1264; x_wconf 79' lang='lat' dir='ltr'><strong>ergo</strong></span> <span class='ocrx_word' id='word_1_93' title='bbox 972 1203 1132 1247; x_wconf 85' lang='lat' dir='ltr'><strong>vocat</strong></span> <span class='ocrx_word' id='word_1_94' title='bbox 1154 1190 1484 1256; x_wconf 79' lang='lat' dir='ltr'><strong>Jerusalem,</strong></span> <span class='ocrx_word' id='word_1_95' title='bbox 1517 1193 1658 1261; x_wconf 88' lang='lat' dir='ltr'><strong>quod</strong></span> <span class='ocrx_word' id='word_1_96' title='bbox 1696 1192 1746 1244; x_wconf 95' lang='lat' dir='ltr'><strong>in</strong></span> <span class='ocrx_word' id='word_1_97' title='bbox 1772 1191 1884 1259; x_wconf 82' lang='lat' dir='ltr'><strong>ipsa</strong></span> <span class='ocrx_word' id='word_1_98' title='bbox 1908 1190 2019 1258; x_wconf 86' lang='lat' dir='ltr'><strong>jam</strong></span> <span class='ocrx_word' id='word_1_99' title='bbox 2039 1201 2192 1259; x_wconf 84' lang='lat' dir='ltr'><strong>capta</strong></span> 
     </span>
    </p>
   </div>
   <div class='ocr_carea' id='block_1_15' title="bbox 616 1278 2194 1352">
    <p class='ocr_par' dir='ltr' id='par_1_15' title="bbox 616 1278 2194 1352">
     <span class='ocr_line' id='line_1_15' title="bbox 616 1278 2194 1352; baseline -0.005 -11"><span class='ocrx_word' id='word_1_100' title='bbox 616 1287 787 1342; x_wconf 88' lang='lat' dir='ltr'><strong>multa</strong></span> <span class='ocrx_word' id='word_1_101' title='bbox 824 1287 989 1340; x_wconf 79' lang='lat' dir='ltr'><strong>fuerit</strong></span> <span class='ocrx_word' id='word_1_102' title='bbox 1036 1283 1375 1347; x_wconf 87' lang='lat' dir='ltr'><strong>lamentatio,</strong></span> <span class='ocrx_word' id='word_1_103' title='bbox 1404 1297 1565 1351; x_wconf 88' lang='lat' dir='ltr'><strong>quam</strong></span> <span class='ocrx_word' id='word_1_104' title='bbox 1615 1282 1877 1352; x_wconf 83' lang='lat' dir='ltr'><strong>propheta</strong></span> <span class='ocrx_word' id='word_1_105' title='bbox 1929 1278 2194 1334; x_wconf 85' lang='lat' dir='ltr'><strong>Jeremias</strong></span> 
     </span>
    </p>
   </div>
   <div class='ocr_carea' id='block_1_16' title="bbox 616 1373 2194 1450">
    <p class='ocr_par' dir='ltr' id='par_1_16' title="bbox 616 1373 2194 1450">
     <span class='ocr_line' id='line_1_16' title="bbox 616 1373 2194 1450; baseline -0.004 -17"><span class='ocrx_word' id='word_1_106' title='bbox 616 1380 770 1450; x_wconf 86' lang='lat' dir='ltr'><strong>quasi</strong></span> <span class='ocrx_word' id='word_1_107' title='bbox 805 1379 1213 1449; x_wconf 85' lang='lat' dir='ltr'><strong>Iacrymautem,</strong></span> <span class='ocrx_word' id='word_1_108' title='bbox 1238 1385 1292 1429; x_wconf 90' lang='lat' dir='ltr'><strong>et</strong></span> <span class='ocrx_word' id='word_1_109' title='bbox 1316 1389 1481 1443; x_wconf 86' lang='lat' dir='ltr'><strong>super</strong></span> <span class='ocrx_word' id='word_1_110' title='bbox 1503 1374 1628 1428; x_wconf 84' lang='lat' dir='ltr'><strong>ﬁliis</strong></span> <span class='ocrx_word' id='word_1_111' title='bbox 1648 1374 1875 1446; x_wconf 87' lang='lat' dir='ltr'><strong>perditis</strong></span> <span class='ocrx_word' id='word_1_112' title='bbox 1899 1373 2194 1443; x_wconf 74' lang='lat' dir='ltr'><strong>eiulantem</strong></span> 
     </span>
    </p>
   </div>
   <div class='ocr_carea' id='block_1_17' title="bbox 616 1465 2189 1534">
    <p class='ocr_par' dir='ltr' id='par_1_17' title="bbox 616 1465 2189 1534">
     <span class='ocr_line' id='line_1_17' title="bbox 616 1465 2189 1534; baseline -0.005 -9"><span class='ocrx_word' id='word_1_113' title='bbox 616 1470 939 1525; x_wconf 78' lang='lat' dir='ltr'><strong>introduxit.</strong></span> <span class='ocrx_word' id='word_1_114' title='bbox 976 1469 1064 1522; x_wconf 87' lang='lat' dir='ltr'><strong>Ait</strong></span> <span class='ocrx_word' id='word_1_115' title='bbox 1093 1467 1237 1521; x_wconf 91' lang='lat' dir='ltr'><strong>enim</strong></span> <span class='ocrx_word' id='word_1_116' title='bbox 1278 1485 1291 1519; x_wconf 90' lang='lat'><strong>:</strong></span> <span class='ocrx_word' id='word_1_117' title='bbox 1337 1485 1354 1517; x_wconf 82' lang='lat' dir='ltr'><strong>t</strong></span> <span class='ocrx_word' id='word_1_118' title='bbox 1387 1465 1614 1520; x_wconf 82' lang='lat' dir='ltr'><strong>Plorans</strong></span> <span class='ocrx_word' id='word_1_119' title='bbox 1645 1465 1889 1534; x_wconf 82' lang='lat' dir='ltr'><strong>plurabat</strong></span> <span class='ocrx_word' id='word_1_120' title='bbox 1926 1465 1978 1518; x_wconf 86' lang='lat' dir='ltr'><strong>in</strong></span> <span class='ocrx_word' id='word_1_121' title='bbox 2015 1474 2189 1527; x_wconf 87' lang='lat' dir='ltr'><strong>nocte,</strong></span> 
     </span>
    </p>
   </div>
   <div class='ocr_carea' id='block_1_18' title="bbox 616 1556 2195 1632">
    <p class='ocr_par' dir='ltr' id='par_1_18' title="bbox 616 1556 2195 1632">
     <span class='ocr_line' id='line_1_18' title="bbox 616 1556 2195 1632; baseline -0.005 -15"><span class='ocrx_word' id='word_1_122' title='bbox 616 1571 673 1617; x_wconf 88' lang='lat' dir='ltr'><strong>et</strong></span> <span class='ocrx_word' id='word_1_123' title='bbox 710 1561 969 1632; x_wconf 67' lang='lat' dir='ltr'><strong>lacryma‘,</strong></span> <span class='ocrx_word' id='word_1_124' title='bbox 1000 1558 1117 1627; x_wconf 83' lang='lat' dir='ltr'><strong>ejus</strong></span> <span class='ocrx_word' id='word_1_125' title='bbox 1158 1559 1210 1612; x_wconf 92' lang='lat' dir='ltr'><strong>in</strong></span> <span class='ocrx_word' id='word_1_126' title='bbox 1256 1559 1491 1612; x_wconf 79' lang='lat' dir='ltr'><strong>maxillis</strong></span> <span class='ocrx_word' id='word_1_127' title='bbox 1524 1556 1640 1624; x_wconf 87' lang='lat' dir='ltr'><strong>ejus</strong></span> <span class='ocrx_word' id='word_1_128' title='bbox 1666 1558 1737 1610; x_wconf 65' lang='grc' dir='ltr'><strong>θ’.</strong></span> <span class='ocrx_word' id='word_1_129' title='bbox 1774 1576 1792 1609; x_wconf 82' lang='grc' dir='ltr'><strong>ι</strong></span> <span class='ocrx_word' id='word_1_130' title='bbox 1825 1557 1893 1610; x_wconf 81' lang='lat' dir='ltr'><strong>Et</strong></span> <span class='ocrx_word' id='word_1_131' title='bbox 1925 1557 2050 1626; x_wconf 88' lang='lat' dir='ltr'><strong>quid</strong></span> <span class='ocrx_word' id='word_1_132' title='bbox 2084 1557 2195 1626; x_wconf 91' lang='lat' dir='ltr'><strong>plo-</strong></span> 
     </span>
    </p>
   </div>
   <div class='ocr_carea' id='block_1_19' title="bbox 613 1644 2190 1717">
    <p class='ocr_par' dir='ltr' id='par_1_19' title="bbox 613 1644 2190 1717">
     <span class='ocr_line' id='line_1_19' title="bbox 613 1644 2190 1717; baseline -0.006 -11"><span class='ocrx_word' id='word_1_133' title='bbox 613 1650 812 1706; x_wconf 80' lang='lat' dir='ltr'><strong>rabat?</strong></span> <span class='ocrx_word' id='word_1_134' title='bbox 848 1668 867 1701; x_wconf 83' lang='lat' dir='ltr'><strong>t</strong></span> <span class='ocrx_word' id='word_1_135' title='bbox 908 1649 1158 1717; x_wconf 78' lang='lat' dir='ltr'><strong>Virgines</strong></span> <span class='ocrx_word' id='word_1_136' title='bbox 1192 1662 1325 1701; x_wconf 68' lang='lat' dir='ltr'><strong>mete</strong></span> <span class='ocrx_word' id='word_1_137' title='bbox 1351 1656 1404 1701; x_wconf 92' lang='lat' dir='ltr'><strong>et</strong></span> <span class='ocrx_word' id='word_1_138' title='bbox 1432 1646 1663 1715; x_wconf 76' lang='lat' dir='ltr'><strong>juvenes</strong></span> <span class='ocrx_word' id='word_1_139' title='bbox 1711 1646 1815 1698; x_wconf 87' lang='lat' dir='ltr'><strong>mei</strong></span> <span class='ocrx_word' id='word_1_140' title='bbox 1845 1644 2098 1698; x_wconf 88' lang='lat' dir='ltr'><strong>abierunt</strong></span> <span class='ocrx_word' id='word_1_141' title='bbox 2139 1645 2190 1697; x_wconf 91' lang='lat' dir='ltr'><strong>in</strong></span> 
     </span>
    </p>
   </div>
   <div class='ocr_carea' id='block_1_20' title="bbox 613 1732 2194 1812">
    <p class='ocr_par' dir='ltr' id='par_1_20' title="bbox 613 1732 2194 1812">
     <span class='ocr_line' id='line_1_20' title="bbox 613 1732 2194 1812; baseline -0.007 -15"><span class='ocrx_word' id='word_1_142' title='bbox 613 1743 1004 1812; x_wconf 83' lang='lat' dir='ltr'><strong>captivitatem,</strong></span> <span class='ocrx_word' id='word_1_143' title='bbox 1045 1741 1095 1793; x_wconf 94' lang='lat' dir='ltr'><strong>in</strong></span> <span class='ocrx_word' id='word_1_144' title='bbox 1128 1739 1305 1809; x_wconf 78' lang='lat' dir='ltr'><strong>gladio</strong></span> <span class='ocrx_word' id='word_1_145' title='bbox 1330 1747 1384 1791; x_wconf 85' lang='lat' dir='ltr'><strong>et</strong></span> <span class='ocrx_word' id='word_1_146' title='bbox 1421 1739 1473 1789; x_wconf 92' lang='lat' dir='ltr'><strong>in</strong></span> <span class='ocrx_word' id='word_1_147' title='bbox 1508 1735 1650 1789; x_wconf 83' lang='lat' dir='ltr'><strong>fame</strong></span> <span class='ocrx_word' id='word_1_148' title='bbox 1677 1734 1945 1798; x_wconf 86' lang='lat' dir='ltr'><strong>occidisti,</strong></span> <span class='ocrx_word' id='word_1_149' title='bbox 2000 1732 2053 1786; x_wconf 93' lang='lat' dir='ltr'><strong>in</strong></span> <span class='ocrx_word' id='word_1_150' title='bbox 2106 1733 2194 1786; x_wconf 90' lang='lat' dir='ltr'><strong>die</strong></span> 
     </span>
    </p>
   </div>
   <div class='ocr_carea' id='block_1_21' title="bbox 611 1810 2263 1899">
    <p class='ocr_par' dir='ltr' id='par_1_21' title="bbox 611 1810 2263 1899">
     <span class='ocr_line' id='line_1_21' title="bbox 611 1810 2263 1899; baseline -0.008 -8"><span class='ocrx_word' id='word_1_151' title='bbox 611 1810 708 1891; x_wconf 63' lang='lat' dir='ltr'><strong>irae</strong></span> <span class='ocrx_word' id='word_1_152' title='bbox 741 1843 844 1887; x_wconf 71' lang='lat' dir='ltr'><strong>tuae</strong></span> <span class='ocrx_word' id='word_1_153' title='bbox 867 1833 1087 1898; x_wconf 73' lang='lat' dir='ltr'><strong>coxis-ti,</strong></span> <span class='ocrx_word' id='word_1_154' title='bbox 1113 1847 1215 1885; x_wconf 86' lang='lat' dir='ltr'><strong>non</strong></span> <span class='ocrx_word' id='word_1_155' title='bbox 1245 1829 1534 1899; x_wconf 86' lang='lat' dir='ltr'><strong>pepercisti</strong></span> <span class='ocrx_word' id='word_1_156' title='bbox 1558 1828 1624 1882; x_wconf 83' lang='grc'><strong>⁸³.</strong></span> <span class='ocrx_word' id='word_1_157' title='bbox 1660 1846 1677 1877; x_wconf 78' lang='grc' dir='ltr'><strong>ι</strong></span> <span class='ocrx_word' id='word_1_158' title='bbox 1718 1828 1792 1880; x_wconf 84' lang='lat' dir='ltr'><strong>Ac</strong></span> <span class='ocrx_word' id='word_1_159' title='bbox 1811 1826 1855 1879; x_wconf 90' lang='lat' dir='ltr'><strong>si</strong></span> <span class='ocrx_word' id='word_1_160' title='bbox 1877 1826 2000 1894; x_wconf 83' lang='lat' dir='ltr'><strong>quis</strong></span> <span class='ocrx_word' id='word_1_161' title='bbox 2023 1825 2186 1879; x_wconf 91' lang='lat' dir='ltr'><strong>etiam</strong></span> <span class='ocrx_word' id='word_1_162' title='bbox 2223 1810 2263 1865; x_wconf 77' lang='grc' dir='ltr'>Β</span> 
     </span>
    </p>
   </div>
   <div class='ocr_carea' id='block_1_22' title="bbox 612 1918 2191 1994">
    <p class='ocr_par' dir='ltr' id='par_1_22' title="bbox 612 1918 2191 1994">
     <span class='ocr_line' id='line_1_22' title="bbox 612 1918 2191 1994; baseline -0.007 -13"><span class='ocrx_word' id='word_1_163' title='bbox 612 1928 681 1981; x_wconf 90' lang='lat' dir='ltr'><strong>de</strong></span> <span class='ocrx_word' id='word_1_164' title='bbox 708 1924 975 1994; x_wconf 88' lang='lat' dir='ltr'><strong>splrituali</strong></span> <span class='ocrx_word' id='word_1_165' title='bbox 1009 1921 1330 1987; x_wconf 78' lang='lat' dir='ltr'><strong>Jerusalem,</strong></span> <span class='ocrx_word' id='word_1_166' title='bbox 1365 1921 1415 1973; x_wconf 91' lang='lat' dir='ltr'><strong>id</strong></span> <span class='ocrx_word' id='word_1_167' title='bbox 1449 1930 1553 1984; x_wconf 92' lang='lat' dir='ltr'><strong>est,</strong></span> <span class='ocrx_word' id='word_1_168' title='bbox 1584 1920 1825 1974; x_wconf 85' lang='lat' dir='ltr'><strong>Ecclesia</strong></span> <span class='ocrx_word' id='word_1_169' title='bbox 1863 1934 2048 1974; x_wconf 88' lang='lat' dir='ltr'><strong>vocem</strong></span> <span class='ocrx_word' id='word_1_170' title='bbox 2083 1918 2191 1971; x_wconf 80' lang='lat' dir='ltr'><strong>Ra-</strong></span> 
     </span>
    </p>
   </div>
   <div class='ocr_carea' id='block_1_23' title="bbox 614 2009 2192 2083">
    <p class='ocr_par' dir='ltr' id='par_1_23' title="bbox 614 2009 2192 2083">
     <span class='ocr_line' id='line_1_23' title="bbox 614 2009 2192 2083; baseline -0.004 -12"><span class='ocrx_word' id='word_1_171' title='bbox 614 2032 703 2071; x_wconf 88' lang='lat' dir='ltr'><strong>ma</strong></span> <span class='ocrx_word' id='word_1_172' title='bbox 733 2032 879 2070; x_wconf 89' lang='lat' dir='ltr'><strong>nunc</strong></span> <span class='ocrx_word' id='word_1_173' title='bbox 910 2015 1138 2083; x_wconf 79' lang='lat' dir='ltr'><strong>positam</strong></span> <span class='ocrx_word' id='word_1_174' title='bbox 1171 2029 1293 2068; x_wconf 85' lang='lat' dir='ltr'><strong>esse</strong></span> <span class='ocrx_word' id='word_1_175' title='bbox 1324 2013 1576 2078; x_wconf 89' lang='lat' dir='ltr'><strong>senserit,</strong></span> <span class='ocrx_word' id='word_1_176' title='bbox 1608 2026 1705 2066; x_wconf 92' lang='lat' dir='ltr'><strong>nos</strong></span> <span class='ocrx_word' id='word_1_177' title='bbox 1731 2012 1781 2066; x_wconf 92' lang='lat' dir='ltr'><strong>id</strong></span> <span class='ocrx_word' id='word_1_178' title='bbox 1807 2010 1962 2065; x_wconf 86' lang='lat' dir='ltr'><strong>valde</strong></span> <span class='ocrx_word' id='word_1_179' title='bbox 1996 2009 2192 2080; x_wconf 88' lang='lat' dir='ltr'><strong>proba-</strong></span> 
     </span>
    </p>
   </div>
   <div class='ocr_carea' id='block_1_24' title="bbox 615 2103 2191 2174">
    <p class='ocr_par' dir='ltr' id='par_1_24' title="bbox 615 2103 2191 2174">
     <span class='ocr_line' id='line_1_24' title="bbox 615 2103 2191 2174; baseline -0.004 -11"><span class='ocrx_word' id='word_1_180' title='bbox 615 2123 757 2164; x_wconf 89' lang='lat' dir='ltr'><strong>mus.</strong></span> <span class='ocrx_word' id='word_1_181' title='bbox 797 2106 949 2161; x_wconf 81' lang='lat' dir='ltr'><strong>Multi</strong></span> <span class='ocrx_word' id='word_1_182' title='bbox 986 2107 1126 2161; x_wconf 89' lang='lat' dir='ltr'><strong>euim</strong></span> <span class='ocrx_word' id='word_1_183' title='bbox 1157 2115 1282 2160; x_wconf 80' lang='lat' dir='ltr'><strong>sunt</strong></span> <span class='ocrx_word' id='word_1_184' title='bbox 1320 2104 1510 2160; x_wconf 84' lang='lat' dir='ltr'><strong>ﬂentes</strong></span> <span class='ocrx_word' id='word_1_185' title='bbox 1539 2106 1590 2158; x_wconf 90' lang='lat' dir='ltr'><strong>in</strong></span> <span class='ocrx_word' id='word_1_186' title='bbox 1623 2103 1901 2167; x_wconf 84' lang='lat' dir='ltr'><strong>Ecclesiis,</strong></span> <span class='ocrx_word' id='word_1_187' title='bbox 1935 2103 2101 2174; x_wconf 78' lang='lat'><strong>806</strong></span> <span class='ocrx_word' id='word_1_188' title='bbox 2137 2111 2191 2156; x_wconf 92' lang='lat' dir='ltr'><strong>et</strong></span> 
     </span>
    </p>
   </div>
   <div class='ocr_carea' id='block_1_25' title="bbox 613 2196 2188 2267">
    <p class='ocr_par' dir='ltr' id='par_1_25' title="bbox 613 2196 2188 2267">
     <span class='ocr_line' id='line_1_25' title="bbox 613 2196 2188 2267; baseline -0.004 -12"><span class='ocrx_word' id='word_1_189' title='bbox 613 2202 797 2256; x_wconf 87' lang='lat' dir='ltr'><strong>tristes</strong></span> <span class='ocrx_word' id='word_1_190' title='bbox 827 2199 1121 2255; x_wconf 89' lang='lat' dir='ltr'><strong>secundum</strong></span> <span class='ocrx_word' id='word_1_191' title='bbox 1154 2199 1344 2262; x_wconf 89' lang='lat' dir='ltr'><strong>Deum,</strong></span> <span class='ocrx_word' id='word_1_192' title='bbox 1371 2213 1488 2265; x_wconf 76' lang='lat' dir='ltr'><strong>qua:</strong></span> <span class='ocrx_word' id='word_1_193' title='bbox 1508 2196 1739 2267; x_wconf 81' lang='lat' dir='ltr'><strong>quidem</strong></span> <span class='ocrx_word' id='word_1_194' title='bbox 1774 2196 1989 2249; x_wconf 91' lang='lat' dir='ltr'><strong>tristitia</strong></span> <span class='ocrx_word' id='word_1_195' title='bbox 2025 2213 2044 2246; x_wconf 84' lang='grc' dir='ltr'><strong>ι</strong></span> <span class='ocrx_word' id='word_1_196' title='bbox 2072 2209 2188 2264; x_wconf 76' lang='lat' dir='ltr'><strong>p03-</strong></span> 
     </span>
    </p>
   </div>
   <div class='ocr_carea' id='block_1_26' title="bbox 530 2286 2188 2359">
    <p class='ocr_par' dir='ltr' id='par_1_26' title="bbox 530 2286 2188 2359">
     <span class='ocr_line' id='line_1_26' title="bbox 530 2286 2188 2359; baseline -0.005 -11"><span class='ocrx_word' id='word_1_197' title='bbox 530 2354 537 2359; x_wconf 30' lang='lat'><strong>,</strong></span> <span class='ocrx_word' id='word_1_198' title='bbox 610 2292 891 2347; x_wconf 81' lang='lat' dir='ltr'><strong>nitentiatn</strong></span> <span class='ocrx_word' id='word_1_199' title='bbox 930 2291 982 2345; x_wconf 92' lang='lat' dir='ltr'><strong>in</strong></span> <span class='ocrx_word' id='word_1_200' title='bbox 1015 2290 1244 2344; x_wconf 78' lang='lat' dir='ltr'><strong>salutem</strong></span> <span class='ocrx_word' id='word_1_201' title='bbox 1279 2288 1529 2344; x_wconf 84' lang='lat' dir='ltr'><strong>stabilem</strong></span> <span class='ocrx_word' id='word_1_202' title='bbox 1567 2296 1826 2356; x_wconf 89' lang='lat' dir='ltr'><strong>operatur</strong></span> <span class='ocrx_word' id='word_1_203' title='bbox 1852 2287 1918 2338; x_wconf 76' lang='lat'><strong>“.</strong></span> <span class='ocrx_word' id='word_1_204' title='bbox 1967 2305 1985 2337; x_wconf 78' lang='grc' dir='ltr'><strong>ι</strong></span> <span class='ocrx_word' id='word_1_205' title='bbox 2024 2286 2188 2340; x_wconf 86' lang='lat' dir='ltr'><strong>Com-</strong></span> 
     </span>
    </p>
   </div>
   <div class='ocr_carea' id='block_1_27' title="bbox 610 2377 2187 2452">
    <p class='ocr_par' dir='ltr' id='par_1_27' title="bbox 610 2377 2187 2452">
     <span class='ocr_line' id='line_1_27' title="bbox 610 2377 2187 2452; baseline -0.008 -12"><span class='ocrx_word' id='word_1_206' title='bbox 610 2385 831 2440; x_wconf 88' lang='lat' dir='ltr'><strong>mendat</strong></span> <span class='ocrx_word' id='word_1_207' title='bbox 884 2384 1018 2438; x_wconf 87' lang='lat' dir='ltr'><strong>tales</strong></span> <span class='ocrx_word' id='word_1_208' title='bbox 1061 2384 1225 2436; x_wconf 87' lang='lat' dir='ltr'><strong>etiam</strong></span> <span class='ocrx_word' id='word_1_209' title='bbox 1257 2382 1375 2452; x_wconf 84' lang='lat' dir='ltr'><strong>ipse</strong></span> <span class='ocrx_word' id='word_1_210' title='bbox 1408 2380 1703 2435; x_wconf 85' lang='lat' dir='ltr'><strong>Christus:</strong></span> <span class='ocrx_word' id='word_1_211' title='bbox 1741 2396 1760 2428; x_wconf 85' lang='grc' dir='ltr'><strong>ι</strong></span> <span class='ocrx_word' id='word_1_212' title='bbox 1803 2377 1953 2431; x_wconf 88' lang='lat' dir='ltr'><strong>Beati</strong></span> <span class='ocrx_word' id='word_1_213' title='bbox 1991 2378 2080 2445; x_wconf 90' lang='lat' dir='ltr'><strong>qui</strong></span> <span class='ocrx_word' id='word_1_214' title='bbox 2106 2378 2187 2429; x_wconf 88' lang='lat' dir='ltr'><strong>Iu-</strong></span> 
     </span>
    </p>
   </div>
   <div class='ocr_carea' id='block_1_28' title="bbox 608 2468 2187 2545">
    <p class='ocr_par' dir='ltr' id='par_1_28' title="bbox 608 2468 2187 2545">
     <span class='ocr_line' id='line_1_28' title="bbox 608 2468 2187 2545; baseline -0.006 -16"><span class='ocrx_word' id='word_1_215' title='bbox 608 2484 756 2545; x_wconf 73' lang='lat' dir='ltr'><strong>gent,</strong></span> <span class='ocrx_word' id='word_1_216' title='bbox 781 2474 1034 2544; x_wconf 88' lang='lat' dir='ltr'><strong>quoniam</strong></span> <span class='ocrx_word' id='word_1_217' title='bbox 1086 2474 1186 2542; x_wconf 86' lang='lat' dir='ltr'><strong>ipsi</strong></span> <span class='ocrx_word' id='word_1_218' title='bbox 1237 2471 1661 2526; x_wconf 86' lang='lat' dir='ltr'><strong>consolabuntur</strong></span> <span class='ocrx_word' id='word_1_219' title='bbox 1683 2469 1754 2522; x_wconf 79' lang='grc'><strong>⁸⁵.</strong></span> <span class='ocrx_word' id='word_1_220' title='bbox 1801 2486 1819 2519; x_wconf 81' lang='grc' dir='ltr'><strong>ι</strong></span> <span class='ocrx_word' id='word_1_221' title='bbox 1859 2468 1923 2521; x_wconf 86' lang='lat' dir='ltr'><strong>Et</strong></span> <span class='ocrx_word' id='word_1_222' title='bbox 1950 2468 2145 2521; x_wconf 87' lang='lat' dir='ltr'><strong>iterum</strong></span> <span class='ocrx_word' id='word_1_223' title='bbox 2173 2484 2187 2520; x_wconf 75' lang='grc' dir='ltr'><strong>ι</strong></span> 
     </span>
    </p>
   </div>
   <div class='ocr_carea' id='block_1_29' title="bbox 614 2557 2187 2634">
    <p class='ocr_par' dir='ltr' id='par_1_29' title="bbox 614 2557 2187 2634">
     <span class='ocr_line' id='line_1_29' title="bbox 614 2557 2187 2634; baseline -0.006 -15"><span class='ocrx_word' id='word_1_224' title='bbox 614 2586 633 2619; x_wconf 79' lang='grc' dir='ltr'><strong>ι</strong></span> <span class='ocrx_word' id='word_1_225' title='bbox 667 2566 817 2621; x_wconf 88' lang='lat' dir='ltr'><strong>Beati</strong></span> <span class='ocrx_word' id='word_1_226' title='bbox 859 2565 950 2634; x_wconf 90' lang='lat' dir='ltr'><strong>qui</strong></span> <span class='ocrx_word' id='word_1_227' title='bbox 1001 2578 1142 2617; x_wconf 89' lang='lat' dir='ltr'><strong>nunc</strong></span> <span class='ocrx_word' id='word_1_228' title='bbox 1184 2560 1349 2626; x_wconf 82' lang='lat' dir='ltr'><strong>ﬂetis,</strong></span> <span class='ocrx_word' id='word_1_229' title='bbox 1390 2561 1515 2630; x_wconf 88' lang='lat' dir='ltr'><strong>quia</strong></span> <span class='ocrx_word' id='word_1_230' title='bbox 1546 2559 1791 2614; x_wconf 85' lang='lat' dir='ltr'><strong>ridebitis</strong></span> <span class='ocrx_word' id='word_1_231' title='bbox 1820 2558 1887 2613; x_wconf 81' lang='lat'><strong>&quot;.</strong></span> <span class='ocrx_word' id='word_1_232' title='bbox 1920 2578 1939 2611; x_wconf 87' lang='grc'><strong>›</strong></span> <span class='ocrx_word' id='word_1_233' title='bbox 1984 2557 2187 2623; x_wconf 82' lang='lat' dir='ltr'><strong>Quaru-</strong></span> 
     </span>
    </p>
   </div>
   <div class='ocr_carea' id='block_1_30' title="bbox 608 2649 2185 2727">
    <p class='ocr_par' dir='ltr' id='par_1_30' title="bbox 608 2649 2185 2727">
     <span class='ocr_line' id='line_1_30' title="bbox 608 2649 2185 2727; baseline -0.009 -12"><span class='ocrx_word' id='word_1_234' title='bbox 608 2662 817 2723; x_wconf 89' lang='lat' dir='ltr'><strong>obrem,</strong></span> <span class='ocrx_word' id='word_1_235' title='bbox 846 2656 1092 2727; x_wconf 82' lang='lat' dir='ltr'><strong>quamvis</strong></span> <span class='ocrx_word' id='word_1_236' title='bbox 1126 2656 1292 2708; x_wconf 65' lang='lat' dir='ltr'><strong>[tanta</strong></span> <span class='ocrx_word' id='word_1_237' title='bbox 1329 2670 1357 2706; x_wconf 88' lang='lat' dir='ltr'><strong>a</strong></span> <span class='ocrx_word' id='word_1_238' title='bbox 1398 2653 1658 2722; x_wconf 80' lang='lat' dir='ltr'><strong>prapheta</strong></span> <span class='ocrx_word' id='word_1_239' title='bbox 1685 2651 1899 2705; x_wconf 88' lang='lat' dir='ltr'><strong>dicatur</strong></span> <span class='ocrx_word' id='word_1_240' title='bbox 1924 2649 2185 2713; x_wconf 85' lang='lat' dir='ltr'><strong>Ecclesia,</strong></span> 
     </span>
    </p>
   </div>
   <div class='ocr_carea' id='block_1_31' title="bbox 607 2741 2187 2806">
    <p class='ocr_par' dir='ltr' id='par_1_31' title="bbox 607 2741 2187 2806">
     <span class='ocr_line' id='line_1_31' title="bbox 607 2741 2187 2806; baseline -0.008 -1"><span class='ocrx_word' id='word_1_241' title='bbox 607 2752 774 2806; x_wconf 86' lang='lat' dir='ltr'><strong>etiam</strong></span> <span class='ocrx_word' id='word_1_242' title='bbox 803 2750 885 2804; x_wconf 89' lang='lat' dir='ltr'><strong>sic</strong></span> <span class='ocrx_word' id='word_1_243' title='bbox 919 2747 1334 2804; x_wconf 88' lang='lat' dir='ltr'><strong>verisimilitudo</strong></span> <span class='ocrx_word' id='word_1_244' title='bbox 1362 2746 1688 2799; x_wconf 79' lang='lat' dir='ltr'><strong>servabitur.</strong></span> <span class='ocrx_word' id='word_1_245' title='bbox 1717 2741 2100 2798; x_wconf 80' lang='lat' dir='ltr'><strong>Verumtamen</strong></span> <span class='ocrx_word' id='word_1_246' title='bbox 2134 2742 2187 2794; x_wconf 90' lang='lat' dir='ltr'><strong>in</strong></span> 
     </span>
    </p>
   </div>
   <div class='ocr_carea' id='block_1_32' title="bbox 607 2834 2187 2905">
    <p class='ocr_par' dir='ltr' id='par_1_32' title="bbox 607 2834 2187 2905">
     <span class='ocr_line' id='line_1_32' title="bbox 607 2834 2187 2905; baseline -0.006 -10"><span class='ocrx_word' id='word_1_247' title='bbox 607 2841 727 2896; x_wconf 91' lang='lat' dir='ltr'><strong>loco</strong></span> <span class='ocrx_word' id='word_1_248' title='bbox 782 2856 1092 2896; x_wconf 86' lang='lat' dir='ltr'><strong>mansuram</strong></span> <span class='ocrx_word' id='word_1_249' title='bbox 1150 2840 1261 2905; x_wconf 86' lang='lat' dir='ltr'><strong>ait,</strong></span> <span class='ocrx_word' id='word_1_250' title='bbox 1315 2841 1416 2894; x_wconf 85' lang='lat' dir='ltr'><strong>hoc</strong></span> <span class='ocrx_word' id='word_1_251' title='bbox 1452 2851 1569 2902; x_wconf 85' lang='lat' dir='ltr'><strong>est,</strong></span> <span class='ocrx_word' id='word_1_252' title='bbox 1618 2852 1723 2891; x_wconf 92' lang='lat' dir='ltr'><strong>non</strong></span> <span class='ocrx_word' id='word_1_253' title='bbox 1786 2835 2045 2905; x_wconf 82' lang='lat' dir='ltr'><strong>agitatum</strong></span> <span class='ocrx_word' id='word_1_254' title='bbox 2098 2834 2187 2888; x_wconf 92' lang='lat' dir='ltr'><strong>iri.</strong></span> 
     </span>
    </p>
   </div>
   <div class='ocr_carea' id='block_1_33' title="bbox 608 2925 2185 2997">
    <p class='ocr_par' dir='ltr' id='par_1_33' title="bbox 608 2925 2185 2997">
     <span class='ocr_line' id='line_1_33' title="bbox 608 2925 2185 2997; baseline -0.008 -8"><span class='ocrx_word' id='word_1_255' title='bbox 608 2933 853 2989; x_wconf 86' lang='lat' dir='ltr'><strong>Firmata</strong></span> <span class='ocrx_word' id='word_1_256' title='bbox 886 2933 1053 2997; x_wconf 89' lang='lat' dir='ltr'><strong>enim,</strong></span> <span class='ocrx_word' id='word_1_257' title='bbox 1099 2942 1154 2984; x_wconf 92' lang='lat' dir='ltr'><strong>ut</strong></span> <span class='ocrx_word' id='word_1_258' title='bbox 1200 2931 1333 2996; x_wconf 81' lang='lat' dir='ltr'><strong>dixi,</strong></span> <span class='ocrx_word' id='word_1_259' title='bbox 1365 2940 1419 2985; x_wconf 93' lang='lat' dir='ltr'><strong>et</strong></span> <span class='ocrx_word' id='word_1_260' title='bbox 1475 2927 1767 2984; x_wconf 89' lang='lat' dir='ltr'><strong>immobilis</strong></span> <span class='ocrx_word' id='word_1_261' title='bbox 1813 2936 1895 2980; x_wconf 85' lang='lat' dir='ltr'><strong>est</strong></span> <span class='ocrx_word' id='word_1_262' title='bbox 1946 2925 2185 2979; x_wconf 83' lang='lat' dir='ltr'><strong>Ecclesia</strong></span> 
     </span>
    </p>
   </div>
   <div class='ocr_carea' id='block_1_34' title="bbox 605 3023 833 3079">
    <p class='ocr_par' dir='ltr' id='par_1_34' title="bbox 605 3023 833 3079">
     <span class='ocr_line' id='line_1_34' title="bbox 605 3023 833 3079; baseline 0.004 -1"><span class='ocrx_word' id='word_1_263' title='bbox 605 3023 833 3079; x_wconf 87' lang='lat' dir='ltr'><strong>Christi.</strong></span> 
     </span>
    </p>
   </div>
   <div class='ocr_carea' id='block_1_35' title="bbox 2308 635 3893 712">
    <p class='ocr_par' dir='ltr' id='par_1_35' title="bbox 2308 635 3893 712">
     <span class='ocr_line' id='line_1_35' title="bbox 2308 635 3893 712; baseline -0.004 -20"><span class='ocrx_word' id='word_1_264' title='bbox 2308 661 2326 692; x_wconf 83' lang='lat' dir='ltr'><strong>t</strong></span> <span class='ocrx_word' id='word_1_265' title='bbox 2378 642 2556 712; x_wconf 89' lang='grc' dir='ltr'>Ῥαμὰ</span> <span class='ocrx_word' id='word_1_266' title='bbox 2574 641 2631 693; x_wconf 79' lang='grc' dir='ltr'>δὲ</span> <span class='ocrx_word' id='word_1_267' title='bbox 2668 640 2763 692; x_wconf 70' lang='grc' dir='ltr'><strong>ἐπὶ</strong></span> <span class='ocrx_word' id='word_1_268' title='bbox 2787 639 2953 693; x_wconf 80' lang='grc' dir='ltr'>τόπου</span> <span class='ocrx_word' id='word_1_269' title='bbox 2987 642 3158 710; x_wconf 89' lang='grc' dir='ltr'>μενεῖ,</span> <span class='ocrx_word' id='word_1_270' title='bbox 3189 657 3207 690; x_wconf 84' lang='grc' dir='ltr'><strong>ι</strong></span> <span class='ocrx_word' id='word_1_271' title='bbox 3268 636 3431 690; x_wconf 87' lang='grc' dir='ltr'>πάλιν</span> <span class='ocrx_word' id='word_1_272' title='bbox 3459 635 3636 689; x_wconf 71' lang='grc' dir='ltr'>ἐκεῖνό</span> <span class='ocrx_word' id='word_1_273' title='bbox 3665 651 3855 704; x_wconf 77' lang='grc' dir='ltr'>φαμεν</span> <span class='ocrx_word' id='word_1_274' title='bbox 3878 678 3893 700; x_wconf 88' lang='grc'><strong>,</strong></span> 
     </span>
    </p>
   </div>
   <div class='ocr_carea' id='block_1_36' title="bbox 2300 726 3893 803">
    <p class='ocr_par' dir='ltr' id='par_1_36' title="bbox 2300 726 3893 803">
     <span class='ocr_line' id='line_1_36' title="bbox 2300 726 3893 803; baseline -0.005 -17"><span class='ocrx_word' id='word_1_275' title='bbox 2300 735 2398 797; x_wconf 81' lang='grc' dir='ltr'><strong>τὰς</strong></span> <span class='ocrx_word' id='word_1_276' title='bbox 2431 734 2538 787; x_wconf 83' lang='grc' dir='ltr'><strong>τῶν</strong></span> <span class='ocrx_word' id='word_1_277' title='bbox 2569 734 2948 803; x_wconf 83' lang='grc' dir='ltr'>προκειμένων</span> <span class='ocrx_word' id='word_1_278' title='bbox 2995 731 3225 797; x_wconf 79' lang='grc' dir='ltr'>ἐννοίας,</span> <span class='ocrx_word' id='word_1_279' title='bbox 3256 731 3331 793; x_wconf 76' lang='grc' dir='ltr'><strong>ὡς</strong></span> <span class='ocrx_word' id='word_1_280' title='bbox 3373 729 3474 792; x_wconf 71' lang='grc' dir='ltr'>ἔνι,</span> <span class='ocrx_word' id='word_1_281' title='bbox 3500 726 3893 800; x_wconf 77' lang='grc' dir='ltr'><strong>διερμηνεύον⁹</strong></span> 
     </span>
    </p>
   </div>
   <div class='ocr_carea' id='block_1_37' title="bbox 2298 820 3897 897">
    <p class='ocr_par' dir='ltr' id='par_1_37' title="bbox 2298 820 3897 897">
     <span class='ocr_line' id='line_1_37' title="bbox 2298 820 3897 897; baseline -0.004 -19"><span class='ocrx_word' id='word_1_282' title='bbox 2298 844 2410 888; x_wconf 88' lang='grc' dir='ltr'>τες.</span> <span class='ocrx_word' id='word_1_283' title='bbox 2462 826 2641 895; x_wconf 85' lang='grc' dir='ltr'>Ῥαμὰ</span> <span class='ocrx_word' id='word_1_284' title='bbox 2689 825 2914 897; x_wconf 77' lang='grc' dir='ltr'>πολίχνη</span> <span class='ocrx_word' id='word_1_285' title='bbox 2943 826 3023 888; x_wconf 82' lang='grc' dir='ltr'><strong>τίς</strong></span> <span class='ocrx_word' id='word_1_286' title='bbox 3057 826 3227 887; x_wconf 76' lang='grc' dir='ltr'>ἐστιν,</span> <span class='ocrx_word' id='word_1_287' title='bbox 3279 824 3394 894; x_wconf 71' lang='grc' dir='ltr'>ἤτοι</span> <span class='ocrx_word' id='word_1_288' title='bbox 3440 822 3631 892; x_wconf 83' lang='grc' dir='ltr'>κώμη,</span> <span class='ocrx_word' id='word_1_289' title='bbox 3684 820 3897 890; x_wconf 78' lang='grc' dir='ltr'>κλῆρος</span> 
     </span>
    </p>
   </div>
   <div class='ocr_carea' id='block_1_38' title="bbox 2298 914 3894 988">
    <p class='ocr_par' dir='ltr' id='par_1_38' title="bbox 2298 914 3894 988">
     <span class='ocr_line' id='line_1_38' title="bbox 2298 914 3894 988; baseline -0.003 -18"><span class='ocrx_word' id='word_1_290' title='bbox 2298 918 2354 970; x_wconf 87' lang='grc' dir='ltr'>δὲ</span> <span class='ocrx_word' id='word_1_291' title='bbox 2383 920 2495 981; x_wconf 82' lang='grc' dir='ltr'>τοῖς</span> <span class='ocrx_word' id='word_1_292' title='bbox 2530 920 2593 971; x_wconf 80' lang='grc' dir='ltr'>ὲκ</span> <span class='ocrx_word' id='word_1_293' title='bbox 2627 918 2799 985; x_wconf 79' lang='grc' dir='ltr'>φυλῆς</span> <span class='ocrx_word' id='word_1_294' title='bbox 2839 919 3030 988; x_wconf 79' lang='grc' dir='ltr'>Ἀσήρ.</span> <span class='ocrx_word' id='word_1_295' title='bbox 3072 919 3181 972; x_wconf 75' lang='grc' dir='ltr'>Καὶ</span> <span class='ocrx_word' id='word_1_296' title='bbox 3214 917 3374 988; x_wconf 82' lang='grc' dir='ltr'>ἑτέρα</span> <span class='ocrx_word' id='word_1_297' title='bbox 3406 917 3543 987; x_wconf 85' lang='grc' dir='ltr'>πρὸς</span> <span class='ocrx_word' id='word_1_298' title='bbox 3572 916 3753 986; x_wconf 80' lang='grc' dir='ltr'>ταύτῃ</span> <span class='ocrx_word' id='word_1_299' title='bbox 3785 914 3894 966; x_wconf 83' lang='grc' dir='ltr'><strong>τῶν</strong></span> 
     </span>
    </p>
   </div>
   <div class='ocr_carea' id='block_1_39' title="bbox 2297 1005 3893 1077">
    <p class='ocr_par' dir='ltr' id='par_1_39' title="bbox 2297 1005 3893 1077">
     <span class='ocr_line' id='line_1_39' title="bbox 2297 1005 3893 1077; baseline -0.003 -18"><span class='ocrx_word' id='word_1_300' title='bbox 2297 1009 2361 1059; x_wconf 78' lang='grc' dir='ltr'>ἐκ</span> <span class='ocrx_word' id='word_1_301' title='bbox 2387 1007 2559 1077; x_wconf 78' lang='grc' dir='ltr'>φυλῆς</span> <span class='ocrx_word' id='word_1_302' title='bbox 2591 1007 2928 1077; x_wconf 78' lang='grc' dir='ltr'>Νεφθαλείμ’</span> <span class='ocrx_word' id='word_1_303' title='bbox 2975 1008 3345 1077; x_wconf 84' lang='grc' dir='ltr'>διαμέμνηται</span> <span class='ocrx_word' id='word_1_304' title='bbox 3378 1006 3434 1058; x_wconf 82' lang='grc' dir='ltr'>δὲ</span> <span class='ocrx_word' id='word_1_305' title='bbox 3462 1006 3555 1059; x_wconf 68' lang='grc' dir='ltr'><strong>καὶ</strong></span> <span class='ocrx_word' id='word_1_306' title='bbox 3597 1005 3893 1075; x_wconf 73' lang='grc' dir='ltr'><strong>προφήτης</strong></span> 
     </span>
    </p>
   </div>
   <div class='ocr_carea' id='block_1_40' title="bbox 2299 1097 3891 1171">
    <p class='ocr_par' dir='ltr' id='par_1_40' title="bbox 2299 1097 3891 1171">
     <span class='ocr_line' id='line_1_40' title="bbox 2299 1097 3891 1171; baseline -0.002 -20"><span class='ocrx_word' id='word_1_307' title='bbox 2299 1099 2452 1167; x_wconf 74' lang='grc' dir='ltr'>ἅγιος</span> <span class='ocrx_word' id='word_1_308' title='bbox 2482 1100 2515 1171; x_wconf 78' lang='grc' dir='ltr'>ἦ</span> <span class='ocrx_word' id='word_1_309' title='bbox 2543 1097 2749 1152; x_wconf 88' lang='grc' dir='ltr'>τούτων</span> <span class='ocrx_word' id='word_1_310' title='bbox 2770 1100 2919 1168; x_wconf 80' lang='grc' dir='ltr'>μιᾶς,</span> <span class='ocrx_word' id='word_1_311' title='bbox 2942 1100 3108 1170; x_wconf 76' lang='grc' dir='ltr'>ἡγουν</span> <span class='ocrx_word' id='word_1_312' title='bbox 3131 1098 3324 1169; x_wconf 79' lang='grc' dir='ltr'>ἐτέρας</span> <span class='ocrx_word' id='word_1_313' title='bbox 3355 1098 3553 1167; x_wconf 84' lang='grc' dir='ltr'>Ῥαμά.</span> <span class='ocrx_word' id='word_1_314' title='bbox 3576 1097 3723 1166; x_wconf 86' lang='grc' dir='ltr'><strong>Ἔφη</strong></span> <span class='ocrx_word' id='word_1_315' title='bbox 3756 1097 3891 1164; x_wconf 81' lang='grc' dir='ltr'>γὰρ,</span> 
     </span>
    </p>
   </div>
   <div class='ocr_carea' id='block_1_41' title="bbox 2296 1187 3896 1261">
    <p class='ocr_par' dir='ltr' id='par_1_41' title="bbox 2296 1187 3896 1261">
     <span class='ocr_line' id='line_1_41' title="bbox 2296 1187 3896 1261; baseline -0.003 -17"><span class='ocrx_word' id='word_1_316' title='bbox 2296 1192 2378 1244; x_wconf 84' lang='grc' dir='ltr'>ὅτι</span> <span class='ocrx_word' id='word_1_317' title='bbox 2414 1210 2431 1241; x_wconf 84' lang='grc' dir='ltr'><strong>ι</strong></span> <span class='ocrx_word' id='word_1_318' title='bbox 2461 1190 2616 1261; x_wconf 81' lang='grc' dir='ltr'>Φωνὴ</span> <span class='ocrx_word' id='word_1_319' title='bbox 2652 1191 2710 1245; x_wconf 81' lang='grc' dir='ltr'><strong>ὲν</strong></span> <span class='ocrx_word' id='word_1_320' title='bbox 2737 1189 2919 1261; x_wconf 89' lang='grc' dir='ltr'><strong>Ῥαμά</strong></span> <span class='ocrx_word' id='word_1_321' title='bbox 2944 1190 3214 1261; x_wconf 76' lang='grc' dir='ltr'>ἠκούσθη,</span> <span class='ocrx_word' id='word_1_322' title='bbox 3250 1189 3447 1261; x_wconf 84' lang='grc' dir='ltr'>θρῆνος</span> <span class='ocrx_word' id='word_1_323' title='bbox 3480 1190 3572 1243; x_wconf 77' lang='grc' dir='ltr'>καὶ</span> <span class='ocrx_word' id='word_1_324' title='bbox 3602 1187 3896 1256; x_wconf 80' lang='grc' dir='ltr'>κλαυθμὸς</span> 
     </span>
    </p>
   </div>
   <div class='ocr_carea' id='block_1_42' title="bbox 2296 1282 3895 1355">
    <p class='ocr_par' dir='ltr' id='par_1_42' title="bbox 2296 1282 3895 1355">
     <span class='ocr_line' id='line_1_42' title="bbox 2296 1282 3895 1355; baseline -0.003 -19"><span class='ocrx_word' id='word_1_325' title='bbox 2296 1284 2391 1337; x_wconf 73' lang='grc' dir='ltr'><strong>καὶ</strong></span> <span class='ocrx_word' id='word_1_326' title='bbox 2422 1283 2653 1355; x_wconf 75' lang='grc' dir='ltr'><strong>ὀδυρμὸς</strong></span> <span class='ocrx_word' id='word_1_327' title='bbox 2712 1282 2899 1346; x_wconf 86' lang='grc' dir='ltr'>πολύς.</span> <span class='ocrx_word' id='word_1_328' title='bbox 2949 1283 3150 1354; x_wconf 83' lang='grc' dir='ltr'>Ῥαχὴλ</span> <span class='ocrx_word' id='word_1_329' title='bbox 3200 1282 3607 1352; x_wconf 85' lang='grc' dir='ltr'>ἀποκλαιομένη</span> <span class='ocrx_word' id='word_1_330' title='bbox 3643 1282 3739 1335; x_wconf 74' lang='grc' dir='ltr'><strong>ἐπὶ</strong></span> <span class='ocrx_word' id='word_1_331' title='bbox 3778 1282 3895 1341; x_wconf 84' lang='grc' dir='ltr'>τοῖς</span> 
     </span>
    </p>
   </div>
   <div class='ocr_carea' id='block_1_43' title="bbox 2297 1372 3894 1446">
    <p class='ocr_par' dir='ltr' id='par_1_43' title="bbox 2297 1372 3894 1446">
     <span class='ocr_line' id='line_1_43' title="bbox 2297 1372 3894 1446; baseline -0.001 -20"><span class='ocrx_word' id='word_1_332' title='bbox 2297 1376 2436 1438; x_wconf 71' lang='grc' dir='ltr'>υἱοῖς</span> <span class='ocrx_word' id='word_1_333' title='bbox 2466 1374 2657 1444; x_wconf 80' lang='grc' dir='ltr'>αὐτῆς,</span> <span class='ocrx_word' id='word_1_334' title='bbox 2698 1375 2793 1428; x_wconf 73' lang='grc' dir='ltr'>καὶ</span> <span class='ocrx_word' id='word_1_335' title='bbox 2828 1375 2933 1428; x_wconf 78' lang='grc' dir='ltr'>οὐκ</span> <span class='ocrx_word' id='word_1_336' title='bbox 2969 1375 3127 1446; x_wconf 69' lang='grc' dir='ltr'>ἤθελε</span> <span class='ocrx_word' id='word_1_337' title='bbox 3168 1374 3607 1445; x_wconf 76' lang='grc' dir='ltr'><strong>παρακληθῆναι,</strong></span> <span class='ocrx_word' id='word_1_338' title='bbox 3646 1374 3730 1428; x_wconf 82' lang='grc' dir='ltr'>ὅτι</span> <span class='ocrx_word' id='word_1_339' title='bbox 3793 1372 3894 1424; x_wconf 80' lang='grc' dir='ltr'><strong>ούκ</strong></span> 
     </span>
    </p>
   </div>
   <div class='ocr_carea' id='block_1_44' title="bbox 2296 1465 3893 1537">
    <p class='ocr_par' dir='ltr' id='par_1_44' title="bbox 2296 1465 3893 1537">
     <span class='ocr_line' id='line_1_44' title="bbox 2296 1465 3893 1537; baseline -0.001 -19"><span class='ocrx_word' id='word_1_340' title='bbox 2296 1466 2423 1519; x_wconf 77' lang='grc' dir='ltr'>εἰσί.</span> <span class='ocrx_word' id='word_1_341' title='bbox 2469 1485 2489 1518; x_wconf 77' lang='grc' dir='ltr'><strong>ι</strong></span> <span class='ocrx_word' id='word_1_342' title='bbox 2526 1465 2699 1520; x_wconf 78' lang='grc' dir='ltr'>Τοῦτο</span> <span class='ocrx_word' id='word_1_343' title='bbox 2718 1466 3037 1537; x_wconf 78' lang='grc' dir='ltr'>πεπρᾶχθαι</span> <span class='ocrx_word' id='word_1_344' title='bbox 3067 1468 3245 1537; x_wconf 79' lang='grc' dir='ltr'>φαμὲν</span> <span class='ocrx_word' id='word_1_345' title='bbox 3272 1466 3414 1520; x_wconf 84' lang='grc' dir='ltr'>κατὰ</span> <span class='ocrx_word' id='word_1_346' title='bbox 3441 1467 3539 1537; x_wconf 80' lang='grc' dir='ltr'><strong>τὴν</strong></span> <span class='ocrx_word' id='word_1_347' title='bbox 3589 1465 3854 1536; x_wconf 79' lang='grc' dir='ltr'>Βηθλεὲμ</span> <span class='ocrx_word' id='word_1_348' title='bbox 3875 1503 3893 1531; x_wconf 92' lang='grc'><strong>,</strong></span> 
     </span>
    </p>
   </div>
   <div class='ocr_carea' id='block_1_45' title="bbox 2309 1558 3890 1631">
    <p class='ocr_par' dir='ltr' id='par_1_45' title="bbox 2309 1558 3890 1631">
     <span class='ocr_line' id='line_1_45' title="bbox 2309 1558 3890 1631; baseline 0 -18"><span class='ocrx_word' id='word_1_349' title='bbox 2309 1558 2547 1631; x_wconf 82' lang='grc' dir='ltr'>Ἡρώδου</span> <span class='ocrx_word' id='word_1_350' title='bbox 2568 1562 2996 1631; x_wconf 82' lang='grc' dir='ltr'>προστεταχότος</span> <span class='ocrx_word' id='word_1_351' title='bbox 3016 1560 3083 1614; x_wconf 90' lang='grc' dir='ltr'><strong>τὰ</strong></span> <span class='ocrx_word' id='word_1_352' title='bbox 3099 1563 3156 1613; x_wconf 86' lang='grc' dir='ltr'>ὲν</span> <span class='ocrx_word' id='word_1_353' title='bbox 3177 1561 3314 1631; x_wconf 75' lang='grc' dir='ltr'>αὐτῇ</span> <span class='ocrx_word' id='word_1_354' title='bbox 3337 1559 3656 1628; x_wconf 81' lang='grc' dir='ltr'>φονεύεσθαι</span> <span class='ocrx_word' id='word_1_355' title='bbox 3676 1559 3890 1631; x_wconf 79' lang='grc' dir='ltr'>βρέφη.</span> 
     </span>
    </p>
   </div>
   <div class='ocr_carea' id='block_1_46' title="bbox 2308 1652 3894 1724">
    <p class='ocr_par' dir='ltr' id='par_1_46' title="bbox 2308 1652 3894 1724">
     <span class='ocr_line' id='line_1_46' title="bbox 2308 1652 3894 1724; baseline -0.001 -19"><span class='ocrx_word' id='word_1_356' title='bbox 2308 1653 2489 1722; x_wconf 85' lang='grc' dir='ltr'>Ῥαμὰ</span> <span class='ocrx_word' id='word_1_357' title='bbox 2519 1652 2696 1706; x_wconf 83' lang='grc' dir='ltr'>τοίνυν</span> <span class='ocrx_word' id='word_1_358' title='bbox 2725 1653 2979 1723; x_wconf 79' lang='grc' dir='ltr'>ὀνομάζει</span> <span class='ocrx_word' id='word_1_359' title='bbox 3008 1654 3109 1724; x_wconf 79' lang='grc' dir='ltr'><strong>τὴν</strong></span> <span class='ocrx_word' id='word_1_360' title='bbox 3137 1653 3507 1724; x_wconf 82' lang='grc' dir='ltr'>Ἰερουσαλὴμ,</span> <span class='ocrx_word' id='word_1_361' title='bbox 3529 1652 3693 1707; x_wconf 87' lang='grc' dir='ltr'>διάτοι</span> <span class='ocrx_word' id='word_1_362' title='bbox 3728 1652 3810 1705; x_wconf 77' lang='grc' dir='ltr'><strong>τὸ</strong></span> <span class='ocrx_word' id='word_1_363' title='bbox 3840 1654 3894 1704; x_wconf 77' lang='grc' dir='ltr'>ὲν</span> 
     </span>
    </p>
   </div>
   <div class='ocr_carea' id='block_1_47' title="bbox 2296 1744 3895 1814">
    <p class='ocr_par' dir='ltr' id='par_1_47' title="bbox 2296 1744 3895 1814">
     <span class='ocr_line' id='line_1_47' title="bbox 2296 1744 3895 1814; baseline -0.001 -16"><span class='ocrx_word' id='word_1_364' title='bbox 2296 1745 2435 1814; x_wconf 82' lang='grc' dir='ltr'>αὐτῇ</span> <span class='ocrx_word' id='word_1_365' title='bbox 2465 1744 2633 1797; x_wconf 83' lang='grc' dir='ltr'>πολὺν</span> <span class='ocrx_word' id='word_1_366' title='bbox 2678 1744 2931 1812; x_wconf 88' lang='grc' dir='ltr'>γενέσθαι</span> <span class='ocrx_word' id='word_1_367' title='bbox 2960 1745 3053 1797; x_wconf 73' lang='grc' dir='ltr'><strong>ἐπὶ</strong></span> <span class='ocrx_word' id='word_1_368' title='bbox 3111 1747 3177 1814; x_wconf 80' lang='grc' dir='ltr'>τῇ</span> <span class='ocrx_word' id='word_1_369' title='bbox 3218 1744 3418 1797; x_wconf 81' lang='grc' dir='ltr'>ἁλώσει</span> <span class='ocrx_word' id='word_1_370' title='bbox 3459 1744 3670 1814; x_wconf 84' lang='grc' dir='ltr'>θρῆνον·</span> <span class='ocrx_word' id='word_1_371' title='bbox 3697 1746 3895 1797; x_wconf 70' lang='grc' dir='ltr'>εἶσκε-</span> 
     </span>
    </p>
   </div>
   <div class='ocr_carea' id='block_1_48' title="bbox 2293 1834 3894 1906">
    <p class='ocr_par' dir='ltr' id='par_1_48' title="bbox 2293 1834 3894 1906">
     <span class='ocr_line' id='line_1_48' title="bbox 2293 1834 3894 1906; baseline -0.001 -17"><span class='ocrx_word' id='word_1_372' title='bbox 2293 1835 2488 1905; x_wconf 88' lang='grc' dir='ltr'>κόμικε</span> <span class='ocrx_word' id='word_1_373' title='bbox 2513 1836 2620 1905; x_wconf 88' lang='grc' dir='ltr'><strong>γὰρ</strong></span> <span class='ocrx_word' id='word_1_374' title='bbox 2656 1834 2825 1905; x_wconf 78' lang='grc' dir='ltr'>αὐτὴν</span> <span class='ocrx_word' id='word_1_375' title='bbox 2864 1837 2893 1887; x_wconf 86' lang='grc' dir='ltr'><strong>ό</strong></span> <span class='ocrx_word' id='word_1_376' title='bbox 2927 1836 3211 1906; x_wconf 57' lang='grc' dir='ltr'>προφήτης</span> <span class='ocrx_word' id='word_1_377' title='bbox 3262 1835 3532 1906; x_wconf 80' lang='grc' dir='ltr'>Ἱερεμίας</span> <span class='ocrx_word' id='word_1_378' title='bbox 3596 1835 3894 1906; x_wconf 76' lang='grc' dir='ltr'>μονονουχὶ</span> 
     </span>
    </p>
   </div>
   <div class='ocr_carea' id='block_1_49' title="bbox 2291 1925 3896 1997">
    <p class='ocr_par' dir='ltr' id='par_1_49' title="bbox 2291 1925 3896 1997">
     <span class='ocr_line' id='line_1_49' title="bbox 2291 1925 3896 1997; baseline 0.001 -19"><span class='ocrx_word' id='word_1_379' title='bbox 2291 1925 2636 1997; x_wconf 75' lang='grc' dir='ltr'>δακρύουσαν</span> <span class='ocrx_word' id='word_1_380' title='bbox 2664 1943 2723 1981; x_wconf 90' lang='grc' dir='ltr'><strong>τε</strong></span> <span class='ocrx_word' id='word_1_381' title='bbox 2748 1927 2840 1980; x_wconf 74' lang='grc' dir='ltr'><strong>καὶ</strong></span> <span class='ocrx_word' id='word_1_382' title='bbox 2887 1929 3000 1990; x_wconf 86' lang='grc' dir='ltr'>τοῖς</span> <span class='ocrx_word' id='word_1_383' title='bbox 3039 1928 3190 1991; x_wconf 89' lang='grc' dir='ltr'>ίδίοις</span> <span class='ocrx_word' id='word_1_384' title='bbox 3246 1926 3582 1981; x_wconf 84' lang='grc' dir='ltr'>ἀπολωλόσιν</span> <span class='ocrx_word' id='word_1_385' title='bbox 3636 1926 3896 1996; x_wconf 77' lang='grc' dir='ltr'>ἐποιμὼ·</span> 
     </span>
    </p>
   </div>
   <div class='ocr_carea' id='block_1_50' title="bbox 2292 2013 3892 2087">
    <p class='ocr_par' dir='ltr' id='par_1_50' title="bbox 2292 2013 3892 2087">
     <span class='ocr_line' id='line_1_50' title="bbox 2292 2013 3892 2087; baseline 0.001 -18"><span class='ocrx_word' id='word_1_386' title='bbox 2292 2013 2492 2078; x_wconf 79' lang='grc' dir='ltr'>ζουσαν</span> <span class='ocrx_word' id='word_1_387' title='bbox 2523 2016 2750 2081; x_wconf 89' lang='grc' dir='ltr'>τέκνοις.</span> <span class='ocrx_word' id='word_1_388' title='bbox 2790 2016 2937 2087; x_wconf 82' lang='grc' dir='ltr'><strong>Ἔφη</strong></span> <span class='ocrx_word' id='word_1_389' title='bbox 2987 2017 3131 2087; x_wconf 84' lang='grc' dir='ltr'>γὰρ,</span> <span class='ocrx_word' id='word_1_390' title='bbox 3178 2019 3261 2071; x_wconf 84' lang='grc' dir='ltr'>ὅτι</span> <span class='ocrx_word' id='word_1_391' title='bbox 3314 2037 3333 2068; x_wconf 87' lang='grc' dir='ltr'><strong>ι</strong></span> <span class='ocrx_word' id='word_1_392' title='bbox 3372 2017 3647 2071; x_wconf 85' lang='grc' dir='ltr'>Κλαίουσα</span> <span class='ocrx_word' id='word_1_393' title='bbox 3690 2016 3892 2071; x_wconf 75' lang='grc' dir='ltr'>ἔκλαιε</span> 
     </span>
    </p>
   </div>
   <div class='ocr_carea' id='block_1_51' title="bbox 2295 2108 3893 2180">
    <p class='ocr_par' dir='ltr' id='par_1_51' title="bbox 2295 2108 3893 2180">
     <span class='ocr_line' id='line_1_51' title="bbox 2295 2108 3893 2180; baseline 0.001 -17"><span class='ocrx_word' id='word_1_394' title='bbox 2295 2109 2472 2172; x_wconf 72' lang='grc' dir='ltr'>νυκτὶ,</span> <span class='ocrx_word' id='word_1_395' title='bbox 2499 2109 2594 2162; x_wconf 74' lang='grc' dir='ltr'><strong>καὶ</strong></span> <span class='ocrx_word' id='word_1_396' title='bbox 2626 2109 2695 2162; x_wconf 83' lang='grc' dir='ltr'><strong>τὰ</strong></span> <span class='ocrx_word' id='word_1_397' title='bbox 2738 2108 2947 2173; x_wconf 87' lang='grc' dir='ltr'>δάκρυα</span> <span class='ocrx_word' id='word_1_398' title='bbox 2978 2111 3149 2180; x_wconf 81' lang='grc' dir='ltr'>αὐτῆς</span> <span class='ocrx_word' id='word_1_399' title='bbox 3176 2110 3268 2164; x_wconf 76' lang='grc' dir='ltr'><strong>ἐπὶ</strong></span> <span class='ocrx_word' id='word_1_400' title='bbox 3320 2109 3431 2164; x_wconf 81' lang='grc' dir='ltr'>τῶν</span> <span class='ocrx_word' id='word_1_401' title='bbox 3467 2112 3722 2179; x_wconf 83' lang='grc' dir='ltr'>σιαγόνων</span> <span class='ocrx_word' id='word_1_402' title='bbox 3785 2111 3893 2164; x_wconf 81' lang='grc' dir='ltr'>αύ-</span> 
     </span>
    </p>
   </div>
   <div class='ocr_carea' id='block_1_52' title="bbox 2294 2198 3891 2275">
    <p class='ocr_par' dir='ltr' id='par_1_52' title="bbox 2294 2198 3891 2275">
     <span class='ocr_line' id='line_1_52' title="bbox 2294 2198 3891 2275; baseline 0 -20"><span class='ocrx_word' id='word_1_403' title='bbox 2294 2204 2412 2273; x_wconf 85' lang='grc' dir='ltr'><strong>τῆς.</strong></span> <span class='ocrx_word' id='word_1_404' title='bbox 2450 2221 2467 2253; x_wconf 86' lang='grc' dir='ltr'><strong>ι</strong></span> <span class='ocrx_word' id='word_1_405' title='bbox 2502 2202 2613 2255; x_wconf 72' lang='grc' dir='ltr'><strong>Καὶ</strong></span> <span class='ocrx_word' id='word_1_406' title='bbox 2675 2202 2758 2266; x_wconf 88' lang='grc' dir='ltr'><strong>τίς</strong></span> <span class='ocrx_word' id='word_1_407' title='bbox 2804 2198 2873 2273; x_wconf 80' lang='grc' dir='ltr'>ἦν</span> <span class='ocrx_word' id='word_1_408' title='bbox 2915 2203 2944 2254; x_wconf 85' lang='grc' dir='ltr'><strong>ὁ</strong></span> <span class='ocrx_word' id='word_1_409' title='bbox 2992 2202 3222 2273; x_wconf 84' lang='grc' dir='ltr'>θρῆνος;</span> <span class='ocrx_word' id='word_1_410' title='bbox 3259 2222 3277 2255; x_wconf 81' lang='grc' dir='ltr'><strong>ι</strong></span> <span class='ocrx_word' id='word_1_411' title='bbox 3324 2202 3590 2275; x_wconf 87' lang='grc' dir='ltr'>Παρθένοι</span> <span class='ocrx_word' id='word_1_412' title='bbox 3620 2220 3747 2274; x_wconf 85' lang='grc' dir='ltr'>μου,</span> <span class='ocrx_word' id='word_1_413' title='bbox 3792 2203 3891 2256; x_wconf 82' lang='grc' dir='ltr'>καὶ</span> 
     </span>
    </p>
   </div>
   <div class='ocr_carea' id='block_1_53' title="bbox 2291 2292 3891 2364">
    <p class='ocr_par' dir='ltr' id='par_1_53' title="bbox 2291 2292 3891 2364">
     <span class='ocr_line' id='line_1_53' title="bbox 2291 2292 3891 2364; baseline -0.001 -18"><span class='ocrx_word' id='word_1_414' title='bbox 2291 2293 2564 2346; x_wconf 75' lang='grc' dir='ltr'>νεανίσκοι</span> <span class='ocrx_word' id='word_1_415' title='bbox 2592 2309 2693 2363; x_wconf 92' lang='grc' dir='ltr'>μου</span> <span class='ocrx_word' id='word_1_416' title='bbox 2724 2292 3100 2364; x_wconf 77' lang='grc' dir='ltr'>επορεύθησαν</span> <span class='ocrx_word' id='word_1_417' title='bbox 3148 2295 3204 2345; x_wconf 79' lang='grc' dir='ltr'><strong>έν</strong></span> <span class='ocrx_word' id='word_1_418' title='bbox 3242 2293 3608 2364; x_wconf 81' lang='grc' dir='ltr'>αἰχμαλωσίᾳ,</span> <span class='ocrx_word' id='word_1_419' title='bbox 3636 2296 3693 2347; x_wconf 83' lang='grc' dir='ltr'>ὲν</span> <span class='ocrx_word' id='word_1_420' title='bbox 3740 2296 3891 2363; x_wconf 79' lang='grc' dir='ltr'><strong>ῥομ-</strong></span> 
     </span>
    </p>
   </div>
   <div class='ocr_carea' id='block_1_54' title="bbox 2292 2381 3890 2453">
    <p class='ocr_par' dir='ltr' id='par_1_54' title="bbox 2292 2381 3890 2453">
     <span class='ocr_line' id='line_1_54' title="bbox 2292 2381 3890 2453; baseline -0.003 -17"><span class='ocrx_word' id='word_1_421' title='bbox 2292 2383 2449 2453; x_wconf 75' lang='grc' dir='ltr'>φαίᾳ,</span> <span class='ocrx_word' id='word_1_422' title='bbox 2486 2384 2581 2436; x_wconf 76' lang='grc' dir='ltr'>καὶ</span> <span class='ocrx_word' id='word_1_423' title='bbox 2606 2384 2664 2435; x_wconf 85' lang='grc' dir='ltr'><strong>έν</strong></span> <span class='ocrx_word' id='word_1_424' title='bbox 2692 2382 2837 2453; x_wconf 83' lang='grc' dir='ltr'>λιμῷ</span> <span class='ocrx_word' id='word_1_425' title='bbox 2867 2383 3215 2446; x_wconf 80' lang='grc' dir='ltr'><strong>ἀπέκτεινας,</strong></span> <span class='ocrx_word' id='word_1_426' title='bbox 3250 2382 3309 2434; x_wconf 80' lang='grc' dir='ltr'>ἐν</span> <span class='ocrx_word' id='word_1_427' title='bbox 3342 2382 3527 2453; x_wconf 81' lang='grc' dir='ltr'>ἡμέρᾳ</span> <span class='ocrx_word' id='word_1_428' title='bbox 3577 2381 3749 2450; x_wconf 79' lang='grc' dir='ltr'>ὀργῆς</span> <span class='ocrx_word' id='word_1_429' title='bbox 3790 2397 3890 2433; x_wconf 79' lang='grc' dir='ltr'><strong>σου</strong></span> 
     </span>
    </p>
   </div>
   <div class='ocr_carea' id='block_1_55' title="bbox 2291 2470 3891 2545">
    <p class='ocr_par' dir='ltr' id='par_1_55' title="bbox 2291 2470 3891 2545">
     <span class='ocr_line' id='line_1_55' title="bbox 2291 2470 3891 2545; baseline -0.003 -18"><span class='ocrx_word' id='word_1_430' title='bbox 2291 2473 2717 2545; x_wconf 81' lang='grc' dir='ltr'>ὲμαγείρευσας,</span> <span class='ocrx_word' id='word_1_431' title='bbox 2751 2475 2852 2527; x_wconf 81' lang='grc' dir='ltr'>οὐκ</span> <span class='ocrx_word' id='word_1_432' title='bbox 2902 2473 3125 2544; x_wconf 76' lang='grc' dir='ltr'>ἐφείσω.</span> <span class='ocrx_word' id='word_1_433' title='bbox 3170 2494 3187 2525; x_wconf 82' lang='grc' dir='ltr'><strong>ι</strong></span> <span class='ocrx_word' id='word_1_434' title='bbox 3230 2474 3292 2527; x_wconf 82' lang='lat' dir='ltr'><strong>Ei</strong></span> <span class='ocrx_word' id='word_1_435' title='bbox 3325 2473 3381 2526; x_wconf 87' lang='grc' dir='ltr'>δὲ</span> <span class='ocrx_word' id='word_1_436' title='bbox 3428 2473 3494 2543; x_wconf 87' lang='grc' dir='ltr'>δή</span> <span class='ocrx_word' id='word_1_437' title='bbox 3527 2488 3608 2535; x_wconf 86' lang='grc' dir='ltr'><strong>τις</strong></span> <span class='ocrx_word' id='word_1_438' title='bbox 3635 2470 3891 2541; x_wconf 86' lang='grc' dir='ltr'>βούλοιτο</span> 
     </span>
    </p>
   </div>
   <div class='ocr_carea' id='block_1_56' title="bbox 2294 2563 3891 2637">
    <p class='ocr_par' dir='ltr' id='par_1_56' title="bbox 2294 2563 3891 2637">
     <span class='ocr_line' id='line_1_56' title="bbox 2294 2563 3891 2637; baseline -0.003 -18"><span class='ocrx_word' id='word_1_439' title='bbox 2294 2568 2432 2620; x_wconf 74' lang='grc' dir='ltr'><strong>κάπὶ</strong></span> <span class='ocrx_word' id='word_1_440' title='bbox 2455 2567 2564 2635; x_wconf 78' lang='grc' dir='ltr'>’τῆς</span> <span class='ocrx_word' id='word_1_441' title='bbox 2618 2567 2813 2637; x_wconf 76' lang='grc' dir='ltr'>νοητῆς</span> <span class='ocrx_word' id='word_1_442' title='bbox 2862 2566 3237 2636; x_wconf 82' lang='grc' dir='ltr'>Ἰερουσαλὴμ,</span> <span class='ocrx_word' id='word_1_443' title='bbox 3291 2564 3560 2631; x_wconf 84' lang='grc' dir='ltr'><strong>τουτέστι,</strong></span> <span class='ocrx_word' id='word_1_444' title='bbox 3608 2563 3709 2633; x_wconf 82' lang='grc' dir='ltr'>τῆς</span> <span class='ocrx_word' id='word_1_445' title='bbox 3756 2563 3891 2616; x_wconf 77' lang='grc' dir='ltr'><strong>Ἐκ-</strong></span> 
     </span>
    </p>
   </div>
   <div class='ocr_carea' id='block_1_57' title="bbox 2291 2653 3890 2729">
    <p class='ocr_par' dir='ltr' id='par_1_57' title="bbox 2291 2653 3890 2729">
     <span class='ocr_line' id='line_1_57' title="bbox 2291 2653 3890 2729; baseline -0.001 -21"><span class='ocrx_word' id='word_1_446' title='bbox 2291 2654 2521 2725; x_wconf 83' lang='grc' dir='ltr'>κλησίας</span> <span class='ocrx_word' id='word_1_447' title='bbox 2544 2655 2816 2709; x_wconf 84' lang='grc' dir='ltr'>τεθεῖσθαι</span> <span class='ocrx_word' id='word_1_448' title='bbox 2868 2658 2968 2729; x_wconf 79' lang='grc' dir='ltr'>τὴν</span> <span class='ocrx_word' id='word_1_449' title='bbox 2997 2657 3209 2726; x_wconf 78' lang='grc' dir='ltr'>κλῆσιν,</span> <span class='ocrx_word' id='word_1_450' title='bbox 3258 2656 3438 2726; x_wconf 83' lang='grc' dir='ltr'>Ῥαμὰ</span> <span class='ocrx_word' id='word_1_451' title='bbox 3464 2672 3523 2710; x_wconf 87' lang='grc' dir='ltr'><strong>τε</strong></span> <span class='ocrx_word' id='word_1_452' title='bbox 3548 2654 3716 2726; x_wconf 80' lang='grc' dir='ltr'>αὐτὴν</span> <span class='ocrx_word' id='word_1_453' title='bbox 3739 2653 3890 2707; x_wconf 76' lang='grc' dir='ltr'><strong>ὠνο-</strong></span> 
     </span>
    </p>
   </div>
   <div class='ocr_carea' id='block_1_58' title="bbox 2294 2747 3890 2819">
    <p class='ocr_par' dir='ltr' id='par_1_58' title="bbox 2294 2747 3890 2819">
     <span class='ocr_line' id='line_1_58' title="bbox 2294 2747 3890 2819; baseline 0 -19"><span class='ocrx_word' id='word_1_454' title='bbox 2294 2747 2500 2817; x_wconf 87' lang='grc' dir='ltr'>μάσθαι</span> <span class='ocrx_word' id='word_1_455' title='bbox 2550 2748 2689 2813; x_wconf 78' lang='grc' dir='ltr'>νυνὶ,</span> <span class='ocrx_word' id='word_1_456' title='bbox 2751 2749 2934 2818; x_wconf 67' lang='grc' dir='ltr'>φαμὲν</span> <span class='ocrx_word' id='word_1_457' title='bbox 2980 2750 3063 2801; x_wconf 80' lang='grc' dir='ltr'>ὅτι</span> <span class='ocrx_word' id='word_1_458' title='bbox 3116 2749 3209 2801; x_wconf 76' lang='grc' dir='ltr'>καὶ</span> <span class='ocrx_word' id='word_1_459' title='bbox 3247 2747 3395 2819; x_wconf 88' lang='grc' dir='ltr'>μάλα</span> <span class='ocrx_word' id='word_1_460' title='bbox 3455 2747 3631 2818; x_wconf 83' lang='grc' dir='ltr'>ὀρθῶς</span> <span class='ocrx_word' id='word_1_461' title='bbox 3667 2747 3890 2815; x_wconf 75' lang='grc' dir='ltr'>ὁλόγος</span> 
     </span>
    </p>
   </div>
   <div class='ocr_carea' id='block_1_59' title="bbox 2291 2838 3888 2911">
    <p class='ocr_par' dir='ltr' id='par_1_59' title="bbox 2291 2838 3888 2911">
     <span class='ocr_line' id='line_1_59' title="bbox 2291 2838 3888 2911; baseline 0.002 -21"><span class='ocrx_word' id='word_1_462' title='bbox 2291 2838 2426 2909; x_wconf 75' lang='grc' dir='ltr'>ἔχει.</span> <span class='ocrx_word' id='word_1_463' title='bbox 2454 2839 2647 2893; x_wconf 78' lang='grc' dir='ltr'>Πολλοὶ</span> <span class='ocrx_word' id='word_1_464' title='bbox 2691 2839 2799 2911; x_wconf 86' lang='grc' dir='ltr'><strong>γὰρ</strong></span> <span class='ocrx_word' id='word_1_465' title='bbox 2849 2842 2899 2893; x_wconf 88' lang='grc' dir='ltr'><strong>οἱ</strong></span> <span class='ocrx_word' id='word_1_466' title='bbox 2947 2840 3227 2905; x_wconf 63' lang='grc' dir='ltr'>κλαίοντες</span> <span class='ocrx_word' id='word_1_467' title='bbox 3267 2843 3325 2893; x_wconf 85' lang='grc' dir='ltr'>ὲν</span> <span class='ocrx_word' id='word_1_468' title='bbox 3380 2840 3753 2911; x_wconf 82' lang='grc' dir='ltr'>Ἐκκλησίαις,</span> <span class='ocrx_word' id='word_1_469' title='bbox 3790 2848 3888 2893; x_wconf 80' lang='grc' dir='ltr'><strong>και</strong></span> 
     </span>
    </p>
   </div>
   <div class='ocr_carea' id='block_1_60' title="bbox 2289 2931 3888 3002">
    <p class='ocr_par' dir='ltr' id='par_1_60' title="bbox 2289 2931 3888 3002">
     <span class='ocr_line' id='line_1_60' title="bbox 2289 2931 3888 3002; baseline 0.001 -19"><span class='ocrx_word' id='word_1_470' title='bbox 2289 2931 2390 3000; x_wconf 87' lang='grc' dir='ltr'><strong>τὴν</strong></span> <span class='ocrx_word' id='word_1_471' title='bbox 2417 2931 2556 2985; x_wconf 87' lang='grc' dir='ltr'>κατὰ</span> <span class='ocrx_word' id='word_1_472' title='bbox 2585 2931 2718 2984; x_wconf 79' lang='grc' dir='ltr'>Θεὸν</span> <span class='ocrx_word' id='word_1_473' title='bbox 2765 2932 2979 3002; x_wconf 70' lang='grc' dir='ltr'>ἔχοντες</span> <span class='ocrx_word' id='word_1_474' title='bbox 3026 2932 3224 3002; x_wconf 81' lang='grc' dir='ltr'>λύπην,</span> <span class='ocrx_word' id='word_1_475' title='bbox 3268 2933 3391 3002; x_wconf 83' lang='grc' dir='ltr'>ἦτις</span> <span class='ocrx_word' id='word_1_476' title='bbox 3424 2952 3440 2981; x_wconf 84' lang='grc' dir='ltr'><strong>ι</strong></span> <span class='ocrx_word' id='word_1_477' title='bbox 3473 2934 3761 3002; x_wconf 83' lang='grc' dir='ltr'>μετάνοιαν</span> <span class='ocrx_word' id='word_1_478' title='bbox 3804 2935 3888 2995; x_wconf 80' lang='grc' dir='ltr'>εἰς</span> 
     </span>
    </p>
   </div>
   <div class='ocr_carea' id='block_1_61' title="bbox 2294 3023 3885 3097">
    <p class='ocr_par' dir='ltr' id='par_1_61' title="bbox 2294 3023 3885 3097">
     <span class='ocr_line' id='line_1_61' title="bbox 2294 3023 3885 3097; baseline 0.001 -22"><span class='ocrx_word' id='word_1_479' title='bbox 2294 3023 2566 3093; x_wconf 81' lang='grc' dir='ltr'>σωτηρίαν</span> <span class='ocrx_word' id='word_1_480' title='bbox 2614 3024 3031 3097; x_wconf 85' lang='grc' dir='ltr'>ἀμεταμέλητον</span> <span class='ocrx_word' id='word_1_481' title='bbox 3076 3025 3494 3097; x_wconf 77' lang='grc' dir='ltr'>κατεργάζεται.</span> <span class='ocrx_word' id='word_1_482' title='bbox 3526 3044 3544 3076; x_wconf 82' lang='grc' dir='ltr'><strong>ι</strong></span> <span class='ocrx_word' id='word_1_483' title='bbox 3593 3025 3885 3093; x_wconf 78' lang='grc' dir='ltr'>Ἀποδὲχε-</span> 
     </span>
    </p>
   </div>
   <div class='ocr_carea' id='block_1_62' title="bbox 605 3110 3884 3190">
    <p class='ocr_par' dir='ltr' id='par_1_62' title="bbox 605 3110 3884 3190">
     <span class='ocr_line' id='line_1_62' title="bbox 605 3110 3884 3190; baseline 0 -20"><span class='ocrx_word' id='word_1_484' title='bbox 605 3134 698 3170; x_wconf 84' lang='grc' dir='ltr'><strong>ται</strong></span> <span class='ocrx_word' id='word_1_485' title='bbox 727 3116 853 3178; x_wconf 74' lang='grc' dir='ltr'>τοὺς</span> <span class='ocrx_word' id='word_1_486' title='bbox 884 3116 1155 3179; x_wconf 84' lang='grc' dir='ltr'>τοιούτους</span> <span class='ocrx_word' id='word_1_487' title='bbox 1188 3116 1282 3169; x_wconf 74' lang='grc' dir='ltr'><strong>καὶ</strong></span> <span class='ocrx_word' id='word_1_488' title='bbox 1307 3115 1466 3177; x_wconf 76' lang='grc' dir='ltr'>αὐτὸς</span> <span class='ocrx_word' id='word_1_489' title='bbox 1488 3114 1515 3167; x_wconf 90' lang='grc' dir='ltr'>ὁ</span> <span class='ocrx_word' id='word_1_490' title='bbox 1538 3112 1793 3185; x_wconf 75' lang='grc' dir='ltr'>Χριστὸς,</span> <span class='ocrx_word' id='word_1_491' title='bbox 1818 3110 1960 3165; x_wconf 71' lang='grc' dir='ltr'>οὕτω</span> <span class='ocrx_word' id='word_1_492' title='bbox 1988 3111 2183 3179; x_wconf 83' lang='grc' dir='ltr'>λέγων·</span> <span class='ocrx_word' id='word_1_493' title='bbox 2232 3132 2249 3163; x_wconf 84' lang='grc' dir='ltr'><strong>ι</strong></span> <span class='ocrx_word' id='word_1_494' title='bbox 2286 3116 2565 3170; x_wconf 78' lang='grc' dir='ltr'>Μακάριοι</span> <span class='ocrx_word' id='word_1_495' title='bbox 2598 3117 2647 3169; x_wconf 84' lang='grc' dir='ltr'><strong>οἱ</strong></span> <span class='ocrx_word' id='word_1_496' title='bbox 2712 3117 3058 3182; x_wconf 79' lang='grc' dir='ltr'>πενθοῦντες,</span> <span class='ocrx_word' id='word_1_497' title='bbox 3082 3120 3165 3171; x_wconf 81' lang='grc' dir='ltr'><strong>ὅτι</strong></span> <span class='ocrx_word' id='word_1_498' title='bbox 3227 3119 3382 3172; x_wconf 78' lang='grc' dir='ltr'>αὐτοὶ</span> <span class='ocrx_word' id='word_1_499' title='bbox 3420 3119 3884 3190; x_wconf 77' lang='grc' dir='ltr'>παρακληθήσονο</span> 
     </span>
    </p>
   </div>
   <div class='ocr_carea' id='block_1_63' title="bbox 605 3205 3885 3284">
    <p class='ocr_par' dir='ltr' id='par_1_63' title="bbox 605 3205 3885 3284">
     <span class='ocr_line' id='line_1_63' title="bbox 605 3205 3885 3284; baseline 0.001 -22"><span class='ocrx_word' id='word_1_500' title='bbox 605 3225 718 3262; x_wconf 90' lang='grc' dir='ltr'>ται.</span> <span class='ocrx_word' id='word_1_501' title='bbox 758 3226 776 3257; x_wconf 77' lang='grc' dir='ltr'><strong>ι</strong></span> <span class='ocrx_word' id='word_1_502' title='bbox 811 3208 918 3260; x_wconf 72' lang='grc' dir='ltr'>Καὶ</span> <span class='ocrx_word' id='word_1_503' title='bbox 945 3208 1124 3261; x_wconf 87' lang='grc' dir='ltr'>πάλιν·</span> <span class='ocrx_word' id='word_1_504' title='bbox 1163 3226 1181 3258; x_wconf 83' lang='grc' dir='ltr'><strong>ι</strong></span> <span class='ocrx_word' id='word_1_505' title='bbox 1213 3208 1488 3278; x_wconf 87' lang='grc' dir='ltr'>Μακάριοι</span> <span class='ocrx_word' id='word_1_506' title='bbox 1534 3208 1581 3259; x_wconf 83' lang='grc' dir='ltr'>οί</span> <span class='ocrx_word' id='word_1_507' title='bbox 1636 3205 1914 3268; x_wconf 85' lang='grc' dir='ltr'>κλαίοντες</span> <span class='ocrx_word' id='word_1_508' title='bbox 1948 3206 2063 3271; x_wconf 82' lang='grc' dir='ltr'>νῦν,</span> <span class='ocrx_word' id='word_1_509' title='bbox 2106 3207 2186 3259; x_wconf 80' lang='grc' dir='ltr'><strong>ὅτι</strong></span> <span class='ocrx_word' id='word_1_510' title='bbox 2259 3208 2412 3261; x_wconf 63' lang='grc' dir='ltr'><strong>αὐτοὶ⁵</strong></span> <span class='ocrx_word' id='word_1_511' title='bbox 2484 3209 2814 3277; x_wconf 68' lang='grc' dir='ltr'>γελάσονται.</span> <span class='ocrx_word' id='word_1_512' title='bbox 2850 3230 2867 3261; x_wconf 80' lang='grc' dir='ltr'><strong>ι</strong></span> <span class='ocrx_word' id='word_1_513' title='bbox 2917 3212 3125 3265; x_wconf 78' lang='grc' dir='ltr'>Οὐκοῦν</span> <span class='ocrx_word' id='word_1_514' title='bbox 3188 3212 3290 3266; x_wconf 77' lang='grc' dir='ltr'><strong>κᾶν</strong></span> <span class='ocrx_word' id='word_1_515' title='bbox 3343 3215 3389 3266; x_wconf 86' lang='grc' dir='ltr'>εί</span> <span class='ocrx_word' id='word_1_516' title='bbox 3438 3213 3651 3280; x_wconf 75' lang='grc' dir='ltr'>λέγοιτο</span> <span class='ocrx_word' id='word_1_517' title='bbox 3698 3213 3885 3284; x_wconf 69' lang='grc' dir='ltr'>Ῥαμὰ</span> 
     </span>
    </p>
   </div>
   <div class='ocr_carea' id='block_1_64' title="bbox 604 3299 3885 3378">
    <p class='ocr_par' dir='ltr' id='par_1_64' title="bbox 604 3299 3885 3378">
     <span class='ocr_line' id='line_1_64' title="bbox 604 3299 3885 3378; baseline 0.002 -23"><span class='ocrx_word' id='word_1_518' title='bbox 604 3302 694 3358; x_wconf 87' lang='grc' dir='ltr'><strong>διὰ</strong></span> <span class='ocrx_word' id='word_1_519' title='bbox 725 3301 818 3372; x_wconf 79' lang='grc' dir='ltr'>τῆς</span> <span class='ocrx_word' id='word_1_520' title='bbox 847 3299 941 3353; x_wconf 80' lang='grc' dir='ltr'><strong>τοῦ</strong></span> <span class='ocrx_word' id='word_1_521' title='bbox 973 3302 1254 3372; x_wconf 74' lang='grc' dir='ltr'>προφήτου</span> <span class='ocrx_word' id='word_1_522' title='bbox 1300 3302 1481 3369; x_wconf 72' lang='grc' dir='ltr'>φωνῆς</span> <span class='ocrx_word' id='word_1_523' title='bbox 1529 3301 1562 3367; x_wconf 83' lang='grc' dir='ltr'><strong>ὴ</strong></span> <span class='ocrx_word' id='word_1_524' title='bbox 1609 3299 1923 3369; x_wconf 79' lang='grc' dir='ltr'>Ἐκκλησία,</span> <span class='ocrx_word' id='word_1_525' title='bbox 1968 3300 2184 3370; x_wconf 83' lang='grc' dir='ltr'>φορέσει</span> <span class='ocrx_word' id='word_1_526' title='bbox 2226 3304 2319 3355; x_wconf 71' lang='grc' dir='ltr'><strong>καὶ</strong></span> <span class='ocrx_word' id='word_1_527' title='bbox 2384 3304 2526 3357; x_wconf 71' lang='grc' dir='ltr'>οὕτω</span> <span class='ocrx_word' id='word_1_528' title='bbox 2548 3306 2607 3358; x_wconf 79' lang='grc' dir='ltr'><strong>τὸ</strong></span> <span class='ocrx_word' id='word_1_529' title='bbox 2641 3305 2865 3358; x_wconf 82' lang='grc' dir='ltr'>πιθανὸν</span> <span class='ocrx_word' id='word_1_530' title='bbox 2920 3308 2948 3359; x_wconf 88' lang='grc' dir='ltr'>ὁ</span> <span class='ocrx_word' id='word_1_531' title='bbox 3003 3307 3178 3373; x_wconf 80' lang='grc' dir='ltr'>λόγος.</span> <span class='ocrx_word' id='word_1_532' title='bbox 3212 3307 3359 3377; x_wconf 81' lang='grc' dir='ltr'>Πλὴν</span> <span class='ocrx_word' id='word_1_533' title='bbox 3420 3308 3513 3360; x_wconf 76' lang='grc' dir='ltr'><strong>ἐπὶ</strong></span> <span class='ocrx_word' id='word_1_534' title='bbox 3540 3309 3705 3360; x_wconf 87' lang='grc' dir='ltr'>τόπου</span> <span class='ocrx_word' id='word_1_535' title='bbox 3746 3312 3885 3378; x_wconf 79' lang='grc' dir='ltr'>φησὶ</span> 
     </span>
    </p>
   </div>
   <div class='ocr_carea' id='block_1_65' title="bbox 610 3391 3883 3469">
    <p class='ocr_par' dir='ltr' id='par_1_65' title="bbox 610 3391 3883 3469">
     <span class='ocr_line' id='line_1_65' title="bbox 610 3391 3883 3469; baseline 0.001 -24"><span class='ocrx_word' id='word_1_536' title='bbox 610 3396 783 3464; x_wconf 82' lang='grc' dir='ltr'>μενεῖ,</span> <span class='ocrx_word' id='word_1_537' title='bbox 820 3392 1117 3455; x_wconf 83' lang='grc' dir='ltr'>τουτέστιν,</span> <span class='ocrx_word' id='word_1_538' title='bbox 1181 3392 1241 3443; x_wconf 84' lang='grc' dir='ltr'>ού</span> <span class='ocrx_word' id='word_1_539' title='bbox 1268 3392 1680 3462; x_wconf 78' lang='grc' dir='ltr'>σαλευθήσεται.</span> <span class='ocrx_word' id='word_1_540' title='bbox 1717 3391 2065 3461; x_wconf 79' lang='grc' dir='ltr'>Ἐρήρεισται</span> <span class='ocrx_word' id='word_1_541' title='bbox 2128 3391 2255 3463; x_wconf 86' lang='grc' dir='ltr'>γὰρ,</span> <span class='ocrx_word' id='word_1_542' title='bbox 2298 3395 2375 3458; x_wconf 85' lang='grc' dir='ltr'><strong>ὼς</strong></span> <span class='ocrx_word' id='word_1_543' title='bbox 2411 3395 2581 3465; x_wconf 65' lang='grc' dir='ltr'>ἔφην,</span> <span class='ocrx_word' id='word_1_544' title='bbox 2621 3397 2715 3449; x_wconf 74' lang='grc' dir='ltr'><strong>καὶ</strong></span> <span class='ocrx_word' id='word_1_545' title='bbox 2761 3395 2907 3449; x_wconf 81' lang='grc' dir='ltr'>ἔστιν</span> <span class='ocrx_word' id='word_1_546' title='bbox 2962 3398 3257 3469; x_wconf 83' lang='grc' dir='ltr'>ἀκλόνητος</span> <span class='ocrx_word' id='word_1_547' title='bbox 3300 3401 3335 3469; x_wconf 80' lang='grc' dir='ltr'><strong>ἡ</strong></span> <span class='ocrx_word' id='word_1_548' title='bbox 3392 3398 3688 3468; x_wconf 79' lang='grc' dir='ltr'>Ἐκκλησία</span> <span class='ocrx_word' id='word_1_549' title='bbox 3742 3399 3883 3467; x_wconf 82' lang='grc' dir='ltr'>Χρι-</span> 
     </span>
    </p>
   </div>
   <div class='ocr_carea' id='block_1_66' title="bbox 608 3485 756 3539">
    <p class='ocr_par' dir='ltr' id='par_1_66' title="bbox 608 3485 756 3539">
     <span class='ocr_line' id='line_1_66' title="bbox 608 3485 756 3539; baseline 0 0"><span class='ocrx_word' id='word_1_550' title='bbox 608 3485 756 3539; x_wconf 82' lang='grc' dir='ltr'>στοῠ.</span> 
     </span>
    </p>
   </div>
   <div class='ocr_carea' id='block_1_67' title="bbox 684 3575 2191 3648">
    <p class='ocr_par' dir='ltr' id='par_1_67' title="bbox 684 3576 2191 3648">
     <span class='ocr_line' id='line_1_67' title="bbox 684 3576 2191 3648; baseline -0.001 -18"><span class='ocrx_word' id='word_1_551' title='bbox 684 3578 845 3632; x_wconf 69' lang='lat' dir='ltr'><strong>Vens.</strong></span> <span class='ocrx_word' id='word_1_552' title='bbox 892 3578 977 3631; x_wconf 75' lang='lat'><strong>19..</strong></span> <span class='ocrx_word' id='word_1_553' title='bbox 1021 3576 1086 3630; x_wconf 80' lang='lat' dir='ltr'><strong>Et</strong></span> <span class='ocrx_word' id='word_1_554' title='bbox 1128 3580 1238 3632; x_wconf 77' lang='lat' dir='ltr'><strong>licet:</strong></span> <span class='ocrx_word' id='word_1_555' title='bbox 1273 3579 1367 3631; x_wconf 85' lang='lat' dir='ltr'><strong>erit</strong></span> <span class='ocrx_word' id='word_1_556' title='bbox 1404 3579 1557 3631; x_wconf 75' lang='lat' dir='ltr'><strong>ruina</strong></span> <span class='ocrx_word' id='word_1_557' title='bbox 1593 3594 1695 3648; x_wconf 84' lang='lat' dir='ltr'><strong>qua</strong></span> <span class='ocrx_word' id='word_1_558' title='bbox 1730 3578 1979 3646; x_wconf 75' lang='lat' dir='ltr'><strong>percutiet</strong></span> <span class='ocrx_word' id='word_1_559' title='bbox 2012 3577 2191 3630; x_wconf 48' lang='lat' dir='ltr'><strong>Domi.-</strong></span> 
     </span>
    </p>
   </div>
   <div class='ocr_carea' id='block_1_68' title="bbox 2292 3575 3881 3648">
    <p class='ocr_par' dir='ltr' id='par_1_68' title="bbox 2367 3575 3881 3647">
     <span class='ocr_line' id='line_1_68' title="bbox 2367 3575 3881 3647; baseline 0.002 -17"><span class='ocrx_word' id='word_1_560' title='bbox 2367 3575 2475 3630; x_wconf 82' lang='grc' dir='ltr'><strong>Καὶ</strong></span> <span class='ocrx_word' id='word_1_561' title='bbox 2518 3576 2669 3641; x_wconf 80' lang='grc' dir='ltr'>αὕτη</span> <span class='ocrx_word' id='word_1_562' title='bbox 2719 3576 2891 3629; x_wconf 82' lang='grc' dir='ltr'>ἔσται</span> <span class='ocrx_word' id='word_1_563' title='bbox 2940 3576 2977 3643; x_wconf 78' lang='grc' dir='ltr'><strong><em>ἡ</em></strong></span> <span class='ocrx_word' id='word_1_564' title='bbox 3028 3575 3276 3642; x_wconf 82' lang='grc' dir='ltr'>πτῶσις,</span> <span class='ocrx_word' id='word_1_565' title='bbox 3314 3575 3392 3642; x_wconf 76' lang='grc' dir='ltr'><strong>ἢν</strong></span> <span class='ocrx_word' id='word_1_566' title='bbox 3437 3580 3615 3646; x_wconf 71' lang='grc' dir='ltr'>κόψει</span> <span class='ocrx_word' id='word_1_567' title='bbox 3664 3581 3881 3647; x_wconf 72' lang='grc' dir='ltr'>Κύριος</span> 
     </span>
    </p>
   </div>
   <div class='ocr_carea' id='block_1_69' title="bbox 608 3665 2191 3740">
    <p class='ocr_par' dir='ltr' id='par_1_69' title="bbox 608 3670 2191 3739">
     <span class='ocr_line' id='line_1_69' title="bbox 608 3670 2191 3739; baseline -0.003 -14"><span class='ocrx_word' id='word_1_568' title='bbox 608 3688 707 3725; x_wconf 78' lang='lat' dir='ltr'><strong>nus</strong></span> <span class='ocrx_word' id='word_1_569' title='bbox 753 3687 928 3724; x_wconf 85' lang='lat' dir='ltr'><strong>omnes</strong></span> <span class='ocrx_word' id='word_1_570' title='bbox 973 3673 1223 3737; x_wconf 82' lang='lat' dir='ltr'><strong>populos,</strong></span> <span class='ocrx_word' id='word_1_571' title='bbox 1270 3671 1562 3739; x_wconf 84' lang='lat' dir='ltr'><strong>quicunque</strong></span> <span class='ocrx_word' id='word_1_572' title='bbox 1608 3670 1965 3722; x_wconf 80' lang='lat' dir='ltr'><strong>militaverunt</strong></span> <span class='ocrx_word' id='word_1_573' title='bbox 2006 3678 2191 3720; x_wconf 84' lang='lat' dir='ltr'><strong>contra</strong></span> 
     </span>
    </p>
   </div>
   <div class='ocr_carea' id='block_1_70' title="bbox 2292 3665 3879 3740">
    <p class='ocr_par' dir='ltr' id='par_1_70' title="bbox 2293 3665 3879 3740">
     <span class='ocr_line' id='line_1_70' title="bbox 2293 3665 3879 3740; baseline 0.005 -22"><span class='ocrx_word' id='word_1_574' title='bbox 2293 3665 2524 3731; x_wconf 76' lang='grc' dir='ltr'>πάντας</span> <span class='ocrx_word' id='word_1_575' title='bbox 2573 3666 2718 3729; x_wconf 86' lang='grc' dir='ltr'>τοὺς</span> <span class='ocrx_word' id='word_1_576' title='bbox 2772 3665 2962 3730; x_wconf 77' lang='grc' dir='ltr'>,λαοὺς</span> <span class='ocrx_word' id='word_1_577' title='bbox 2984 3709 2997 3731; x_wconf 92' lang='grc'><strong>,</strong></span> <span class='ocrx_word' id='word_1_578' title='bbox 3061 3667 3195 3721; x_wconf 85' lang='grc' dir='ltr'>ὅσοι</span> <span class='ocrx_word' id='word_1_579' title='bbox 3239 3669 3732 3740; x_wconf 62' lang='grc' dir='ltr'>ἐπεστράτευσαν</span> <span class='ocrx_word' id='word_1_580' title='bbox 3774 3674 3879 3725; x_wconf 66' lang='grc' dir='ltr'>ἐστι</span> 
     </span>
    </p>
   </div>
   <div class='ocr_carea' id='block_1_71' title="bbox 608 3759 2191 3828">
    <p class='ocr_par' dir='ltr' id='par_1_71' title="bbox 608 3759 2191 3828">
     <span class='ocr_line' id='line_1_71' title="bbox 608 3759 2191 3828; baseline -0.004 -11"><span class='ocrx_word' id='word_1_581' title='bbox 608 3762 927 3817; x_wconf 74' lang='lat' dir='ltr'><strong>Jerusalem.</strong></span> <span class='ocrx_word' id='word_1_582' title='bbox 960 3759 1244 3814; x_wconf 80' lang='lat' dir='ltr'><strong>Tabescent</strong></span> <span class='ocrx_word' id='word_1_583' title='bbox 1282 3777 1466 3814; x_wconf 85' lang='lat' dir='ltr'><strong>carnes</strong></span> <span class='ocrx_word' id='word_1_584' title='bbox 1502 3776 1707 3823; x_wconf 84' lang='lat' dir='ltr'><strong>eorum,</strong></span> <span class='ocrx_word' id='word_1_585' title='bbox 1742 3760 1997 3813; x_wconf 84' lang='lat' dir='ltr'><strong>stantium</strong></span> <span class='ocrx_word' id='word_1_586' title='bbox 2035 3774 2191 3828; x_wconf 80' lang='lat' dir='ltr'><strong>super</strong></span> 
     </span>
    </p>
   </div>
   <div class='ocr_carea' id='block_1_72' title="bbox 604 3849 2188 3920">
    <p class='ocr_par' dir='ltr' id='par_1_72' title="bbox 604 3849 2188 3920">
     <span class='ocr_line' id='line_1_72' title="bbox 604 3849 2188 3920; baseline -0.003 -14"><span class='ocrx_word' id='word_1_587' title='bbox 604 3855 762 3919; x_wconf 76' lang='lat' dir='ltr'><strong>pedes</strong></span> <span class='ocrx_word' id='word_1_588' title='bbox 798 3869 951 3916; x_wconf 82' lang='lat' dir='ltr'><strong>suos,</strong></span> <span class='ocrx_word' id='word_1_589' title='bbox 988 3858 1036 3905; x_wconf 84' lang='lat' dir='ltr'><strong>et</strong></span> <span class='ocrx_word' id='word_1_590' title='bbox 1081 3851 1217 3905; x_wconf 82' lang='lat' dir='ltr'><strong>oculi</strong></span> <span class='ocrx_word' id='word_1_591' title='bbox 1255 3866 1437 3903; x_wconf 88' lang='lat' dir='ltr'><strong>eorum</strong></span> <span class='ocrx_word' id='word_1_592' title='bbox 1476 3851 1703 3920; x_wconf 73' lang='lat' dir='ltr'><strong>deﬂuant</strong></span> <span class='ocrx_word' id='word_1_593' title='bbox 1740 3852 1804 3904; x_wconf 87' lang='lat' dir='ltr'><strong>de</strong></span> <span class='ocrx_word' id='word_1_594' title='bbox 1839 3849 2188 3919; x_wconf 74' lang='lat' dir='ltr'><strong>foraminibus</strong></span> 
     </span>
    </p>
   </div>
   <div class='ocr_carea' id='block_1_73' title="bbox 607 3940 2063 4014">
    <p class='ocr_par' dir='ltr' id='par_1_73' title="bbox 607 3940 2063 4014">
     <span class='ocr_line' id='line_1_73' title="bbox 607 3940 2063 4014; baseline -0.004 -14"><span class='ocrx_word' id='word_1_595' title='bbox 607 3961 812 4012; x_wconf 81' lang='lat' dir='ltr'><strong>eorum,</strong></span> <span class='ocrx_word' id='word_1_596' title='bbox 842 3953 891 3997; x_wconf 87' lang='lat' dir='ltr'><strong>et</strong></span> <span class='ocrx_word' id='word_1_597' title='bbox 925 3943 1107 4014; x_wconf 80' lang='lat' dir='ltr'><strong>lingua</strong></span> <span class='ocrx_word' id='word_1_598' title='bbox 1140 3958 1317 3996; x_wconf 84' lang='lat' dir='ltr'><strong>eorum</strong></span> <span class='ocrx_word' id='word_1_599' title='bbox 1350 3943 1575 3995; x_wconf 80' lang='lat' dir='ltr'><strong>tabescet</strong></span> <span class='ocrx_word' id='word_1_600' title='bbox 1609 3942 1661 3995; x_wconf 82' lang='lat' dir='ltr'><strong>in</strong></span> <span class='ocrx_word' id='word_1_601' title='bbox 1695 3956 1781 3995; x_wconf 83' lang='lat' dir='ltr'><strong>ore</strong></span> <span class='ocrx_word' id='word_1_602' title='bbox 1810 3940 2063 4008; x_wconf 82' lang='lat' dir='ltr'><strong>ipsorum.</strong></span> 
     </span>
    </p>
   </div>
   <div class='ocr_carea' id='block_1_74' title="bbox 678 4207 2183 4273">
    <p class='ocr_par' dir='ltr' id='par_1_74' title="bbox 678 4207 2183 4273">
     <span class='ocr_line' id='line_1_74' title="bbox 678 4207 2183 4273; baseline -0.004 -8"><span class='ocrx_word' id='word_1_603' title='bbox 678 4207 855 4265; x_wconf 84' lang='lat' dir='ltr'><strong>CVIII.</strong></span> <span class='ocrx_word' id='word_1_604' title='bbox 898 4225 916 4259; x_wconf 86' lang='grc' dir='ltr'><strong>ι</strong></span> <span class='ocrx_word' id='word_1_605' title='bbox 956 4207 1277 4263; x_wconf 85' lang='lat' dir='ltr'><strong>Pressuram</strong></span> <span class='ocrx_word' id='word_1_606' title='bbox 1308 4207 1364 4261; x_wconf 93' lang='lat' dir='ltr'><strong>in</strong></span> <span class='ocrx_word' id='word_1_607' title='bbox 1397 4207 1502 4263; x_wconf 91' lang='lat' dir='ltr'><strong>hoc</strong></span> <span class='ocrx_word' id='word_1_608' title='bbox 1531 4207 1737 4262; x_wconf 88' lang='lat' dir='ltr'><strong>mundo</strong></span> <span class='ocrx_word' id='word_1_609' title='bbox 1765 4207 2035 4263; x_wconf 82' lang='lat' dir='ltr'><strong>habebitis</strong></span> <span class='ocrx_word' id='word_1_610' title='bbox 2057 4208 2125 4273; x_wconf 83' lang='grc'><strong>⁸⁷,</strong></span> <span class='ocrx_word' id='word_1_611' title='bbox 2161 4223 2183 4259; x_wconf 79' lang='grc' dir='ltr'><strong>ι</strong></span> 
     </span>
    </p>
   </div>
   <div class='ocr_carea' id='block_1_75' title="bbox 604 4297 2186 4372">
    <p class='ocr_par' dir='ltr' id='par_1_75' title="bbox 604 4297 2186 4372">
     <span class='ocr_line' id='line_1_75' title="bbox 604 4297 2186 4372; baseline -0.002 -15"><span class='ocrx_word' id='word_1_612' title='bbox 604 4302 661 4358; x_wconf 85' lang='lat' dir='ltr'><strong>in</strong></span> <span class='ocrx_word' id='word_1_613' title='bbox 705 4317 766 4359; x_wconf 88' lang='lat' dir='ltr'><strong>se</strong></span> <span class='ocrx_word' id='word_1_614' title='bbox 808 4300 1159 4356; x_wconf 86' lang='lat' dir='ltr'><strong>credentibus</strong></span> <span class='ocrx_word' id='word_1_615' title='bbox 1196 4298 1449 4355; x_wconf 83' lang='lat' dir='ltr'><strong>Christus</strong></span> <span class='ocrx_word' id='word_1_616' title='bbox 1493 4300 1766 4372; x_wconf 58' lang='lat' dir='ltr'><strong>pra‘dixit.</strong></span> <span class='ocrx_word' id='word_1_617' title='bbox 1802 4297 2186 4355; x_wconf 81' lang='lat' dir='ltr'><strong>Verumtamen</strong></span> 
     </span>
    </p>
   </div>
   <div class='ocr_carea' id='block_1_76' title="bbox 606 4390 2186 4460">
    <p class='ocr_par' dir='ltr' id='par_1_76' title="bbox 606 4390 2186 4460">
     <span class='ocr_line' id='line_1_76' title="bbox 606 4390 2186 4460; baseline -0.003 -11"><span class='ocrx_word' id='word_1_618' title='bbox 606 4394 673 4449; x_wconf 83' lang='lat' dir='ltr'><strong>ad</strong></span> <span class='ocrx_word' id='word_1_619' title='bbox 709 4392 963 4449; x_wconf 77' lang='lat' dir='ltr'><strong>ﬁduciam</strong></span> <span class='ocrx_word' id='word_1_620' title='bbox 999 4407 1093 4447; x_wconf 91' lang='lat' dir='ltr'><strong>eos</strong></span> <span class='ocrx_word' id='word_1_621' title='bbox 1125 4392 1312 4460; x_wconf 79' lang='lat' dir='ltr'><strong>erigit,</strong></span> <span class='ocrx_word' id='word_1_622' title='bbox 1347 4391 1557 4445; x_wconf 89' lang='lat' dir='ltr'><strong>utiliter</strong></span> <span class='ocrx_word' id='word_1_623' title='bbox 1585 4392 1922 4460; x_wconf 78' lang='lat' dir='ltr'><strong>subjungens</strong></span> <span class='ocrx_word' id='word_1_624' title='bbox 1960 4409 1973 4446; x_wconf 91' lang='lat'>:</span> <span class='ocrx_word' id='word_1_625' title='bbox 2018 4409 2037 4443; x_wconf 87' lang='grc' dir='ltr'><strong>ι</strong></span> <span class='ocrx_word' id='word_1_626' title='bbox 2080 4390 2186 4446; x_wconf 89' lang='lat' dir='ltr'><strong>Sed</strong></span> 
     </span>
    </p>
   </div>
   <div class='ocr_carea' id='block_1_77' title="bbox 604 4482 2187 4553">
    <p class='ocr_par' dir='ltr' id='par_1_77' title="bbox 604 4482 2187 4553">
     <span class='ocr_line' id='line_1_77' title="bbox 604 4482 2187 4553; baseline -0.001 -15"><span class='ocrx_word' id='word_1_627' title='bbox 604 4485 891 4548; x_wconf 85' lang='lat' dir='ltr'><strong>conlidite,</strong></span> <span class='ocrx_word' id='word_1_628' title='bbox 927 4498 1026 4553; x_wconf 70' lang='lat' dir='ltr'><strong>ego</strong></span> <span class='ocrx_word' id='word_1_629' title='bbox 1058 4484 1164 4538; x_wconf 81' lang='lat' dir='ltr'><strong>vici</strong></span> <span class='ocrx_word' id='word_1_630' title='bbox 1202 4484 1457 4538; x_wconf 89' lang='lat' dir='ltr'><strong>ntundum</strong></span> <span class='ocrx_word' id='word_1_631' title='bbox 1484 4484 1552 4536; x_wconf 83' lang='grc'><strong>⁸⁸.</strong></span> <span class='ocrx_word' id='word_1_632' title='bbox 1597 4501 1616 4533; x_wconf 79' lang='grc' dir='ltr'><strong>ι</strong></span> <span class='ocrx_word' id='word_1_633' title='bbox 1657 4482 1816 4537; x_wconf 88' lang='lat' dir='ltr'><strong>Dedit</strong></span> <span class='ocrx_word' id='word_1_634' title='bbox 1847 4484 1991 4537; x_wconf 90' lang='lat' dir='ltr'><strong>enim</strong></span> <span class='ocrx_word' id='word_1_635' title='bbox 2028 4483 2187 4538; x_wconf 85' lang='lat' dir='ltr'><strong>nobis</strong></span> 
     </span>
    </p>
   </div>
   <div class='ocr_carea' id='block_1_78' title="bbox 609 4576 2185 4646">
    <p class='ocr_par' dir='ltr' id='par_1_78' title="bbox 609 4576 2185 4646">
     <span class='ocr_line' id='line_1_78' title="bbox 609 4576 2185 4646; baseline 0.001 -19"><span class='ocrx_word' id='word_1_636' title='bbox 609 4597 628 4627; x_wconf 78' lang='grc' dir='ltr'><strong>ι</strong></span> <span class='ocrx_word' id='word_1_637' title='bbox 675 4576 891 4631; x_wconf 85' lang='lat' dir='ltr'><strong>calcare</strong></span> <span class='ocrx_word' id='word_1_638' title='bbox 933 4591 1095 4645; x_wconf 87' lang='lat' dir='ltr'><strong>super</strong></span> <span class='ocrx_word' id='word_1_639' title='bbox 1130 4585 1413 4646; x_wconf 87' lang='lat' dir='ltr'><strong>serpentes</strong></span> <span class='ocrx_word' id='word_1_640' title='bbox 1456 4585 1512 4629; x_wconf 92' lang='lat' dir='ltr'><strong>et</strong></span> <span class='ocrx_word' id='word_1_641' title='bbox 1551 4578 1898 4644; x_wconf 87' lang='lat' dir='ltr'><strong>scorpiones.</strong></span> <span class='ocrx_word' id='word_1_642' title='bbox 1934 4586 1988 4628; x_wconf 89' lang='lat' dir='ltr'><strong>et</strong></span> <span class='ocrx_word' id='word_1_643' title='bbox 2024 4590 2185 4645; x_wconf 87' lang='lat' dir='ltr'><strong>supra</strong></span> 
     </span>
    </p>
   </div>
   <div class='ocr_carea' id='block_1_79' title="bbox 602 4667 2185 4737">
    <p class='ocr_par' dir='ltr' id='par_1_79' title="bbox 602 4667 2185 4737">
     <span class='ocr_line' id='line_1_79' title="bbox 602 4667 2185 4737; baseline -0.001 -15"><span class='ocrx_word' id='word_1_644' title='bbox 602 4683 821 4723; x_wconf 90' lang='lat' dir='ltr'><strong>omnem</strong></span> <span class='ocrx_word' id='word_1_645' title='bbox 851 4670 1101 4722; x_wconf 82' lang='lat' dir='ltr'><strong>virtutem</strong></span> <span class='ocrx_word' id='word_1_646' title='bbox 1135 4669 1343 4722; x_wconf 88' lang='lat' dir='ltr'><strong>inimici</strong></span> <span class='ocrx_word' id='word_1_647' title='bbox 1368 4667 1436 4719; x_wconf 72' lang='grc'><strong>⁸⁸.</strong></span> <span class='ocrx_word' id='word_1_648' title='bbox 1475 4686 1493 4720; x_wconf 81' lang='grc' dir='ltr'><strong>ι</strong></span> <span class='ocrx_word' id='word_1_649' title='bbox 1529 4667 1633 4721; x_wconf 89' lang='lat' dir='ltr'><strong>Sed</strong></span> <span class='ocrx_word' id='word_1_650' title='bbox 1665 4669 1755 4737; x_wconf 91' lang='lat' dir='ltr'><strong>qui</strong></span> <span class='ocrx_word' id='word_1_651' title='bbox 1788 4677 1915 4722; x_wconf 89' lang='lat' dir='ltr'><strong>sunt</strong></span> <span class='ocrx_word' id='word_1_652' title='bbox 1943 4668 2185 4734; x_wconf 88' lang='lat' dir='ltr'><strong>scorpio-</strong></span> 
     </span>
    </p>
   </div>
   <div class='ocr_carea' id='block_1_80' title="bbox 602 4758 2187 4829">
    <p class='ocr_par' dir='ltr' id='par_1_80' title="bbox 602 4758 2187 4829">
     <span class='ocr_line' id='line_1_80' title="bbox 602 4758 2187 4829; baseline 0 -15"><span class='ocrx_word' id='word_1_653' title='bbox 602 4776 722 4826; x_wconf 85' lang='lat' dir='ltr'><strong>nes,</strong></span> <span class='ocrx_word' id='word_1_654' title='bbox 750 4771 805 4815; x_wconf 92' lang='lat' dir='ltr'><strong>et</strong></span> <span class='ocrx_word' id='word_1_655' title='bbox 830 4762 1047 4829; x_wconf 88' lang='lat' dir='ltr'><strong>quinam</strong></span> <span class='ocrx_word' id='word_1_656' title='bbox 1072 4760 1390 4829; x_wconf 78' lang='lat' dir='ltr'><strong>serpentes?</strong></span> <span class='ocrx_word' id='word_1_657' title='bbox 1419 4758 1553 4813; x_wconf 81' lang='lat' dir='ltr'><strong>Num</strong></span> <span class='ocrx_word' id='word_1_658' title='bbox 1579 4760 1830 4814; x_wconf 86' lang='lat' dir='ltr'><strong>videlicet</strong></span> <span class='ocrx_word' id='word_1_659' title='bbox 1860 4761 2187 4814; x_wconf 70' lang='lat' dir='ltr'><strong>detestandae</strong></span> 
     </span>
    </p>
   </div>
   <div class='ocr_carea' id='block_1_81' title="bbox 602 4853 2185 4923">
    <p class='ocr_par' dir='ltr' id='par_1_81' title="bbox 602 4853 2185 4923">
     <span class='ocr_line' id='line_1_81' title="bbox 602 4853 2185 4923; baseline 0.003 -20"><span class='ocrx_word' id='word_1_660' title='bbox 602 4864 657 4905; x_wconf 78' lang='lat' dir='ltr'><strong>et</strong></span> <span class='ocrx_word' id='word_1_661' title='bbox 687 4864 927 4907; x_wconf 74' lang='lat' dir='ltr'><strong>cruenta:</strong></span> <span class='ocrx_word' id='word_1_662' title='bbox 956 4853 1336 4923; x_wconf 81' lang='lat' dir='ltr'><strong>pestiferorum</strong></span> <span class='ocrx_word' id='word_1_663' title='bbox 1370 4855 1701 4919; x_wconf 63' lang='lat' dir='ltr'><strong>daemonum,</strong></span> <span class='ocrx_word' id='word_1_664' title='bbox 1730 4862 1783 4907; x_wconf 88' lang='lat' dir='ltr'><strong>et</strong></span> <span class='ocrx_word' id='word_1_665' title='bbox 1811 4865 2029 4907; x_wconf 89' lang='lat' dir='ltr'><strong>sanctos</strong></span> <span class='ocrx_word' id='word_1_666' title='bbox 2058 4868 2185 4923; x_wconf 87' lang='lat' dir='ltr'><strong>per--</strong></span> 
     </span>
    </p>
   </div>
   <div class='ocr_carea' id='block_1_82' title="bbox 581 4927 2256 5014">
    <p class='ocr_par' dir='ltr' id='par_1_82' title="bbox 581 4927 2256 5014">
     <span class='ocr_line' id='line_1_82' title="bbox 581 4927 2256 5014; baseline 0 -18"><span class='ocrx_word' id='word_1_667' title='bbox 581 4942 942 5013; x_wconf 66' lang='lat' dir='ltr'><strong>sequentium</strong></span> <span class='ocrx_word' id='word_1_668' title='bbox 983 4944 1269 5009; x_wconf 87' lang='lat' dir='ltr'><strong>cohortes,</strong></span> <span class='ocrx_word' id='word_1_669' title='bbox 1307 4960 1428 5014; x_wconf 71' lang='lat' dir='ltr'><strong>quae</strong></span> <span class='ocrx_word' id='word_1_670' title='bbox 1462 4946 1626 4999; x_wconf 89' lang='lat' dir='ltr'><strong>etiam</strong></span> <span class='ocrx_word' id='word_1_671' title='bbox 1665 4944 1927 4997; x_wconf 71' lang='lat' dir='ltr'><strong>ministrzc</strong></span> <span class='ocrx_word' id='word_1_672' title='bbox 1963 4942 2181 4997; x_wconf 79' lang='lat' dir='ltr'><strong>fuerunt</strong></span> <span class='ocrx_word' id='word_1_673' title='bbox 2212 4927 2256 4983; x_wconf 80' lang='grc' dir='ltr'><strong>Ῐ)</strong></span> 
     </span>
    </p>
   </div>
   <div class='ocr_carea' id='block_1_83' title="bbox 602 5034 2177 5106">
    <p class='ocr_par' dir='ltr' id='par_1_83' title="bbox 602 5034 2177 5106">
     <span class='ocr_line' id='line_1_83' title="bbox 602 5034 2177 5106; baseline -0.002 -15"><span class='ocrx_word' id='word_1_674' title='bbox 602 5051 827 5091; x_wconf 76' lang='lat' dir='ltr'><strong>summa:</strong></span> <span class='ocrx_word' id='word_1_675' title='bbox 855 5036 1077 5089; x_wconf 83' lang='lat' dir='ltr'><strong>insaniae</strong></span> <span class='ocrx_word' id='word_1_676' title='bbox 1099 5037 1387 5106; x_wconf 83' lang='lat' dir='ltr'><strong>spirituum</strong></span> <span class='ocrx_word' id='word_1_677' title='bbox 1419 5036 1470 5089; x_wconf 92' lang='lat' dir='ltr'><strong>in</strong></span> <span class='ocrx_word' id='word_1_678' title='bbox 1501 5036 1601 5089; x_wconf 89' lang='lat' dir='ltr'><strong>hoc</strong></span> <span class='ocrx_word' id='word_1_679' title='bbox 1628 5037 1850 5099; x_wconf 92' lang='lat' dir='ltr'><strong>mundo,</strong></span> <span class='ocrx_word' id='word_1_680' title='bbox 1875 5034 1965 5103; x_wconf 86' lang='lat' dir='ltr'><strong>qui</strong></span> <span class='ocrx_word' id='word_1_681' title='bbox 1994 5043 2049 5088; x_wconf 88' lang='lat' dir='ltr'><strong>et</strong></span> <span class='ocrx_word' id='word_1_682' title='bbox 2076 5034 2177 5088; x_wconf 91' lang='lat' dir='ltr'><strong>hoc</strong></span> 
     </span>
    </p>
   </div>
   <div class='ocr_carea' id='block_1_84' title="bbox 603 5126 2177 5193">
    <p class='ocr_par' dir='ltr' id='par_1_84' title="bbox 603 5126 2177 5193">
     <span class='ocr_line' id='line_1_84' title="bbox 603 5126 2177 5193; baseline 0.001 -14"><span class='ocrx_word' id='word_1_683' title='bbox 603 5127 915 5181; x_wconf 82' lang='lat' dir='ltr'><strong>universum</strong></span> <span class='ocrx_word' id='word_1_684' title='bbox 965 5127 1339 5193; x_wconf 88' lang='lat' dir='ltr'><strong>circumeunt,</strong></span> <span class='ocrx_word' id='word_1_685' title='bbox 1386 5127 1591 5181; x_wconf 87' lang='lat' dir='ltr'><strong>sanctis</strong></span> <span class='ocrx_word' id='word_1_686' title='bbox 1639 5126 1989 5180; x_wconf 72' lang='lat' dir='ltr'><strong>multifariam</strong></span> <span class='ocrx_word' id='word_1_687' title='bbox 2042 5126 2177 5180; x_wconf 88' lang='lat' dir='ltr'><strong>insi-</strong></span> 
     </span>
    </p>
   </div>
   <div class='ocr_carea' id='block_1_85' title="bbox 602 5218 2177 5289">
    <p class='ocr_par' dir='ltr' id='par_1_85' title="bbox 602 5218 2177 5289">
     <span class='ocr_line' id='line_1_85' title="bbox 602 5218 2177 5289; baseline 0.001 -18"><span class='ocrx_word' id='word_1_688' title='bbox 602 5218 834 5283; x_wconf 89' lang='lat' dir='ltr'><strong>diantes,</strong></span> <span class='ocrx_word' id='word_1_689' title='bbox 859 5219 1106 5286; x_wconf 86' lang='lat' dir='ltr'><strong>quamvis</strong></span> <span class='ocrx_word' id='word_1_690' title='bbox 1131 5234 1226 5289; x_wconf 90' lang='lat' dir='ltr'><strong>per</strong></span> <span class='ocrx_word' id='word_1_691' title='bbox 1249 5219 1523 5274; x_wconf 89' lang='lat' dir='ltr'><strong>Christum</strong></span> <span class='ocrx_word' id='word_1_692' title='bbox 1550 5218 1889 5287; x_wconf 88' lang='lat' dir='ltr'><strong>triumphati,</strong></span> <span class='ocrx_word' id='word_1_693' title='bbox 1913 5220 2003 5287; x_wconf 88' lang='lat' dir='ltr'><strong>qui</strong></span> <span class='ocrx_word' id='word_1_694' title='bbox 2032 5218 2177 5272; x_wconf 89' lang='lat' dir='ltr'><strong>cruci</strong></span> 
     </span>
    </p>
   </div>
   <div class='ocr_carea' id='block_1_86' title="bbox 603 5308 2173 5380">
    <p class='ocr_par' dir='ltr' id='par_1_86' title="bbox 603 5308 2173 5380">
     <span class='ocr_line' id='line_1_86' title="bbox 603 5308 2173 5380; baseline -0.002 -15"><span class='ocrx_word' id='word_1_695' title='bbox 603 5324 714 5365; x_wconf 69' lang='lat' dir='ltr'><strong>sua:</strong></span> <span class='ocrx_word' id='word_1_696' title='bbox 742 5310 1164 5380; x_wconf 81' lang='lat' dir='ltr'><strong>chirographum</strong></span> <span class='ocrx_word' id='word_1_697' title='bbox 1198 5321 1383 5364; x_wconf 89' lang='lat' dir='ltr'><strong>contra</strong></span> <span class='ocrx_word' id='word_1_698' title='bbox 1419 5326 1517 5364; x_wconf 90' lang='lat' dir='ltr'><strong>nos</strong></span> <span class='ocrx_word' id='word_1_699' title='bbox 1547 5308 1711 5363; x_wconf 81' lang='lat' dir='ltr'><strong>aIIixit</strong></span> <span class='ocrx_word' id='word_1_700' title='bbox 1734 5310 1802 5376; x_wconf 77' lang='lat'><strong>&quot;,</strong></span> <span class='ocrx_word' id='word_1_701' title='bbox 1838 5318 1894 5363; x_wconf 92' lang='lat' dir='ltr'><strong>ut</strong></span> <span class='ocrx_word' id='word_1_702' title='bbox 1925 5325 2022 5366; x_wconf 92' lang='lat' dir='ltr'><strong>nos</strong></span> <span class='ocrx_word' id='word_1_703' title='bbox 2054 5310 2173 5365; x_wconf 80' lang='lat' dir='ltr'><strong>illo-</strong></span> 
     </span>
    </p>
   </div>
   <div class='ocr_carea' id='block_1_87' title="bbox 604 5402 2171 5472">
    <p class='ocr_par' dir='ltr' id='par_1_87' title="bbox 604 5402 2171 5472">
     <span class='ocr_line' id='line_1_87' title="bbox 604 5402 2171 5472; baseline -0.001 -14"><span class='ocrx_word' id='word_1_704' title='bbox 604 5418 723 5458; x_wconf 85' lang='lat' dir='ltr'><strong>rum</strong></span> <span class='ocrx_word' id='word_1_705' title='bbox 751 5403 1026 5458; x_wconf 90' lang='lat' dir='ltr'><strong>dominatu</strong></span> <span class='ocrx_word' id='word_1_706' title='bbox 1057 5403 1351 5458; x_wconf 81' lang='lat' dir='ltr'><strong>liberaret?</strong></span> <span class='ocrx_word' id='word_1_707' title='bbox 1379 5403 1555 5468; x_wconf 91' lang='lat' dir='ltr'><strong>Quare</strong></span> <span class='ocrx_word' id='word_1_708' title='bbox 1579 5403 1831 5472; x_wconf 85' lang='lat' dir='ltr'><strong>quoniam</strong></span> <span class='ocrx_word' id='word_1_709' title='bbox 1853 5402 2171 5466; x_wconf 87' lang='lat' dir='ltr'><strong>Jerusalem,</strong></span> 
     </span>
    </p>
   </div>
   <div class='ocr_carea' id='block_1_88' title="bbox 604 5494 2175 5563">
    <p class='ocr_par' dir='ltr' id='par_1_88' title="bbox 604 5494 2175 5563">
     <span class='ocr_line' id='line_1_88' title="bbox 604 5494 2175 5563; baseline 0.001 -16"><span class='ocrx_word' id='word_1_710' title='bbox 604 5509 723 5563; x_wconf 69' lang='lat' dir='ltr'><strong>qua:</strong></span> <span class='ocrx_word' id='word_1_711' title='bbox 750 5504 833 5548; x_wconf 90' lang='lat' dir='ltr'><strong>est</strong></span> <span class='ocrx_word' id='word_1_712' title='bbox 863 5494 1101 5549; x_wconf 88' lang='lat' dir='ltr'><strong>Ecclesia</strong></span> <span class='ocrx_word' id='word_1_713' title='bbox 1132 5495 1222 5549; x_wconf 89' lang='lat' dir='ltr'><strong>Dei</strong></span> <span class='ocrx_word' id='word_1_714' title='bbox 1253 5495 1577 5560; x_wconf 80' lang='lat' dir='ltr'><strong>virentis&quot;,</strong></span> <span class='ocrx_word' id='word_1_715' title='bbox 1608 5495 1937 5549; x_wconf 81' lang='lat' dir='ltr'><strong>conﬁdenter</strong></span> <span class='ocrx_word' id='word_1_716' title='bbox 1964 5497 2175 5549; x_wconf 86' lang='lat' dir='ltr'><strong>habita-</strong></span> 
     </span>
    </p>
   </div>
   <div class='ocr_carea' id='block_1_89' title="bbox 2302 3756 3874 3829">
    <p class='ocr_par' dir='ltr' id='par_1_89' title="bbox 2302 3756 3874 3829">
     <span class='ocr_line' id='line_1_89' title="bbox 2302 3756 3874 3829; baseline 0.004 -18"><span class='ocrx_word' id='word_1_717' title='bbox 2302 3756 2707 3827; x_wconf 72' lang='grc' dir='ltr'><strong>Ἰερουσαλήμ.</strong></span> <span class='ocrx_word' id='word_1_718' title='bbox 2776 3756 3148 3823; x_wconf 74' lang='grc' dir='ltr'>Τακήσονται</span> <span class='ocrx_word' id='word_1_719' title='bbox 3219 3763 3278 3813; x_wconf 79' lang='grc' dir='ltr'><strong>αι</strong></span> <span class='ocrx_word' id='word_1_720' title='bbox 3346 3759 3570 3829; x_wconf 81' lang='grc' dir='ltr'>σάρκες</span> <span class='ocrx_word' id='word_1_721' title='bbox 3630 3762 3831 3816; x_wconf 81' lang='grc' dir='ltr'>αὐτῶν</span> <span class='ocrx_word' id='word_1_722' title='bbox 3860 3804 3874 3827; x_wconf 93' lang='grc'><strong>,</strong></span> 
     </span>
    </p>
   </div>
   <div class='ocr_carea' id='block_1_90' title="bbox 2290 3846 3877 3917">
    <p class='ocr_par' dir='ltr' id='par_1_90' title="bbox 2290 3846 3877 3917">
     <span class='ocr_line' id='line_1_90' title="bbox 2290 3846 3877 3917; baseline 0.004 -15"><span class='ocrx_word' id='word_1_723' title='bbox 2290 3850 2637 3916; x_wconf 73' lang='grc' dir='ltr'>ἑστηκότων</span> <span class='ocrx_word' id='word_1_724' title='bbox 2661 3846 2864 3901; x_wconf 76' lang='grc' dir='ltr'>αὐτῶν</span> <span class='ocrx_word' id='word_1_725' title='bbox 2892 3848 2989 3902; x_wconf 75' lang='grc' dir='ltr'><strong>ἐπὶ</strong></span> <span class='ocrx_word' id='word_1_726' title='bbox 3026 3849 3168 3913; x_wconf 84' lang='grc' dir='ltr'>τοὺς</span> <span class='ocrx_word' id='word_1_727' title='bbox 3194 3849 3387 3916; x_wconf 81' lang='grc' dir='ltr'>πόδας</span> <span class='ocrx_word' id='word_1_728' title='bbox 3433 3850 3651 3917; x_wconf 79' lang='grc' dir='ltr'>αὐτῶν,</span> <span class='ocrx_word' id='word_1_729' title='bbox 3686 3854 3780 3907; x_wconf 79' lang='grc' dir='ltr'><strong>καί</strong></span> <span class='ocrx_word' id='word_1_730' title='bbox 3822 3860 3877 3910; x_wconf 76' lang='grc' dir='ltr'>οι</span> 
     </span>
    </p>
   </div>
   <div class='ocr_carea' id='block_1_91' title="bbox 2300 3937 3875 4009">
    <p class='ocr_par' dir='ltr' id='par_1_91' title="bbox 2300 3937 3875 4009">
     <span class='ocr_line' id='line_1_91' title="bbox 2300 3937 3875 4009; baseline 0.003 -16"><span class='ocrx_word' id='word_1_731' title='bbox 2300 3939 2596 4009; x_wconf 75' lang='grc' dir='ltr'><strong>ὀφθαλμοὶ</strong></span> <span class='ocrx_word' id='word_1_732' title='bbox 2619 3937 2819 3993; x_wconf 80' lang='grc' dir='ltr'>αὐτῶν</span> <span class='ocrx_word' id='word_1_733' title='bbox 2850 3938 3186 4009; x_wconf 79' lang='grc' dir='ltr'>ρυήσονται</span> <span class='ocrx_word' id='word_1_734' title='bbox 3214 3940 3282 3994; x_wconf 78' lang='grc' dir='ltr'>ἐκ</span> <span class='ocrx_word' id='word_1_735' title='bbox 3318 3941 3436 3994; x_wconf 79' lang='grc' dir='ltr'><strong>τῶν</strong></span> <span class='ocrx_word' id='word_1_736' title='bbox 3466 3941 3637 3996; x_wconf 75' lang='grc' dir='ltr'><strong>ὀπῶν</strong></span> <span class='ocrx_word' id='word_1_737' title='bbox 3653 3943 3875 4007; x_wconf 75' lang='grc' dir='ltr'>αὐτῶν,</span> 
     </span>
    </p>
   </div>
   <div class='ocr_carea' id='block_1_92' title="bbox 2290 4029 3871 4104">
    <p class='ocr_par' dir='ltr' id='par_1_92' title="bbox 2290 4029 3871 4104">
     <span class='ocr_line' id='line_1_92' title="bbox 2290 4029 3871 4104; baseline 0.003 -19"><span class='ocrx_word' id='word_1_738' title='bbox 2290 4030 2388 4086; x_wconf 75' lang='grc' dir='ltr'><strong>καί</strong></span> <span class='ocrx_word' id='word_1_739' title='bbox 2429 4032 2469 4099; x_wconf 73' lang='grc' dir='ltr'><strong><em>ἡ</em></strong></span> <span class='ocrx_word' id='word_1_740' title='bbox 2509 4029 2761 4101; x_wconf 76' lang='grc' dir='ltr'>γλῶσσα</span> <span class='ocrx_word' id='word_1_741' title='bbox 2794 4029 2995 4085; x_wconf 85' lang='grc' dir='ltr'>αὐτῶν</span> <span class='ocrx_word' id='word_1_742' title='bbox 3033 4031 3358 4098; x_wconf 60' lang='lat' dir='ltr'><strong>rumicem;</strong></span> <span class='ocrx_word' id='word_1_743' title='bbox 3384 4032 3457 4085; x_wconf 78' lang='grc' dir='ltr'><strong>ἐν</strong></span> <span class='ocrx_word' id='word_1_744' title='bbox 3482 4031 3565 4098; x_wconf 78' lang='grc' dir='ltr'>τῷ</span> <span class='ocrx_word' id='word_1_745' title='bbox 3620 4037 3871 4104; x_wconf 79' lang='grc' dir='ltr'>στόματι</span> 
     </span>
    </p>
   </div>
   <div class='ocr_carea' id='block_1_93' title="bbox 2287 4123 2509 4179">
    <p class='ocr_par' dir='ltr' id='par_1_93' title="bbox 2287 4123 2509 4179">
     <span class='ocr_line' id='line_1_93' title="bbox 2287 4123 2509 4179; baseline 0.009 -2"><span class='ocrx_word' id='word_1_746' title='bbox 2287 4123 2509 4179; x_wconf 78' lang='grc' dir='ltr'>αὐτῶν.</span> 
     </span>
    </p>
   </div>
   <div class='ocr_carea' id='block_1_94' title="bbox 2360 4214 3870 4290">
    <p class='ocr_par' dir='ltr' id='par_1_94' title="bbox 2360 4214 3870 4290">
     <span class='ocr_line' id='line_1_94' title="bbox 2360 4214 3870 4290; baseline 0.004 -21"><span class='ocrx_word' id='word_1_747' title='bbox 2360 4214 2485 4269; x_wconf 81' lang='lat' dir='ltr'><strong>PH‘.</strong></span> <span class='ocrx_word' id='word_1_748' title='bbox 2527 4234 2544 4267; x_wconf 87' lang='grc' dir='ltr'><strong>ι</strong></span> <span class='ocrx_word' id='word_1_749' title='bbox 2573 4214 2765 4286; x_wconf 81' lang='grc' dir='ltr'>Θλίψιν</span> <span class='ocrx_word' id='word_1_750' title='bbox 2795 4216 2944 4281; x_wconf 68' lang='grc' dir='ltr'>ἕξετε</span> <span class='ocrx_word' id='word_1_751' title='bbox 2970 4218 3029 4270; x_wconf 81' lang='grc' dir='ltr'>ὲν</span> <span class='ocrx_word' id='word_1_752' title='bbox 3072 4216 3150 4287; x_wconf 83' lang='grc' dir='ltr'>τῷ</span> <span class='ocrx_word' id='word_1_753' title='bbox 3197 4217 3411 4290; x_wconf 83' lang='grc' dir='ltr'>κόσμῳ,</span> <span class='ocrx_word' id='word_1_754' title='bbox 3449 4237 3467 4270; x_wconf 82' lang='grc' dir='ltr'><strong>ι</strong></span> <span class='ocrx_word' id='word_1_755' title='bbox 3518 4221 3635 4283; x_wconf 79' lang='grc' dir='ltr'>τοῖς</span> <span class='ocrx_word' id='word_1_756' title='bbox 3661 4222 3741 4285; x_wconf 77' lang='grc' dir='ltr'><strong>εἰς</strong></span> <span class='ocrx_word' id='word_1_757' title='bbox 3770 4222 3870 4274; x_wconf 78' lang='grc' dir='ltr'><strong>αὺ-</strong></span> 
     </span>
    </p>
   </div>
   <div class='ocr_carea' id='block_1_95' title="bbox 2288 4308 3870 4381">
    <p class='ocr_par' dir='ltr' id='par_1_95' title="bbox 2288 4308 3870 4381">
     <span class='ocr_line' id='line_1_95' title="bbox 2288 4308 3870 4381; baseline 0.003 -20"><span class='ocrx_word' id='word_1_758' title='bbox 2288 4308 2380 4362; x_wconf 82' lang='grc' dir='ltr'><strong>τὸν</strong></span> <span class='ocrx_word' id='word_1_759' title='bbox 2418 4308 2742 4362; x_wconf 83' lang='grc' dir='ltr'>πιστεύσασι</span> <span class='ocrx_word' id='word_1_760' title='bbox 2765 4308 3198 4380; x_wconf 83' lang='grc' dir='ltr'>προπεφώνηκεν</span> <span class='ocrx_word' id='word_1_761' title='bbox 3229 4313 3260 4364; x_wconf 84' lang='grc' dir='ltr'><strong>ὁ</strong></span> <span class='ocrx_word' id='word_1_762' title='bbox 3307 4311 3561 4381; x_wconf 84' lang='grc' dir='ltr'>Χριστός.</span> <span class='ocrx_word' id='word_1_763' title='bbox 3603 4312 3752 4381; x_wconf 76' lang='grc' dir='ltr'>Πλὴν</span> <span class='ocrx_word' id='word_1_764' title='bbox 3778 4312 3870 4365; x_wconf 79' lang='grc' dir='ltr'><strong>εὐ-</strong></span> 
     </span>
    </p>
   </div>
   <div class='ocr_carea' id='block_1_96' title="bbox 2288 4398 3871 4473">
    <p class='ocr_par' dir='ltr' id='par_1_96' title="bbox 2288 4398 3871 4473">
     <span class='ocr_line' id='line_1_96' title="bbox 2288 4398 3871 4473; baseline 0.004 -22"><span class='ocrx_word' id='word_1_765' title='bbox 2288 4398 2689 4470; x_wconf 78' lang='grc' dir='ltr'>θαρσεστέρους</span> <span class='ocrx_word' id='word_1_766' title='bbox 2722 4399 2995 4466; x_wconf 79' lang='grc' dir='ltr'>ἀποτελεῖ,</span> <span class='ocrx_word' id='word_1_767' title='bbox 3025 4402 3312 4473; x_wconf 81' lang='grc' dir='ltr'>χρησίμως</span> <span class='ocrx_word' id='word_1_768' title='bbox 3343 4402 3601 4470; x_wconf 76' lang='grc' dir='ltr'>ἐνεγκὼν·</span> <span class='ocrx_word' id='word_1_769' title='bbox 3640 4423 3660 4454; x_wconf 83' lang='grc' dir='ltr'><strong>ι</strong></span> <span class='ocrx_word' id='word_1_770' title='bbox 3710 4404 3871 4457; x_wconf 76' lang='grc' dir='ltr'>Ἀλλὰ</span> 
     </span>
    </p>
   </div>
   <div class='ocr_carea' id='block_1_97' title="bbox 2289 4491 3871 4567">
    <p class='ocr_par' dir='ltr' id='par_1_97' title="bbox 2289 4491 3871 4567">
     <span class='ocr_line' id='line_1_97' title="bbox 2289 4491 3871 4567; baseline 0.003 -22"><span class='ocrx_word' id='word_1_771' title='bbox 2289 4493 2560 4564; x_wconf 88' lang='grc' dir='ltr'>θαρσεῖτε,</span> <span class='ocrx_word' id='word_1_772' title='bbox 2596 4491 2706 4561; x_wconf 73' lang='grc' dir='ltr'>ἐγὼ</span> <span class='ocrx_word' id='word_1_773' title='bbox 2739 4492 3002 4561; x_wconf 88' lang='grc' dir='ltr'>νενίκηκα</span> <span class='ocrx_word' id='word_1_774' title='bbox 3031 4493 3123 4547; x_wconf 84' lang='grc' dir='ltr'><strong>τὸν</strong></span> <span class='ocrx_word' id='word_1_775' title='bbox 3175 4494 3398 4565; x_wconf 87' lang='grc' dir='ltr'>κόσμον.</span> <span class='ocrx_word' id='word_1_776' title='bbox 3436 4514 3455 4546; x_wconf 82' lang='grc' dir='ltr'><strong>ι</strong></span> <span class='ocrx_word' id='word_1_777' title='bbox 3517 4496 3731 4550; x_wconf 83' lang='grc' dir='ltr'>Δέδωκε</span> <span class='ocrx_word' id='word_1_778' title='bbox 3761 4497 3871 4567; x_wconf 76' lang='grc' dir='ltr'><strong>γὰρ</strong></span> 
     </span>
    </p>
   </div>
   <div class='ocr_carea' id='block_1_98' title="bbox 2289 4582 3868 4655">
    <p class='ocr_par' dir='ltr' id='par_1_98' title="bbox 2289 4582 3868 4655">
     <span class='ocr_line' id='line_1_98' title="bbox 2289 4582 3868 4655; baseline 0.002 -22"><span class='ocrx_word' id='word_1_779' title='bbox 2289 4584 2420 4653; x_wconf 75' lang='grc' dir='ltr'>ἡμῖν</span> <span class='ocrx_word' id='word_1_780' title='bbox 2454 4601 2472 4633; x_wconf 84' lang='grc' dir='ltr'><strong>ι</strong></span> <span class='ocrx_word' id='word_1_781' title='bbox 2513 4586 2707 4636; x_wconf 86' lang='grc' dir='ltr'>πατεῖν</span> <span class='ocrx_word' id='word_1_782' title='bbox 2739 4582 2930 4636; x_wconf 80' lang='grc' dir='ltr'>ἐπάνω</span> <span class='ocrx_word' id='word_1_783' title='bbox 2956 4582 3151 4653; x_wconf 77' lang='grc' dir='ltr'>όφεων,</span> <span class='ocrx_word' id='word_1_784' title='bbox 3179 4585 3273 4637; x_wconf 78' lang='grc' dir='ltr'><strong>καὶ</strong></span> <span class='ocrx_word' id='word_1_785' title='bbox 3308 4585 3603 4655; x_wconf 87' lang='grc' dir='ltr'>σκορπίων,</span> <span class='ocrx_word' id='word_1_786' title='bbox 3639 4587 3735 4639; x_wconf 80' lang='grc' dir='ltr'>καὶ</span> <span class='ocrx_word' id='word_1_787' title='bbox 3780 4587 3868 4639; x_wconf 63' lang='grc' dir='ltr'>επὶ</span> 
     </span>
    </p>
   </div>
   <div class='ocr_carea' id='block_1_99' title="bbox 2291 4674 3866 4749">
    <p class='ocr_par' dir='ltr' id='par_1_99' title="bbox 2291 4674 3866 4749">
     <span class='ocr_line' id='line_1_99' title="bbox 2291 4674 3866 4749; baseline 0.003 -23"><span class='ocrx_word' id='word_1_788' title='bbox 2291 4675 2473 4727; x_wconf 79' lang='grc' dir='ltr'>πᾶσαν</span> <span class='ocrx_word' id='word_1_789' title='bbox 2505 4674 2604 4745; x_wconf 78' lang='grc' dir='ltr'>τὴν</span> <span class='ocrx_word' id='word_1_790' title='bbox 2631 4674 2861 4743; x_wconf 85' lang='grc' dir='ltr'>δύναμιν</span> <span class='ocrx_word' id='word_1_791' title='bbox 2887 4674 2981 4728; x_wconf 84' lang='grc' dir='ltr'>τοῦ</span> <span class='ocrx_word' id='word_1_792' title='bbox 3011 4676 3231 4746; x_wconf 76' lang='grc' dir='ltr'><strong>ἐχθροῦ.</strong></span> <span class='ocrx_word' id='word_1_793' title='bbox 3282 4697 3301 4730; x_wconf 76' lang='grc' dir='ltr'><strong>ι</strong></span> <span class='ocrx_word' id='word_1_794' title='bbox 3344 4678 3501 4741; x_wconf 86' lang='grc' dir='ltr'>Τίνες</span> <span class='ocrx_word' id='word_1_795' title='bbox 3520 4678 3576 4731; x_wconf 82' lang='grc' dir='ltr'>δὲ</span> <span class='ocrx_word' id='word_1_796' title='bbox 3602 4679 3652 4731; x_wconf 87' lang='grc' dir='ltr'><strong>οί</strong></span> <span class='ocrx_word' id='word_1_797' title='bbox 3704 4694 3866 4749; x_wconf 76' lang='lat' dir='ltr'><strong>mp-</strong></span> 
     </span>
    </p>
   </div>
   <div class='ocr_carea' id='block_1_100' title="bbox 2291 4763 3867 4838">
    <p class='ocr_par' dir='ltr' id='par_1_100' title="bbox 2291 4763 3867 4838">
     <span class='ocr_line' id='line_1_100' title="bbox 2291 4763 3867 4838; baseline 0.001 -20"><span class='ocrx_word' id='word_1_798' title='bbox 2291 4766 2427 4829; x_wconf 87' lang='grc' dir='ltr'>πίοι,</span> <span class='ocrx_word' id='word_1_799' title='bbox 2463 4768 2555 4818; x_wconf 72' lang='grc' dir='ltr'>καὶ</span> <span class='ocrx_word' id='word_1_800' title='bbox 2587 4766 2731 4827; x_wconf 83' lang='grc' dir='ltr'>τίνες</span> <span class='ocrx_word' id='word_1_801' title='bbox 2761 4768 2809 4818; x_wconf 90' lang='grc' dir='ltr'>οί</span> <span class='ocrx_word' id='word_1_802' title='bbox 2841 4766 3025 4836; x_wconf 74' lang='grc' dir='ltr'>όφειςς</span> <span class='ocrx_word' id='word_1_803' title='bbox 3058 4763 3134 4820; x_wconf 85' lang='grc' dir='ltr'>Ἦ</span> <span class='ocrx_word' id='word_1_804' title='bbox 3160 4767 3401 4838; x_wconf 87' lang='grc' dir='ltr'>δηλονότι</span> <span class='ocrx_word' id='word_1_805' title='bbox 3427 4769 3494 4821; x_wconf 76' lang='grc' dir='ltr'><strong>τὰ</strong></span> <span class='ocrx_word' id='word_1_806' title='bbox 3516 4770 3741 4837; x_wconf 67' lang='grc' dir='ltr'>μυσαρὰ</span> <span class='ocrx_word' id='word_1_807' title='bbox 3775 4770 3867 4821; x_wconf 75' lang='grc' dir='ltr'>καὶ</span> 
     </span>
    </p>
   </div>
   <div class='ocr_carea' id='block_1_101' title="bbox 2292 4858 3867 4931">
    <p class='ocr_par' dir='ltr' id='par_1_101' title="bbox 2292 4858 3867 4931">
     <span class='ocr_line' id='line_1_101' title="bbox 2292 4858 3867 4931; baseline 0.001 -22"><span class='ocrx_word' id='word_1_808' title='bbox 2292 4858 2550 4927; x_wconf 81' lang='grc' dir='ltr'>μιαιφόνα</span> <span class='ocrx_word' id='word_1_809' title='bbox 2577 4860 2834 4929; x_wconf 84' lang='grc' dir='ltr'>τάγματα</span> <span class='ocrx_word' id='word_1_810' title='bbox 2867 4860 2977 4915; x_wconf 82' lang='grc' dir='ltr'><strong>τῶν</strong></span> <span class='ocrx_word' id='word_1_811' title='bbox 3001 4860 3298 4931; x_wconf 83' lang='grc' dir='ltr'>ἀλιτηρίων</span> <span class='ocrx_word' id='word_1_812' title='bbox 3325 4860 3617 4929; x_wconf 86' lang='grc' dir='ltr'>δαιμόνων,</span> <span class='ocrx_word' id='word_1_813' title='bbox 3647 4861 3745 4913; x_wconf 73' lang='grc' dir='ltr'><strong>καὶ</strong></span> <span class='ocrx_word' id='word_1_814' title='bbox 3766 4859 3867 4913; x_wconf 82' lang='grc' dir='ltr'>τῶν</span> 
     </span>
    </p>
   </div>
   <div class='ocr_carea' id='block_1_102' title="bbox 2283 4949 3867 5022">
    <p class='ocr_par' dir='ltr' id='par_1_102' title="bbox 2283 4949 3867 5022">
     <span class='ocr_line' id='line_1_102' title="bbox 2283 4949 3867 5022; baseline 0.004 -22"><span class='ocrx_word' id='word_1_815' title='bbox 2283 4949 2586 5001; x_wconf 79' lang='grc' dir='ltr'>διωκόντων</span> <span class='ocrx_word' id='word_1_816' title='bbox 2616 4952 2825 5018; x_wconf 81' lang='grc' dir='ltr'>ἁγίους,</span> <span class='ocrx_word' id='word_1_817' title='bbox 2882 4950 2930 5002; x_wconf 87' lang='grc' dir='ltr'>οἳ</span> <span class='ocrx_word' id='word_1_818' title='bbox 2981 4952 3075 5004; x_wconf 76' lang='grc' dir='ltr'>καὶ</span> <span class='ocrx_word' id='word_1_819' title='bbox 3125 4953 3414 5019; x_wconf 86' lang='grc' dir='ltr'>γεγόνασιν</span> <span class='ocrx_word' id='word_1_820' title='bbox 3468 4952 3738 5022; x_wconf 74' lang='grc' dir='ltr'>ὑπουργοὶ</span> <span class='ocrx_word' id='word_1_821' title='bbox 3772 4953 3867 5021; x_wconf 87' lang='grc' dir='ltr'><strong>τῆς</strong></span> 
     </span>
    </p>
   </div>
   <div class='ocr_carea' id='block_1_103' title="bbox 2284 5038 3867 5111">
    <p class='ocr_par' dir='ltr' id='par_1_103' title="bbox 2284 5038 3867 5111">
     <span class='ocr_line' id='line_1_103' title="bbox 2284 5038 3867 5111; baseline 0.001 -21"><span class='ocrx_word' id='word_1_822' title='bbox 2284 5038 2521 5108; x_wconf 80' lang='grc' dir='ltr'>ἀκράτου</span> <span class='ocrx_word' id='word_1_823' title='bbox 2558 5040 2752 5108; x_wconf 87' lang='grc' dir='ltr'>μανίας</span> <span class='ocrx_word' id='word_1_824' title='bbox 2780 5039 2889 5093; x_wconf 84' lang='grc' dir='ltr'>τῶν</span> <span class='ocrx_word' id='word_1_825' title='bbox 2933 5041 2992 5091; x_wconf 87' lang='grc' dir='ltr'>ὲν</span> <span class='ocrx_word' id='word_1_826' title='bbox 3053 5040 3243 5110; x_wconf 82' lang='grc' dir='ltr'>κόσμῳ</span> <span class='ocrx_word' id='word_1_827' title='bbox 3300 5041 3649 5111; x_wconf 85' lang='grc' dir='ltr'>πνευμάτων,</span> <span class='ocrx_word' id='word_1_828' title='bbox 3709 5040 3745 5094; x_wconf 80' lang='grc' dir='ltr'>ἃ</span> <span class='ocrx_word' id='word_1_829' title='bbox 3779 5040 3867 5093; x_wconf 78' lang='grc' dir='ltr'><strong>καὶ</strong></span> 
     </span>
    </p>
   </div>
   <div class='ocr_carea' id='block_1_104' title="bbox 2284 5128 3867 5205">
    <p class='ocr_par' dir='ltr' id='par_1_104' title="bbox 2284 5128 3867 5205">
     <span class='ocr_line' id='line_1_104' title="bbox 2284 5128 3867 5205; baseline 0.002 -24"><span class='ocrx_word' id='word_1_830' title='bbox 2284 5128 2401 5181; x_wconf 87' lang='grc' dir='ltr'>τόδε</span> <span class='ocrx_word' id='word_1_831' title='bbox 2431 5129 2493 5181; x_wconf 85' lang='grc' dir='ltr'><strong>τὸ</strong></span> <span class='ocrx_word' id='word_1_832' title='bbox 2527 5130 2747 5200; x_wconf 86' lang='grc' dir='ltr'>σύμπαν</span> <span class='ocrx_word' id='word_1_833' title='bbox 2804 5136 3129 5202; x_wconf 83' lang='grc' dir='ltr'>περινοστεῖ,</span> <span class='ocrx_word' id='word_1_834' title='bbox 3176 5132 3530 5205; x_wconf 88' lang='grc' dir='ltr'>πολυτρόπως</span> <span class='ocrx_word' id='word_1_835' title='bbox 3563 5137 3674 5193; x_wconf 83' lang='grc' dir='ltr'>τοῖς</span> <span class='ocrx_word' id='word_1_836' title='bbox 3696 5134 3867 5201; x_wconf 81' lang='grc' dir='ltr'>ἁγίοις</span> 
     </span>
    </p>
   </div>
   <div class='ocr_carea' id='block_1_105' title="bbox 2286 5222 3862 5295">
    <p class='ocr_par' dir='ltr' id='par_1_105' title="bbox 2286 5222 3862 5295">
     <span class='ocr_line' id='line_1_105' title="bbox 2286 5222 3862 5295; baseline 0.003 -23"><span class='ocrx_word' id='word_1_837' title='bbox 2286 5222 2723 5286; x_wconf 75' lang='grc' dir='ltr'>ἐπιϐουλεύοντα,</span> <span class='ocrx_word' id='word_1_838' title='bbox 2752 5224 2928 5277; x_wconf 88' lang='grc' dir='ltr'>καίτοι</span> <span class='ocrx_word' id='word_1_839' title='bbox 2954 5224 3431 5295; x_wconf 77' lang='grc' dir='ltr'>τεθριαμϐευμένα</span> <span class='ocrx_word' id='word_1_840' title='bbox 3464 5226 3551 5278; x_wconf 84' lang='grc' dir='ltr'><strong>διὰ</strong></span> <span class='ocrx_word' id='word_1_841' title='bbox 3609 5225 3862 5295; x_wconf 78' lang='grc' dir='ltr'>Χριστοῦ,</span> 
     </span>
    </p>
   </div>
   <div class='ocr_carea' id='block_1_106' title="bbox 2286 5313 3863 5388">
    <p class='ocr_par' dir='ltr' id='par_1_106' title="bbox 2286 5313 3863 5388">
     <span class='ocr_line' id='line_1_106' title="bbox 2286 5313 3863 5388; baseline 0.003 -23"><span class='ocrx_word' id='word_1_842' title='bbox 2286 5313 2736 5385; x_wconf 80' lang='grc' dir='ltr'>προσηλώσαντος</span> <span class='ocrx_word' id='word_1_843' title='bbox 2764 5314 2841 5385; x_wconf 81' lang='grc' dir='ltr'>τῷ</span> <span class='ocrx_word' id='word_1_844' title='bbox 2888 5315 3002 5386; x_wconf 80' lang='grc' dir='ltr'>ἰδίῳ</span> <span class='ocrx_word' id='word_1_845' title='bbox 3056 5316 3276 5388; x_wconf 85' lang='grc' dir='ltr'>σταυρῷ</span> <span class='ocrx_word' id='word_1_846' title='bbox 3308 5317 3368 5370; x_wconf 77' lang='grc' dir='ltr'>τὸ</span> <span class='ocrx_word' id='word_1_847' title='bbox 3413 5317 3533 5371; x_wconf 79' lang='grc' dir='ltr'>καθ’</span> <span class='ocrx_word' id='word_1_848' title='bbox 3562 5317 3720 5387; x_wconf 81' lang='grc' dir='ltr'>ἡμῶν</span> <span class='ocrx_word' id='word_1_849' title='bbox 3760 5334 3863 5386; x_wconf 86' lang='grc' dir='ltr'>χει-</span> 
     </span>
    </p>
   </div>
   <div class='ocr_carea' id='block_1_107' title="bbox 2248 5407 3862 5481">
    <p class='ocr_par' dir='ltr' id='par_1_107' title="bbox 2248 5407 3862 5481">
     <span class='ocr_line' id='line_1_107' title="bbox 2248 5407 3862 5481; baseline 0.002 -21"><span class='ocrx_word' id='word_1_850' title='bbox 2248 5424 2253 5429; x_wconf 77' lang='lat'>‘</span> <span class='ocrx_word' id='word_1_851' title='bbox 2285 5409 2579 5477; x_wconf 76' lang='grc' dir='ltr'>ρόγραφον,</span> <span class='ocrx_word' id='word_1_852' title='bbox 2600 5407 2685 5459; x_wconf 77' lang='grc' dir='ltr'>ἵνα</span> <span class='ocrx_word' id='word_1_853' title='bbox 2701 5407 2797 5477; x_wconf 83' lang='grc' dir='ltr'>τῆς</span> <span class='ocrx_word' id='word_1_854' title='bbox 2813 5409 3034 5461; x_wconf 80' lang='grc' dir='ltr'>ἐκείνων</span> <span class='ocrx_word' id='word_1_855' title='bbox 3051 5411 3200 5479; x_wconf 79' lang='grc' dir='ltr'>ἡμᾶς</span> <span class='ocrx_word' id='word_1_856' title='bbox 3221 5409 3504 5481; x_wconf 81' lang='grc' dir='ltr'>ἀπαλλάξῃ</span> <span class='ocrx_word' id='word_1_857' title='bbox 3532 5410 3862 5474; x_wconf 76' lang='grc' dir='ltr'>πλεονεξίαςς</span> 
     </span>
    </p>
   </div>
   <div class='ocr_carea' id='block_1_108' title="bbox 2283 5497 3920 5572">
    <p class='ocr_par' dir='ltr' id='par_1_108' title="bbox 2283 5497 3920 5572">
     <span class='ocr_line' id='line_1_108' title="bbox 2283 5497 3920 5572; baseline 0.001 -21"><span class='ocrx_word' id='word_1_858' title='bbox 2283 5497 2493 5552; x_wconf 76' lang='grc' dir='ltr'>θύκοῦν</span> <span class='ocrx_word' id='word_1_859' title='bbox 2529 5498 2713 5569; x_wconf 74' lang='grc' dir='ltr'>ἐπειδὴ</span> <span class='ocrx_word' id='word_1_860' title='bbox 2740 5504 3084 5571; x_wconf 66' lang='grc' dir='ltr'>κατοικήσειν</span> <span class='ocrx_word' id='word_1_861' title='bbox 3117 5500 3221 5571; x_wconf 75' lang='grc' dir='ltr'><strong>ἔφη</strong></span> <span class='ocrx_word' id='word_1_862' title='bbox 3262 5501 3601 5564; x_wconf 83' lang='grc' dir='ltr'>πεποιθότως</span> <span class='ocrx_word' id='word_1_863' title='bbox 3630 5501 3728 5572; x_wconf 79' lang='grc' dir='ltr'>τὴν</span> <span class='ocrx_word' id='word_1_864' title='bbox 3766 5502 3863 5553; x_wconf 83' lang='grc' dir='ltr'><strong>ἰε-</strong></span> <span class='ocrx_word' id='word_1_865' title='bbox 3915 5567 3920 5569; x_wconf 92' lang='lat'>_</span> 
     </span>
    </p>
   </div>
   <div class='ocr_carea' id='block_1_109' title="bbox 676 5696 2191 5765">
    <p class='ocr_par' dir='ltr' id='par_1_109' title="bbox 676 5696 2189 5764">
     <span class='ocr_line' id='line_1_109' title="bbox 676 5696 2189 5764; baseline 0.001 -13"><span class='ocrx_word' id='word_1_866' title='bbox 676 5696 719 5726; x_wconf 84' lang='lat'><strong>&#39;°</strong></span> <span class='ocrx_word' id='word_1_867' title='bbox 742 5696 939 5751; x_wconf 88' lang='lat' dir='ltr'><strong>Jerem.</strong></span> <span class='ocrx_word' id='word_1_868' title='bbox 968 5714 1117 5764; x_wconf 61' lang='grc' dir='ltr'>χχχι,</span> <span class='ocrx_word' id='word_1_869' title='bbox 1140 5699 1225 5751; x_wconf 70' lang='grc'><strong>13.</strong></span> <span class='ocrx_word' id='word_1_870' title='bbox 1288 5700 1329 5730; x_wconf 83' lang='grc'><strong>⁸¹</strong></span> <span class='ocrx_word' id='word_1_871' title='bbox 1362 5699 1545 5751; x_wconf 77' lang='lat' dir='ltr'><strong>Matth.</strong></span> <span class='ocrx_word' id='word_1_872' title='bbox 1570 5715 1629 5759; x_wconf 87' lang='grc' dir='ltr'><strong>ιι,</strong></span> <span class='ocrx_word' id='word_1_873' title='bbox 1662 5698 1847 5754; x_wconf 76' lang='grc'><strong>16-18.</strong></span> <span class='ocrx_word' id='word_1_874' title='bbox 1913 5702 1955 5731; x_wconf 82' lang='grc'><strong>⁸⁸</strong></span> <span class='ocrx_word' id='word_1_875' title='bbox 1992 5699 2189 5757; x_wconf 82' lang='lat' dir='ltr'><strong>&#39;l‘hren.</strong></span> 
     </span>
    </p>
   </div>
   <div class='ocr_carea' id='block_1_110' title="bbox 2292 5696 3854 5765">
    <p class='ocr_par' dir='ltr' id='par_1_110' title="bbox 2292 5700 3854 5765">
     <span class='ocr_line' id='line_1_110' title="bbox 2292 5700 3854 5765; baseline 0.001 -13"><span class='ocrx_word' id='word_1_876' title='bbox 2292 5702 2330 5753; x_wconf 74' lang='grc' dir='ltr'><strong>ἰ.</strong></span> <span class='ocrx_word' id='word_1_877' title='bbox 2410 5700 2453 5730; x_wconf 78' lang='grc'><strong>⁸³</strong></span> <span class='ocrx_word' id='word_1_878' title='bbox 2493 5700 2623 5755; x_wconf 84' lang='lat' dir='ltr'><strong>Ibid.</strong></span> <span class='ocrx_word' id='word_1_879' title='bbox 2654 5701 2828 5765; x_wconf 73' lang='lat' dir='ltr'><strong>l8&#39;,‘tt,</strong></span> <span class='ocrx_word' id='word_1_880' title='bbox 2855 5705 2945 5758; x_wconf 66' lang='lat' dir='ltr'><strong>QI.</strong></span> <span class='ocrx_word' id='word_1_881' title='bbox 3022 5706 3067 5736; x_wconf 64' lang='grc'><strong>⁸⁵</strong></span> <span class='ocrx_word' id='word_1_882' title='bbox 3093 5703 3130 5758; x_wconf 91' lang='lat' dir='ltr'><strong>ll</strong></span> <span class='ocrx_word' id='word_1_883' title='bbox 3157 5705 3279 5757; x_wconf 80' lang='lat' dir='ltr'><strong>Cor.</strong></span> <span class='ocrx_word' id='word_1_884' title='bbox 3314 5720 3384 5759; x_wconf 77' lang='lat' dir='ltr'><strong>\‘Il</strong></span> <span class='ocrx_word' id='word_1_885' title='bbox 3432 5706 3518 5761; x_wconf 81' lang='lat' dir='ltr'><strong>IO.</strong></span> <span class='ocrx_word' id='word_1_886' title='bbox 3594 5706 3639 5736; x_wconf 80' lang='grc'>⁸⁸</span> <span class='ocrx_word' id='word_1_887' title='bbox 3670 5701 3854 5757; x_wconf 78' lang='lat' dir='ltr'><strong>Matth.</strong></span> 
     </span>
    </p>
   </div>
   <div class='ocr_carea' id='block_1_111' title="bbox 605 5767 1829 5836">
    <p class='ocr_par' dir='ltr' id='par_1_111' title="bbox 605 5767 1829 5836">
     <span class='ocr_line' id='line_1_111' title="bbox 605 5767 1829 5836; baseline 0.006 -17"><span class='ocrx_word' id='word_1_888' title='bbox 605 5781 657 5832; x_wconf 93' lang='lat' dir='ltr'><strong>v,</strong></span> <span class='ocrx_word' id='word_1_889' title='bbox 686 5768 738 5821; x_wconf 89' lang='lat'><strong>5.</strong></span> <span class='ocrx_word' id='word_1_890' title='bbox 813 5770 856 5799; x_wconf 75' lang='grc'><strong>⁸⁸</strong></span> <span class='ocrx_word' id='word_1_891' title='bbox 894 5767 1020 5824; x_wconf 85' lang='lat' dir='ltr'><strong>Luc.</strong></span> <span class='ocrx_word' id='word_1_892' title='bbox 1067 5784 1139 5835; x_wconf 71' lang='lat' dir='ltr'><strong>Vl,</strong></span> <span class='ocrx_word' id='word_1_893' title='bbox 1172 5768 1259 5824; x_wconf 73' lang='lat'><strong>2|.</strong></span> <span class='ocrx_word' id='word_1_894' title='bbox 1338 5770 1379 5803; x_wconf 76' lang='grc'><strong>⁸⁷</strong></span> <span class='ocrx_word' id='word_1_895' title='bbox 1415 5769 1571 5824; x_wconf 69' lang='lat' dir='ltr'><strong>Joan.</strong></span> <span class='ocrx_word' id='word_1_896' title='bbox 1600 5786 1709 5836; x_wconf 74' lang='lat' dir='ltr'><strong>xu,</strong></span> <span class='ocrx_word' id='word_1_897' title='bbox 1742 5772 1829 5826; x_wconf 76' lang='grc'><strong>55.</strong></span> 
     </span>
    </p>
   </div>
   <div class='ocr_carea' id='block_1_112' title="bbox 1907 5770 3200 5843">
    <p class='ocr_par' dir='ltr' id='par_1_112' title="bbox 1907 5770 3200 5843">
     <span class='ocr_line' id='line_1_112' title="bbox 1907 5770 3200 5843; baseline 0.005 -20"><span class='ocrx_word' id='word_1_898' title='bbox 1907 5772 1949 5803; x_wconf 72' lang='grc'><strong>⁵³</strong></span> <span class='ocrx_word' id='word_1_899' title='bbox 1983 5772 2115 5826; x_wconf 87' lang='lat' dir='ltr'><strong>Ibid.</strong></span> <span class='ocrx_word' id='word_1_900' title='bbox 2194 5774 2237 5803; x_wconf 82' lang='grc'><strong>⁸⁹</strong></span> <span class='ocrx_word' id='word_1_901' title='bbox 2274 5770 2403 5828; x_wconf 69' lang='lat' dir='ltr'><strong>an.</strong></span> <span class='ocrx_word' id='word_1_902' title='bbox 2452 5788 2503 5827; x_wconf 72' lang='grc' dir='ltr'>ιι.</span> <span class='ocrx_word' id='word_1_903' title='bbox 2546 5772 2628 5827; x_wconf 88' lang='lat' dir='ltr'><strong>l9.</strong></span> <span class='ocrx_word' id='word_1_904' title='bbox 2706 5774 2751 5804; x_wconf 83' lang='grc'><strong>⁹⁶</strong></span> <span class='ocrx_word' id='word_1_905' title='bbox 2783 5774 2988 5831; x_wconf 83' lang='lat' dir='ltr'><strong>Coloss.</strong></span> <span class='ocrx_word' id='word_1_906' title='bbox 3015 5792 3077 5843; x_wconf 86' lang='lat' dir='ltr'><strong>It,</strong></span> <span class='ocrx_word' id='word_1_907' title='bbox 3118 5776 3200 5830; x_wconf 72' lang='lat'><strong>‘4.</strong></span> 
     </span>
    </p>
   </div>
   <div class='ocr_carea' id='block_1_113' title="bbox 3279 5773 3788 5842">
    <p class='ocr_par' dir='ltr' id='par_1_113' title="bbox 3279 5773 3788 5842">
     <span class='ocr_line' id='line_1_113' title="bbox 3279 5773 3788 5842; baseline -0.014 -10"><span class='ocrx_word' id='word_1_908' title='bbox 3279 5782 3321 5807; x_wconf 76' lang='lat'>&quot;</span> <span class='ocrx_word' id='word_1_909' title='bbox 3366 5773 3553 5831; x_wconf 86' lang='lat' dir='ltr'><strong>lTitn.</strong></span> <span class='ocrx_word' id='word_1_910' title='bbox 3599 5791 3678 5842; x_wconf 88' lang='grc' dir='ltr'>ιιι,</span> <span class='ocrx_word' id='word_1_911' title='bbox 3707 5775 3788 5828; x_wconf 83' lang='grc'><strong>15.</strong></span> 
     </span>
    </p>
   </div>
  </div>
