4070 6504
1058 367 1605 426 commentantes
1644 366 1709 422 IN
1753 365 2157 423 zacuamau
2198 320 2638 427 reuertenti.
2820 327 2831 335 ’
3381 373 3485 428 262

225 375 325 430 τοι

225 487 502 564 ρουσαλὴμ
530 529 542 553 ,
586 487 707 559 ἥτις
758 488 903 541 ἐστὶν
957 488 1252 566 Ἐκκλησία
1289 489 1423 542 Θεοῦ
1475 486 1696 554 ζῶντος,

1913 496 2088 540 turam
2126 487 2279 552 dixit,
2320 487 2620 558 licebatque
2649 488 3008 563 jure,opthno
3042 488 3145 542 hoc
3180 490 3486 545 confectum

221 582 278 639 δὲ
328 582 389 654 δὴ
438 579 619 642 τοῦτο,
672 581 766 635 καὶ
809 580 951 651 μάλα
1000 580 1205 651 όρθῶς,
1249 579 1780 651 ἁποπερανθήσεσθα

1908 577 1971 632 iri
2008 594 2229 646 sperare
2258 579 2485 635 sublatis
2517 581 2781 646 hostibus,
2809 589 2863 637 et
2889 578 3096 635 eversis
3132 578 3199 633 iis
3233 580 3325 649 qui
3364 595 3485 635 eam

224 672 521 746 προσδοκᾷν
559 670 973 741 ἀναιρουμένων
1002 670 1234 742 ἐχθρῶν,
1270 671 1364 723 καὶ
1396 669 1505 722 τῶν
1533 667 1786 721 είωθότωι

1906 672 2154 741 persequi
2180 681 2598 735 consueverant,
2622 675 2928 728 necessario
2952 681 3005 727 et
3032 673 3146 726 haec
3172 672 3326 726 nobis
3350 688 3479 728 nar-

220 765 433 819 διώκειν
461 762 635 833 αὐτὴν
667 763 1191 833 ἀνατετραμμένων,
1235 761 1538 829 ἀναγκαίαν
1568 762 1786 813 ποιεῖται

1904 772 2007 815 rat.
2052 761 2227 831 inquit
2262 768 2404 818 enim
2446 782 2459 817 :
2505 783 2523 815 ι
2568 763 2693 819 Haec
2732 765 2837 818 erit
2876 764 3027 817 ruina
3078 778 3185 835 qua
3222 766 3480 831 percutiet

220 861 313 913 καὶ
337 854 539 910 τούτων
567 857 702 924 ἡμῖν
729 854 829 924 τὴν
884 855 1180 924 ἀφήγησιν.
1222 874 1239 905 ι
1269 853 1415 924 Αὕτη
1477 853 1586 922 γὰρ
1614 854 1795 916 ἔσται,

219 950 397 1020 φησὶν,
429 948 463 1018 ή
488 946 717 1009 πτῶσις,
743 948 810 1018 ἢν
832 947 986 1016 κόψει
1016 946 1219 1019 Κύριος
1239 947 1447 1008 πάντας
1467 946 1589 1008 τοὺς
1612 945 1794 1007 λαοὺς,

216 1044 328 1098 ὅσοι
356 1039 801 1110 ἐπεστράτευσαν
824 1040 918 1091 ἐπὶ
963 1038 1339 1110 Ἰερουσαλήμ·
1373 1040 1427 1091 αἱ
1462 1036 1664 1107 σάρκες
1699 1036 1797 1087 αύ-

214 1132 320 1188 τῶν
336 1131 1208 1202 κατατακήσονται,ἐκρυήσονται
1236 1131 1293 1183 δέ
1322 1130 1414 1182 καὶ
1440 1132 1488 1182 oi
1505 1127 1793 1199 ὀφθαλμοὶ,

216 1224 617 1296 συντηκομένης
672 1226 768 1277 καὶ
832 1222 1102 1294 γλώττης.
1146 1242 1165 1273 ι
1215 1222 1273 1273 'U
1331 1221 1430 1292 μὲν
1460 1220 1569 1293 γὰρ
1617 1219 1796 1284 κοινὸς

212 1310 384 1380 οὗτος,
419 1316 514 1369 καὶ
566 1316 630 1368 ἐκ
683 1315 784 1385 τῆς
833 1313 1047 1384 φύσεως
1091 1312 1319 1375 Θάνατος
1372 1313 1529 1385 τήκει
1560 1312 1659 1383 μὲν
1696 1309 1797 1375 τάς

210 1408 471 1462 ἁπάντων
525 1406 756 1477 σάρκας,
823 1405 919 1458 καὶ
968 1404 1253 1475 ἀποκείρει
1308 1404 1641 1474 ὀφθαλμοὺς,
1701 1403 1795 1456 καὶ

209 1497 478 1566 γλώσσας·
525 1497 809 1551 πάνδεινον
842 1496 919 1561 δὲ,
980 1497 1197 1568 καὶτῆς
1227 1496 1308 1557 είς
1341 1495 1493 1565 λῆξιν
1552 1493 1794 1565 ἡκούσης

212 1590 495 1659 συμφορᾶς
546 1588 633 1659 εἴη
689 1588 756 1641 ἂν
784 1587 1011 1650 εἰκότως
1048 1587 1109 1640 τὸ
1137 1586 1377 1653 ζώντων,
1405 1586 1499 1639 καὶ
1542 1585 1792 1640 ἑστώτων

210 1678 286 1733 ῑτι
320 1679 552 1748 τακῆναι
592 1678 689 1749 μὲν
726 1678 957 1750 σάρκας,
1006 1680 1097 1732 καὶ
1120 1680 1381 1750 ἀπορρεῖν
1437 1678 1751 1749 ὀφθαλμοὺς
1774 1718 1789 1744 ,

208 1770 526 1835 κολάζεσθαι
547 1771 605 1824 δὲ
625 1772 718 1824 καὶ
739 1770 1004 1839 γλώττας.
1025 1767 1097 1823 Εὖ
1115 1770 1171 1823 δὲ
1193 1771 1257 1841 δὴ
1288 1770 1493 1841 σφόδρα
1513 1769 1582 1823 τά
1612 1769 1788 1824 τοιάδε

209 1863 583 1935 συμϐήσεσθαι
612 1879 745 1933 φησι
772 1865 883 1927 τοῖς
914 1861 1143 1934 θεομισῆ
1179 1862 1273 1917 καὶ
1300 1863 1574 1933 ἐπάρατον
1592 1863 1788 1933 ἐπιτη-
1820 1844 1864 1898 Β

208 1953 427 2009 δεύσασι
455 1953 622 2026 ζωήν.
665 1952 1180 2026 Είσπραχθήσονται
1201 1951 1309 2023 γὰρ
1331 1952 1503 2017 δίκας,
1528 1953 1624 2023 οὐχ
1647 1952 1790 2024 ὑπέρ

208 2062 268 2112 γε
305 2044 468 2115 μόνον
498 2045 608 2098 τῶν
640 2046 721 2109 είς
742 2045 934 2114 ἁγίους
964 2045 1149 2107 αὐτοῖς
1200 2044 1751 2115 πεπλημμελημένων
1771 2061 1785 2076 ο

207 2134 340 2189 ἀλλά
367 2136 466 2189 καὶ⁸
495 2134 637 2206 ὑπὲρ
662 2131 729 2207 ἧς
765 2136 1063 2206 ἐσχήκασιν
1116 2136 1175 2188 ἐν
1226 2133 1359 2205 τῷδε
1386 2134 1462 2205 τῷ
1485 2136 1675 2207 κόσμῳ
1708 2153 1791 2205 φι-

206 2226 520 2297 λοσαρκίαςο
549 2227 583 2299 ἢ
610 2227 704 2280 καὶ
727 2226 947 2296 γέγονεν
967 2227 1151 2290 αὐτοῖς
1182 2226 1329 2280 αἰτία
1346 2227 1439 2280 τοῦ
1466 2228 1601 2297 μήτε
1626 2244 1791 2297 προσ-

207 2317 444 2385 ήκασθαι
472 2314 569 2386 τὴν
598 2316 802 2380 πίστιν,
848 2317 985 2387 μήτε
1018 2316 1125 2388 μὴν
1152 2315 1367 2370 ἑλέσθαι
1399 2317 1499 2388 ζῇν
1525 2317 1785 2383 εὐσεϐῶς,

207 2405 423 2475 καὶτῆς
451 2408 510 2459 ἐν
539 2404 762 2477 Χριστῷ
815 2404 1091 2469 πολιτείας
1145 2406 1434 2477 ἀγαπῆσαι
1464 2405 1562 2477 τὴν
1605 2406 1785 2473 δόξαν.

206 2493 467 2563 Γεγόνασι
500 2494 599 2564 μὲν
621 2494 750 2565 γὰρ,
784 2493 859 2558 ώς
888 2494 1046 2566 ἔφην,
1103 2496 1527 2560 ἀπονενευκότες
1570 2497 1788 2561 ἀτόπως

206 2590 280 2652 εἰς
325 2588 594 2650 ἐκτόπους
653 2588 865 2658 ἡδονάςο
898 2588 1165 2658 ἐσχήκασι
1212 2588 1269 2641 δὲ
1309 2590 1405 2642 καὶ
1453 2590 1538 2660 ἐφ’
1573 2591 1788 2661 ἐκάστῳ

203 2679 305 2733 τῶν
329 2679 630 2751 ὁρωμένων
652 2678 968 2750 ἐπιθυμίαν,
1006 2681 1291 2751 μονονουχὶ
1320 2681 1513 2751 χανδὸν
1536 2682 1787 2736 ἐκπίνον-

203 2788 305 2834 τες.
350 2771 657 2842 Ἠκόνησαν
705 2771 762 2824 δὲ
808 2773 903 2826 καὶ
930 2772 1175 2841 γλῶτταν
1213 2773 1355 2826 κατά
1388 2772 1647 2844 Χριστοῦ,
1688 2773 1783 2826 καὶ

202 2860 301 2914 τῶν
325 2862 491 2932 ἱερῶν
508 2863 607 2931 τῆς
636 2863 963 2934 Ἐκκλησίας
980 2863 1267 2934 δογμάτων
1289 2864 1508 2917 ἀνοσίαν
1533 2864 1787 2933 πεποίην-

203 2968 284 3005 ται
308 2951 410 3022 τὴν
434 2954 793 3024 κατάρῤησιν.
829 2954 1068 3017 Εἰκότως
1106 2954 1170 3023 δὴ
1209 2951 1303 3008 οὖν
1349 2957 1429 3019 είς
1469 2956 1679 3026 σάρκας
1727 2972 1786 3008 τε

202 3045 651 3116 καὶόιρθαλμοὺς,
704 3048 800 3100 καὶ
849 3045 1094 3115 γλώττας
1138 3047 1237 3119 τὴν
1262 3048 1417 3118 δίκην
1460 3049 1777 3119 ἐσχήκασιν.

1904 852 2161 905 Dominus
2207 867 2397 906 omnes
2444 853 2706 921 populos,
2755 854 3065 923 quicunque
3112 853 3485 906 militaverunt

1903 951 2090 995 contra
2116 942 2413 996 Jerusalem
2446 963 2458 996 :
2486 959 2678 998 carnes
2704 960 2891 998 eorum
2924 944 3226 1007 tabcscent,
3255 952 3307 997 et
3335 942 3477 998 oculi

1900 1048 2089 1087 eorum
2122 1034 2379 1098 detinent,
2408 1036 2567 1089 simul
2600 1037 2909 1091 tabescente
2935 1036 3137 1107 lingua.
3172 1055 3191 1086 ο
3224 1035 3483 1090 Commu-

1902 1127 1984 1179 nis
2026 1126 2169 1180 enim
2213 1128 2346 1191 ista,
2393 1136 2446 1182 et
2492 1128 2758 1182 naturalis
2803 1144 2947 1182 mors
2986 1129 3225 1182 omnium
3265 1125 3481 1196 quidem

1900 1234 2089 1275 carnes
2114 1218 2386 1286 tabefacit,
2411 1230 2466 1274 et
2489 1221 2665 1276 oculis
2685 1228 2847 1289 atque
2868 1219 3067 1290 linguis
3089 1218 3304 1287 spoliat,
3328 1232 3483 1272 acer-

1898 1311 2178 1366 bissimum
2212 1320 2391 1366 autem
2420 1322 2475 1366 ct
2503 1311 3033 1367 calamitosissimum
3062 1327 3170 1366 non
3206 1310 3482 1364 immerito

1898 1404 2095 1469 fuerit,
2139 1405 2435 1461 viventium
2477 1413 2531 1459 et
2572 1407 2832 1460 stantium
2878 1407 3055 1460 adhuc
3098 1419 3290 1460 carnes
3328 1403 3480 1458 labe-

1896 1512 2084 1564 scere;
2118 1508 2173 1553 et
2209 1498 2462 1554 excidere
2500 1498 2717 1564 oculos,
2751 1509 2806 1554 et
2841 1498 3015 1567 puniri
3056 1498 3289 1567 linguas.
3325 1495 3475 1550 Talia

1896 1598 2074 1643 autem
2106 1587 2216 1643 Deo
2246 1604 2465 1643 exesam
2499 1600 2554 1644 et
2582 1589 2970 1644 exsecrandum
2997 1589 3162 1642 vitam
3194 1597 3477 1643 consecta-

1890 1682 1966 1736 tis
1992 1690 2250 1737 eventura
2281 1681 2571 1736 admodum
2602 1682 2768 1752 probe
2797 1682 2947 1735 dicit.
2973 1681 3141 1751 807
3169 1680 3477 1749 Reposcen-

1897 1783 1985 1828 tur
2013 1774 2156 1829 enim
2193 1788 2412 1842 poenas,
2449 1790 2556 1829 non
2591 1774 2760 1829 solum
2796 1788 2985 1828 eorum
3020 1788 3138 1841 quze
3172 1773 3224 1826 iu
3260 1779 3477 1825 sanctos

1889 1866 2314 1930 commiserunt,
2358 1867 2450 1920 sed
2495 1866 2656 1918 etiam
2702 1866 2864 1920 studii
2913 1879 3092 1920 rerum
3136 1862 3472 1927 carnalium,

1888 1973 1997 2026 quo
2030 1957 2081 2011 in
2116 1958 2217 2012 hoc
2248 1955 2451 2009 mundo
2483 1953 2779 2026 ﬂagrarunt
2814 1976 2826 2010 :
2858 1970 2978 2025 quae
3013 1954 3139 2009 item
3175 1953 3279 2007 illis
3311 1965 3475 2008 causa

1888 2046 1992 2102 fuit
2030 2062 2127 2103 cur
2161 2062 2335 2118 neque
2372 2047 2528 2103 fidem
2573 2048 2958 2113 admitterent,
2997 2061 3173 2116 neque
3217 2034 3473 2117 pietatem

1889 2137 2097 2202 colere,
2136 2146 2191 2190 et
2227 2136 2451 2207 gloriam
2485 2137 2609 2191 vitae
2645 2136 2699 2190 iu
2737 2136 2954 2191 Christo
2990 2136 3213 2206 diligere
3247 2133 3470 2190 vellent.

1890 2228 2305 2284 Declinaverunt
2329 2229 2493 2293 enim,
2520 2239 2580 2283 ut
2603 2228 2738 2293 dixi,
2759 2229 2825 2282 ad
2853 2225 3121 2283 absurdas
3145 2226 3473 2295 voluptates,

1889 2325 1943 2369 et
1989 2330 2324 2385 quacunque
2366 2317 2653 2381 videbant,
2701 2332 2798 2373 ore
2846 2315 3032 2371 hiante
3073 2314 3475 2386 quodammodo

1886 2408 2215 2475 appetebant
2249 2423 2312 2462 ac
2345 2407 2731 2478 deglutiehant.
2766 2406 3047 2463 Acuerunt
3079 2408 3223 2462 enim
3261 2406 3474 2476 linguas

1888 2511 2077 2557 contra
2112 2501 2425 2568 Christum,
2463 2510 2517 2557 et
2550 2516 2705 2556 sacra
2738 2500 2992 2556 Ecclesia:
3025 2500 3275 2569 dogmata
3311 2497 3474 2568 impie

1888 2602 2232 2662 carpserunt.
2255 2592 2384 2649 lure
2411 2595 2575 2662 igitur
2598 2593 2651 2648 in
2679 2607 2864 2657 carne,
2888 2600 2944 2646 et
2970 2591 3163 2657 oculis,
3191 2600 3245 2646 et
3273 2588 3473 2661 linguis

1888 2697 2104 2753 ptenam
2149 2693 2524 2752 susceperunt.
2571 2684 3037 2751 Quemadmodum
3084 2682 3229 2736 enim
3278 2695 3471 2749 aquam

1886 2777 2284 2849 redargntionis
2317 2778 2509 2834 bibens
2544 2776 2759 2842 mulier,
2799 2786 2852 2831 et
2885 2774 3137 2846 pejerans
3176 2774 3227 2827 in
3266 2771 3473 2827 femore

1883 2870 2228 2939 puniebatur,
2253 2868 2343 2924 ubi
2372 2879 2427 2923 et
2455 2869 2661 2924 crimen
2691 2867 3068 2923 fornicationis
3090 2863 3470 2929 committitur;

1882 2962 1957 3016 ait
1983 2962 2245 3032 siquidem
2275 2979 2287 3016 :
2323 2980 2341 3013 ι
2371 2962 2673 3030 Rumpetur
2692 2969 2748 3015 et
2772 2959 2984 3015 decidet
3009 2957 3187 3012 femur
3208 2955 3326 3024 ejus
3344 2956 3414 3016 ",
3447 2973 3466 3005 ι

1888 3053 2100 3120 eodem,
2137 3054 2349 3124 opinor,
2394 3054 2553 3108 modo
2588 3062 2645 3107 et
2687 3062 2929 3107 sanctam
2969 3050 3246 3104 civitatem
3289 3061 3475 3117 perse-

204 3136 413 3207 Ὠσπερ
451 3136 559 3208 γάρ
584 3139 615 3208 ή
643 3138 701 3191 τὸ
730 3137 874 3208 ὕδωρ
923 3138 1017 3191 τοῦ
1058 3137 1291 3209 ἐλεγμοῢ
1346 3138 1577 3194 πίνουσα
1608 3139 1745 3209 γυνὴ
1766 3182 1780 3204 ,

1890 3145 2175 3215 quentibus
2205 3146 2256 3198 in
2289 3159 2485 3209 carne,
2512 3152 2566 3198 et
2595 3143 2794 3208 oculis,
2825 3151 2880 3197 et
2909 3140 3111 3212 linguis
3141 3138 3467 3209 supplicium

202 3228 288 3281 καὶ
308 3228 633 3299 ψευσαμένη
655 3229 745 3281 τὸν
773 3230 954 3299 ὅρκον,
990 3231 1069 3292 είς
1106 3230 1278 3300 μηρὸν
1304 3230 1614 3297 ἐκολάζετο,
1651 3235 1780 3305 περὶ¹

201 3317 255 3370 ὃν
294 3319 540 3387 γίνονται
589 3320 682 3371 καὶ
738 3319 806 3372 τὰ
854 3321 918 3372 ἐκ
969 3320 1070 3388 τῆς
1124 3320 1383 3391 πορνείας
1424 3322 1780 3395 ἐγκλήματα,

206 3424 221 3455 ι
259 3406 627 3477 Πρισθήσεται
657 3406 784 3479 γὰρ,
817 3408 971 3479 φησι,
1002 3410 1096 3462 καὶ
1128 3410 1467 3465 διαπεσεῖται
1520 3414 1549 3466 ό
1610 3415 1783 3487 μηρὸς

1891 3236 2241 3303 irrogahitur,
2279 3250 2441 3304 penes
2476 3250 2613 3305 quos
2643 3248 2883 3288 amorem
2920 3232 3102 3287 carnis
3136 3240 3191 3284 et
3222 3229 3472 3296 volupta-

1893 3328 1992 3392 tis,
2027 3336 2080 3380 et
2115 3327 2339 3395 insuper
2369 3326 2650 3380 oculorum
2688 3324 2913 3390 delicta,
2951 3332 3003 3378 et
3040 3322 3237 3389 lingua:
3275 3320 3474 3373 intem-

1892 3418 2134 3486 perantis
2166 3432 2325 3471 voccs
2355 3417 2539 3471 videre
2571 3427 2676 3472 est.

201 3497 383 3569 αὐτῆς·
415 3517 435 3551 ι
469 3498 609 3553 κατὰ
638 3499 728 3553 τὸν
759 3499 894 3563 ἴσον,
926 3496 1103 3571 οἶμαι,
1158 3503 1358 3574 τρόπον
1406 3506 1499 3557 καὶ
1564 3509 1676 3570 τοῖς
1710 3507 1810 3578 τὴν
1849 3508 2012 3578 ἀγίαν
2034 3508 2289 3562 διώκουσι
2345 3494 2521 3573 πόλιν,
2566 3510 2647 3572 είς
2679 3508 2890 3577 σάρκας
2924 3523 2982 3559 τε
3022 3505 3117 3558 καῖ
3139 3500 3471 3571 ὀφθαλμοὺς,

202 3591 287 3643 καὶ
348 3590 608 3659 γλώσσας
664 3593 696 3664 ἠ
754 3594 1013 3658 κόλασις·
1076 3596 1406 3669 φιλοσαρκὶα
1463 3600 1571 3670 γὰρ
1614 3601 1814 3666 αὐτοῖς,
1890 3604 2194 3673 ήδυπάθειά
2253 3621 2313 3656 τε
2360 3604 2497 3674 πρὸς
2550 3602 2798 3668 τούτοις,
2857 3602 2953 3654 καὶ
2986 3602 3052 3653 δι’
3110 3597 3376 3669 ὀμμάτων
3406 3595 3475 3647 τά

201 3681 520 3753 ἐγκλήματα
542 3723 555 3747 ,
586 3686 681 3736 καὶ
708 3684 1036 3740 ἀπαιδεύτου
1067 3686 1315 3758 γλώττης
1355 3689 1548 3755 φωναί.

263 3778 368 3831 Kai
408 3777 580 3831 ἐσται
619 3778 689 3831 ἐν
715 3778 791 3846 τῇ
839 3780 1031 3848 ἡμέρᾳ
1072 3780 1276 3851 ἐκείνῃ
1325 3784 1618 3851 ἔκστασις
1658 3790 1777 3841 Κυ-

194 3869 319 3939 ρίου
338 3870 577 3940 μεγάλη
603 3869 696 3923 ἐπ’
719 3872 961 3936 αὐτούς.
990 3873 1097 3926 Καὶ
1124 3874 1490 3943 ἐπιλήψεται
1523 3876 1779 3944 ἕκαστος

200 3960 302 4029 τῆς
340 3960 550 4032 χειρὸς
583 3960 689 4016 τοῦ
723 3965 993 4029 πλησίον
1023 3965 1234 4029 αὑτοῦ,
1275 3967 1373 4019 καὶ
1414 3968 1779 4037 συμπλοκή-

199 4071 357 4111 σεται
392 4054 439 4123 ἡ
474 4054 606 4124 χεὶρ
638 4056 824 4110 αὐτοῦ
864 4057 1015 4123 πρὸς
1043 4056 1212 4126 χεῖρα
1247 4058 1353 4112 τοῦ
1385 4061 1654 4127 πλησίον
1678 4064 1783 4116 αὐ-

190 4146 463 4203 ωῦ.Καὶ
489 4150 524 4201 ό
560 4146 781 4213 Ἰούδας
817 4149 1228 4216 ,παρατάξεται
1265 4151 1335 4205 ἐν
1368 4151 1777 4223 Ἰερουσαλὴμ,

200 4238 294 4292 καί
338 4237 600 4304 συνάξει
642 4240 754 4305 τὴν
797 4240 982 4308 ίσχὺν
1014 4240 1256 4296 πάντων
1291 4242 1409 4297 τῶν
1459 4243 1627 4297 λαῶν
1676 4262 1781 4300 κυ-

201 4332 420 4385 κλόθεν
448 4331 724 4400 χρυσίον,
761 4330 858 4384 καὶ
885 4331 1189 4401 ἀργύριον,
1218 4334 1317 4387 καὶ
1344 4335 1665 4405 ἱματισμὸν
1694 4337 1782 4401 είς

199 4420 431 4490 πλῆθος
456 4422 711 4493 σφόδρα.

1962 3782 2126 3837 Vens.
2166 3781 2263 3844 i5,
2300 3780 2388 3835 14.
2423 3778 2490 3833 Et
2525 3780 2621 3833 erit
2656 3778 2711 3831 in
2747 3777 2833 3831 die
2867 3775 2962 3830 illa
2995 3775 3221 3829 exstasis
3257 3773 3471 3830 Domini

1886 3891 2077 3944 magna
2102 3889 2257 3943 super
2276 3889 2385 3926 eos.
2408 3870 2476 3925 Et
2503 3869 2848 3940 apprehendat
2878 3868 3234 3938 unusquisque
3257 3884 3472 3921 manum

1887 3966 2114 4036 proximi
2147 3966 2266 4030 sui,
2303 3974 2349 4018 et
2389 3962 2748 4034 implicabitur
2778 3978 2968 4014 manus
3004 3960 3117 4030 ejus
3151 3960 3219 4013 ad
3254 3976 3469 4014 manum

1888 4058 2119 4127 proximi
2146 4057 2251 4110 sui.
2280 4054 2349 4109 Et
2372 4054 2541 4109 Judas
2568 4052 2817 4122 pugnabit
2846 4052 2899 4104 in
2924 4051 3242 4115 Jerusalem,
3268 4058 3317 4103 et
3341 4066 3467 4104 con-

1887 4151 2120 4221 gregabit
2150 4151 2310 4204 robur
2331 4151 2565 4202 omnium
2591 4147 2903 4215 populorum
2929 4159 3022 4212 per
3042 4144 3343 4206 circuitum,
3369 4159 3472 4195 au-
3519 4208 3525 4220 ι

1890 4259 2005 4296 rum
2033 4251 2079 4297 et
2109 4252 2408 4311 argentum,
2435 4250 2482 4292 et
2514 4247 2696 4293 vestem
2724 4237 2778 4289 in
2806 4234 3193 4289 multitudinem
3224 4235 3392 4290 ualde.

265 4512 383 4567 PO'.
434 4514 729 4568 Ἐκστασιν
768 4516 827 4567 ἐν
862 4515 1071 4580 τούτοις
1105 4516 1195 4569 τὸν
1236 4516 1420 4586 φόϐον,
1466 4519 1633 4589 ἤγουν
1681 4518 1781 4591 τὴν

1958 4521 2092 4578 CIX.
2133 4521 2402 4576 Exstasiiu
2439 4520 2539 4574 hoc
2574 4518 2690 4573 loco
2726 4518 3003 4583 timorem,
3043 4518 3156 4572 sive
3184 4525 3468 4587 stuporem

200 4602 537 4674 κατάπληξιν
585 4604 843 4676 ὀνομάζει
904 4606 1084 4661 πάλιν.
1138 4609 1278 4661 Κατ’
1332 4608 1512 4662 ἐκεῖνο
1551 4608 1617 4681 δὴ
1663 4604 1778 4673 οὖν,

200 4696 346 4767 φησι,
375 4695 476 4752 τοῦ
510 4697 729 4767 καιροῦ,
762 4698 883 4752 καθ’
912 4699 972 4752 δν
1005 4699 1072 4753 ἂν
1100 4698 1363 4771 ἀλλήλους
1393 4700 1706 4772 ἀθροίσειαν
1732 4704 1780 4755 oi

199 4784 294 4854 τῆς
325 4785 649 4856 Ἑκκλησίας
676 4787 880 4858 ἐχθροὶ,
921 4791 1045 4854 ταῖς
1070 4789 1212 4844 οὕτω
1231 4790 1427 4854 δειναῖς
1451 4792 1782 4845 ὑποπίπτον-

200 4893 293 4941 τας
338 4878 551 4944 δίκαις,
614 4881 1131 4952 καταπλαγήσονται
1190 4883 1287 4954 μὲν
1336 4885 1449 4947 τοῖς
1502 4883 1775 4953 δείμασιν,

200 4971 424 5039 ἀφέντες
458 4974 514 5026 δὲ
559 4973 702 5028 οὕτω
740 4975 925 5028 λοιπὸν
975 4977 1036 5030 τὸ
1067 4976 1283 5030 διώκειν
1320 4977 1633 5048 άποτολμᾷν
1678 4979 1778 5051 τὴν

200 5064 355 5131 ἁγίαν
388 5065 565 5131 πόλιν,
594 5069 903 5138 οἰχήσονται
943 5071 1041 5139 μὲν
1082 5070 1338 5139 φυγάδες,
1372 5071 1467 5123 καί¹
1510 5071 1609 5134 τὰς
1650 5072 1776 5142 παρ’

201 5154 442 5227 ἀλλήλων
467 5156 854 5230 ἐπιζητοῦντες
894 5162 1169 5231 ἀνονήτως
1202 5163 1543 5233 ἐπικουρίας,
1571 5164 1777 5234 οίκτροί

200 5265 254 5299 τε
285 5248 520 5315 ἔσονται,
549 5252 644 5304 καὶ
671 5253 1119 5323 κατερῤιμμένοι,
1145 5253 1237 5305 καὶ
1262 5254 1368 5307 ὑπὸ
1394 5254 1561 5317 πόδας
1587 5255 1775 5321 ἁγίων.

212 5339 269 5392 '0
309 5340 368 5393 δέ
404 5359 467 5410 γε
500 5342 737 5407 Ἰούδας,
771 5344 936 5413 φησι,
984 5345 1277 5407 τουτέστιν,
1323 5346 1372 5397 οἱ
1414 5344 1501 5399 διὰ
1550 5346 1779 5411 πίστεως

200 5432 295 5503 τῆς
320 5436 397 5499 εἰς
430 5436 665 5507 Χριστὸν
695 5436 1125 5507 δεδικαιωμένοι,
1154 5437 1250 5490 καὶ
1281 5438 1371 5490 τὸν
1405 5437 1593 5507 νοητὸν
1626 5455 1781 5507 περι-

203 5526 454 5597 φέροντες
495 5528 784 5591 Ἰουδαῖον,
830 5529 924 5582 καὶ
978 5530 1076 5598 τὴν
1118 5529 1176 5581 ἐν
1209 5529 1486 5600 Πνεύματι
1522 5529 1602 5601 τῷ
1643 5531 1781 5601 ἁγίῳ

203 5616 496 5688 περιτομὴν
541 5617 978 5689 πλουτήσαντες,
1032 5620 1439 5691 παρατάξονται
1485 5623 1541 5675 ἐν
1584 5622 1781 5692 Ἰερουο

267 5792 313 5823 ”
349 5793 503 5850 Num.
533 5813 586 5863 v,
613 5797 702 5850 2i.
783 5798 826 5828 ³³
853 5796 1008 5849 lion).
1050 5812 1105 5861 ιι,
1142 5796 1226 5849 :29.

1891 4632 2108 4672 rursum
2142 4614 2396 4685 appellat.
2422 4612 2794 4680 liletempore
2824 4610 3006 4680 igitur,
3043 4609 3241 4678 inquit,
3270 4618 3380 4677 quo
3411 4623 3468 4661 se

1889 4718 2079 4763 mutuo
2118 4706 2488 4777 aggregahunt
2529 4702 2782 4759 Ecclesiae
2830 4702 3015 4757 hostes
3062 4711 3170 4755 tam
3210 4702 3468 4771 gravibus

1888 4795 2066 4866 pcenis
2093 4795 2353 4860 irretitos,
2380 4794 2764 4862 obstupesceut
2792 4792 2864 4845 illi
2891 4793 3111 4861 quidem
3140 4792 3465 4856 terroribus,

1890 4889 2077 4943 relicta
2117 4898 2296 4942 autem
2334 4888 2398 4942 de
2435 4894 2633 4941 caetero
2667 4885 2892 4939 audacia
2934 4885 3292 4953 persequendi
3336 4900 3466 4939 san-

1888 4991 2030 5034 ctam
2071 4980 2367 5045 civitatem,
2411 4979 2667 5033 recedent
2704 4978 2940 5040 exsules,
2984 4987 3038 5030 et
3081 4977 3281 5031 frustra
3327 4976 3467 5029 inter

1888 5086 1946 5126 se
1977 5072 2175 5125 auxilia
2204 5070 2922 5139 poscent,‘miserabilesque
2949 5077 3129 5132 erunt,
3163 5077 3217 5121 et
3246 5066 3464 5136 abjecti,

1887 5174 1941 5219 et
1969 5173 2285 5219 sanctorum
2314 5163 2543 5231 pedibus
2570 5161 2820 5231 subjecti.
2847 5159 3242 5221 Judasantetn,
3270 5158 3463 5227 inquit,

1890 5254 1990 5307 hoc
2014 5262 2115 5317 est,
2146 5268 2241 5321 per
2267 5251 2423 5305 fidem
2450 5252 2501 5305 in
2528 5251 2801 5306 Christum
2822 5250 3120 5321 justiticati,
3147 5261 3199 5304 et
3222 5247 3463 5303 Judaeum

1888 5360 2047 5415 quem
2077 5354 2253 5399 mente
2283 5344 2573 5407 intuentur,
2602 5343 3071 5406 circumferentes,
3098 5350 3153 5396 et
3179 5341 3462 5395 circumci-

1888 5437 2041 5491 sione
2078 5435 2347 5507 spirituali
2382 5436 2578 5490 divites
2594 5436 2665 5500 ’³,
2701 5435 3010 5505 pugnabunt
3043 5434 3094 5488 in
3129 5431 3458 5495 Jerusalem,

1890 5529 1989 5581 hoc
2023 5536 2126 5593 est,
2160 5526 2547 5597 oppugnabant
2581 5525 2784 5589 hOStes,
2819 5533 2873 5578 et
2907 5522 3233 5578 adversariis
3266 5521 3461 5574 virtute

1889 5618 2279 5688 praevalebunt,
2319 5616 2702 5674 conculcantes
2735 5630 2826 5672 eos
2863 5624 2919 5669 ut
2957 5613 3295 5682 scorpiones,
3337 5629 3356 5666 ι
3399 5610 3460 5667 Et
