4070 6512
549 364 661 423 263

1550 361 1609 418 S.
1649 359 1922 418 CYBILLI
1957 359 2429 416 ALEXANDRIM
2466 358 2787 416 ARCHIEP.

3720 358 3841 417 261

546 491 711 548 super
732 475 969 547 aspidem
995 490 1060 533 ac
1081 474 1394 533 basiliscum
1419 476 1784 543 ambulantes,
1807 476 2126 544 leonemque

2233 474 2449 547 σαλὴμ,
2496 475 2781 539 τουτέστι,
2828 474 3398 545 καταστρατεύσονται
3432 472 3543 528 τῶν
3592 473 3841 544 ἐχθρῶν,

545 579 603 624 ct
636 571 928 625 draconem
949 569 997 602 "
1035 587 1055 621 ι
1094 583 1321 638 prorsus
1358 577 1789 625 contemnentes.
1827 569 1998 623 Erunt
2035 582 2132 621 au-

546 672 654 719 tem
700 661 939 719 illustres
982 674 1039 719 et
1084 661 1462 727 admirabiles,
1503 662 1672 733 808
1712 678 1779 716 ex
1824 660 2129 717 istiusmodi

547 754 823 824 praeclaris
862 753 1196 810 facinoribus
1237 754 1552 809 thesaurum
1596 764 1655 808 ut
1695 768 1912 818 aurum,
1948 762 2006 807 et
2043 767 2131 806 ar-

545 855 766 915 gentum
783 887 798 911 ,
822 855 878 901 et
900 856 1101 903 vestem
1124 849 1418 918 pretiosam
1447 847 1782 917 colligentes.
1808 845 1960 913 Quod
1983 846 2127 900 enim

547 936 847 1006 prophetia:
874 940 1142 995 sententia
1176 955 1279 995 non
1312 941 1382 995 sit
1409 941 1462 994 in
1495 940 1561 992 iis
1590 954 1712 1009 quae
1748 952 1968 994 sensum
2002 952 2129 993 cer-

548 1028 701 1098 poris
737 1036 986 1100 tangunt,
1021 1038 1231 1086 certum
1266 1039 1370 1086 est.
1406 1029 1615 1084 Divitize
1648 1043 1881 1098 namque
1911 1039 2131 1083 sancto-

547 1132 668 1172 rum
716 1133 821 1173 non
867 1128 994 1174 sunt
1040 1120 1283 1176 interitui
1329 1120 1575 1175 obnoxiae
1619 1132 1675 1174 et
1718 1127 1986 1184 terrenae;
2035 1118 2130 1173 sed

547 1222 671 1279 quas
720 1208 1089 1282 intelliguntur
1128 1219 1370 1275 tantum,
1417 1218 1473 1265 et
1519 1208 1773 1265 ctelestes
1820 1222 1885 1263 ac
1931 1207 2131 1276 sempi-

553 1312 756 1368 ternae,
787 1318 924 1373 quas
956 1304 1241 1359 animabus
1271 1304 1385 1358 suis
1413 1310 1746 1373 congregant
1775 1300 1866 1371 qui
1901 1299 2128 1363 docent,

548 1405 607 1451 et
639 1396 762 1452 aliis
795 1396 1097 1451 rationibus
1131 1396 1185 1450 in
1223 1395 1459 1451 Ecclesia
1495 1394 1827 1449 clarescunt.
1863 1392 2132 1461 Diripiunt

547 1489 695 1543 enim
731 1488 1134 1558 quodammodo
1169 1488 1336 1541 robur
1370 1486 1612 1542 omnium
1648 1484 2001 1555 pepulerum,
2038 1497 2133 1552 per

550 1576 710 1631 Iidem
738 1577 803 1630 ad
830 1574 1107 1631 Christum
1137 1586 1323 1647 gentes
1349 1575 1648 1644 praecipuas
1670 1573 2023 1629 adducentes.
2041 1571 2133 1626 Sic

546 1668 694 1724 enim
722 1679 774 1726 et
808 1668 919 1739 ipse
949 1668 1084 1723 dixit
1115 1684 1172 1723 se
1204 1668 1492 1739 diripuisse
1520 1683 1648 1722 vasa
1678 1667 1834 1721 fortis
1851 1667 1919 1720 ⁸⁵.
1979 1664 2130 1732 Quod

549 1760 595 1814 si
625 1759 746 1828 quis
776 1761 920 1813 dicat
955 1756 1150 1814 ludam
1182 1774 1510 1830 congregare
1543 1758 1706 1814 robur
1763 1759 2003 1812 omnium
2032 1772 2129 1826 po-

2232 565 2781 621 κατανεανιεύσονται
2806 565 2915 619 τῶν
2947 564 3379 635 ἀνθεστηκότων,
3412 566 3847 636 συμπατοῦντες

2229 657 2308 721 ὡς
2346 657 2677 730 σκορπίους,
2718 678 2735 709 ι
2782 658 2899 711 Ἐπ’
2937 658 3169 723 ἀσπίδα,
3214 657 3312 711 καὶ
3356 657 3672 728 βασιλίσκον
3707 659 3847 712 ἑπι-

2231 748 2530 815 6αίνοντες,
2561 749 2776 814 λέοντός
2805 766 2866 802 τε
2894 750 2991 803 καὶ
3020 749 3311 820 δράκοντος
3338 768 3355 799 ι
3392 751 3473 813 εἰς
3503 750 3652 803 ἅπαν
3678 752 3853 820 ἡφαι-

2230 839 2478 911 δηκότες.
2513 840 2770 894 Ἔσονται
2809 841 2868 894 δὲ
2901 840 3184 912 λαμπροὶ,
3230 841 3326 895 καὶ
3360 839 3800 911 ἀξιοθαύμαστα
3823 881 3840 901 ,

2231 931 2322 984 τὸν
2369 933 2434 984 ἐκ
2479 932 2588 985 τῶν
2639 933 2900 986 τοιούτων
2971 932 3414 1004 κατορθωμάτων
3475 932 3844 999 συλλέγοντες

2232 1023 2463 1076 πλοῦτον
2498 1024 2574 1088 ὡς
2613 1025 2861 1094 χρυσίον,
2906 1026 3003 1077 καὶ
3046 1023 3331 1096 ἀργύριον,
3377 1024 3472 1077 καὶ
3508 1023 3840 1094 ἱματισμόν.

2234 1114 2358 1169 Ὀτι
2385 1114 2493 1185 γάρ
2520 1115 2621 1169 οὐκ
2649 1115 2707 1168 ἓν
2743 1133 2810 1184 γε
2841 1118 2953 1180 τοῖς
2985 1114 3263 1185 αἰσθητοῖς
3290 1116 3391 1183 τῆς
3430 1114 3778 1185 προφητείας
3811 1117 3845 1167 ὁ

2231 1207 2389 1270 νοῦς,
2431 1206 2550 1270 πῶς
2591 1206 2659 1260 ἂν
2709 1208 3002 1261 ἐνδοιάσειέ
3043 1206 3422 1271 τιςξΠλοῦτος
3462 1208 3575 1278 γάρ
3630 1206 3839 1275 ἁγίων,

2230 1300 2328 1369 οὐχ
2358 1301 2386 1352 ὁ
2421 1299 2663 1370 φθαρτὸς
2697 1300 2792 1353 καὶ
2825 1300 3089 1369 ἐπίγειος.
3122 1300 3237 1353 ἀλλ’
3260 1301 3290 1352 ὁ
3322 1300 3511 1370 νοητὸς
3539 1300 3637 1353 καὶ
3666 1301 3846 1353 ἐπου-

2233 1389 2419 1460 ράνιος
2465 1389 2563 1442 καὶ
2604 1389 2884 1462 διηνεκὴς,
2932 1389 2992 1443 ὃν
3031 1388 3414 1460 συναγείρουσι
3447 1391 3567 1453 ταῖς
3615 1388 3841 1443 ἑαυτῶν

2229 1482 2431 1553 ψυχαῖς
2462 1484 2513 1535 οἰ
2551 1483 2897 1546 διδάσκοντες
2931 1500 2992 1537 τε
3032 1483 3130 1539 καὶ
3176 1482 3298 1537 καθ’
3338 1483 3557 1554 ἑτέρους
3588 1482 3843 1553 τρόπους

2226 1573 2642 1644 εὐδοκιμοῦντες
2663 1577 2720 1628 ἐν
2759 1574 3072 1646 Ἐκκλησία.
3100 1573 3469 1646 Διαρπάζουσι
3498 1574 3609 1645 γὰρ
3634 1574 3841 1643 ὥσπερ

2230 1664 2331 1736 τὴν
2377 1665 2529 1735 ἰσχὺν
2581 1667 2801 1719 πάντων
2850 1664 2959 1718 τῶν
2993 1664 3156 1731 λαῶν,
3191 1665 3557 1736 προσάγοντες
3601 1662 3693 1717 διὰ
3742 1663 3843 1714 πί-

2233 1773 2403 1821 στεως
2436 1755 2516 1826 τῷ
2547 1757 2770 1828 Χριστῷ
2802 1758 2869 1812 τὰ
2901 1756 3153 1828 ἐξαίρετα
3174 1757 3286 1810 τῶν
3312 1756 3503 1811 ἐθνῶν.
3530 1755 3692 1809 Οὕτω
3719 1754 3841 1825 γὰρ

550 1850 799 1919 pulorum
835 1851 886 1905 in
921 1851 1177 1916 circuitu,
1214 1866 1429 1916 aurum,
1466 1859 1774 1921 argentum,
1810 1859 2037 1913 vestem,
2074 1856 2128 1903 ut

2234 1845 2337 1917 ἔφη
2378 1849 2471 1901 καὶ
2521 1848 2685 1911 αὐτὸς
2717 1848 3080 1920 διηρπακέναι
3116 1848 3188 1901 τὰ
3234 1846 3405 1918 σκεύη
3442 1845 3536 1900 τοῦ
3577 1845 3839 1918 ἰσχυροῦ.

551 1941 918 2013 intelligamus
950 1944 1114 1997 etiam
1153 1945 1477 1998 mundanam
1516 1943 1838 2012 sapientiam
1870 1941 2132 2011 colligen-

551 2044 667 2099 tes,
715 2034 1016 2088 claritatem
1066 2035 1301 2089 nominis
1350 2034 1613 2104 adipisci,
1654 2035 1779 2087 dum
1826 2048 1921 2103 per
1962 2034 2131 2102 ipsam

552 2125 805 2196 dogmata
849 2126 1069 2196 pietatis
1113 2135 1333 2180 utentur
1363 2140 1426 2179 ac
1462 2125 1786 2191 defendunt,
1821 2123 2133 2179 verisimilia

551 2217 769 2273 sentiet.
804 2217 1190 2286 Spoliaverunt
1223 2216 1366 2273 enim
1402 2217 1529 2271 olim
1556 2215 1844 2287 Egyptios
1878 2215 2135 2271 mulieres

553 2308 825 2379 sapientes
864 2309 1217 2376 lsraelitides,
1259 2324 1288 2363 a
1331 2308 1523 2365 vicinis
1562 2316 1621 2363 et
1659 2306 2135 2363 contubernalibus

550 2405 666 2457 suis
693 2416 824 2458 vasa
858 2417 1024 2460 aurea
1060 2412 1116 2459 et
1151 2412 1427 2475 argentea,
1459 2411 1515 2459 et
1545 2413 1752 2460 vestem
1788 2412 2044 2458 mutuatae
2061 2404 2130 2457 κ.

550 2494 738 2564 Itaque
765 2503 825 2550 ut
854 2495 906 2550 in
938 2496 1007 2552 iis
1033 2510 1154 2567 qum
1184 2496 1322 2552 loris
1349 2497 1677 2563 sentiuntur,
1706 2504 1765 2551 et
1796 2503 1855 2550 ut
1884 2495 1939 2551 in
1968 2495 2133 2553 rebus

550 2588 655 2644 sub
682 2597 958 2658 aspectum
981 2590 1327 2647 venientibus
1350 2589 1605 2661 splendor
1628 2590 1893 2645 bonorum
1918 2592 1987 2644 ad
2015 2592 2135 2644 ani-

556 2695 705 2736 mum
732 2680 1117 2751 pertinentium
1144 2683 1487 2752 exprimitur.
1515 2681 1793 2735 Primariae
1816 2691 1994 2737 autem
2021 2698 2134 2736 ma-

552 2773 843 2843 gistrorum
892 2775 1095 2830 divitia:
1142 2781 1274 2829 sunt
1321 2774 1592 2844 discipuli.
1638 2774 1871 2830 Proinde
1920 2776 2134 2831 divinus

555 2864 757 2923 Paulus
790 2882 886 2937 per
918 2867 1090 2938 ipsum
1128 2866 1365 2923 salvatus
1394 2877 1455 2927 et
1495 2867 1654 2923 iidem
1691 2868 2024 2938 amplexatus
2061 2870 2133 2923 ita

553 2958 931 3029 alloquebatur
961 2979 975 3015 :
1013 2978 1031 3011 ι
1068 2957 1171 3015 Per
1194 2959 1567 3029 gloriationetn
1598 2972 1868 3027 vestram,
1900 2961 2094 3017 fratres
2114 3001 2128 3026 ,

549 3065 715 3120 quam
743 3052 917 3107 habeo
941 3051 992 3106 in
1018 3050 1235 3107 Christo
1258 3050 1385 3107 Jesu
1404 3054 1480 3121 ’7;
1513 3071 1531 3104 ι
1558 3062 1611 3108 et
1637 3069 1853 3110 rursum
1879 3069 2131 3110 coronam

551 3151 612 3198 et
643 3145 894 3214 gaudium
926 3159 1080 3200 suum
1108 3160 1204 3202 eos
1233 3146 1475 3201 nominat
1494 3146 1543 3181 "

623 3406 787 3463 Vens.
820 3407 906 3462 15.
934 3406 1000 3462 Et
1026 3409 1137 3464 hwc
1165 3409 1262 3464 erit
1290 3410 1450 3465 ruina
1475 3426 1749 3481 equorum,
1773 3423 1818 3464 et
1846 3412 2129 3475 mulorum,

545 3508 599 3553 et
630 3498 951 3553 camelorum
972 3539 987 3565 ,
1016 3509 1064 3553 et
1097 3502 1367 3557 asinorum
1389 3540 1403 3565 ,
1432 3512 1483 3555 et
1516 3503 1747 3556 omnium
1771 3502 2132 3571 jumento‘rum

546 3606 669 3659 qua:
695 3599 817 3647 sunt
846 3591 904 3643 in
932 3592 1121 3645 castris
1153 3591 1258 3649 illis
1281 3591 1443 3661 juxta
1470 3594 1679 3648 ruinam
1709 3595 1864 3646 hanc.

623 3764 737 3819 CX.
790 3763 1084 3836 Postquam
1136 3767 1328 3822 modos
1370 3765 1480 3835 iam
1526 3767 1776 3824 vindicta:
1824 3769 2127 3841 descripsit,

552 3856 754 3924 quibus
781 3858 899 3913 suis
928 3858 1262 3929 temporibus
1287 3871 1684 3931 oppugnatores
1710 3872 1917 3919 sanctae
1940 3864 2131 3919 civita-

551 3946 648 4010 tis,
676 3957 1176 4017 persecutoresque,
1202 3958 1257 4004 et
1280 3950 1683 4019 contumeliosi,
1705 3960 1761 4009 et
1785 3955 2126 4020 exsecrandi,

548 4046 609 4091 et
638 4036 910 4105 scelerati,
943 4048 997 4093 et
1033 4038 1312 4109 loquentes
1344 4041 1684 4112 iniquitatem
1716 4054 1905 4099 contra
1935 4045 2126 4110 Deum,

555 4147 580 4180 ο
609 4139 664 4184 et
689 4128 938 4183 tollentes
978 4130 1032 4183 in
1060 4129 1228 4184 altum
1250 4146 1441 4197 cornu,
1470 4151 1491 4185 ι
1516 4131 1667 4201 juxta
1692 4132 2036 4189 Psalmistam
2057 4136 2126 4201 θ’,

547 4224 772 4279 omnino
798 4223 1177 4293 subjicientur,
1204 4225 1353 4280 addit
1379 4226 1585 4282 utiliter
1614 4243 1629 4281 :
1662 4245 1682 4279 ι
1717 4227 1983 4294 Quoniam
2013 4228 2129 4285 haec

548 4315 657 4369 erit
687 4314 842 4369 ruina
872 4328 1167 4383 equorum,
1194 4322 1249 4370 et
1276 4315 1571 4381 mulorum,
1602 4325 1657 4371 et
1684 4318 2013 4373 camelorum
2031 4359 2046 4385 ,
2073 4330 2127 4376 et

549 4406 849 4474 asinorum,
873 4418 928 4464 et
951 4409 1190 4464 omnium
1211 4409 1605 4478 iumentorum.
1637 4432 1657 4468 ι
1686 4414 1731 4469 Α
1756 4415 2128 4489 subjugalibus

2236 1939 2301 1994 Ei
2344 1941 2400 1995 δὲ
2438 1941 2502 2012 δή
2551 1959 2635 2003 τις
2676 1940 2824 2009 λέγοι
2868 1941 2960 1994 τὸν
2999 1940 3196 1995 Ἰούδαν
3230 1941 3482 2009 συνάγειν
3525 1941 3625 2010 τήν
3672 1940 3843 2007 ἰσχὺν

2234 2033 2455 2087 πάντων
2497 2033 2608 2086 τῶν
2637 2032 2785 2086 λαῶν
2815 2032 3078 2087 κυκλόθεν
3120 2034 3364 2105 χρυσίον,
3411 2034 3507 2087 καὶ
3533 2032 3838 2103 ἀργύριον,

2233 2126 2331 2183 καὶ
2360 2125 2680 2197 ἱματισμὸν,
2711 2126 2797 2179 ἵνα
2828 2127 3038 2196 νοῶμεν
3066 2127 3148 2180 ὅτι
3178 2127 3273 2180 καὶ
3301 2127 3401 2199 τὴν
3426 2128 3485 2181 ὲν
3513 2128 3711 2198 κόσμῳ
3741 2142 3841 2178 σο-

2235 2217 2364 2285 φίαν
2395 2216 2744 2286 συλλέγοντες
2795 2216 3347 2289 καταλαμπρὼονται
3375 2217 3442 2271 δι’
3477 2216 3682 2287 αὐτῆς,
3717 2219 3841 2278 τοῖς

2233 2309 2333 2381 τῆς
2375 2309 2662 2374 εὐσεόειας
2694 2310 3165 2381 ὲπαγωνιζόμενοι
3200 2310 3491 2381 δόγμασιν,
3542 2309 3657 2381 ἔχοι
3698 2310 3774 2363 ἂν
3808 2311 3841 2362 ό

2233 2400 2359 2464 νοῦς
2401 2401 2492 2454 τὸν
2542 2403 2730 2455 εἰκότα
2758 2401 2937 2470 λόγον.
2979 2400 3342 2455 Ἐσκύλευσαν
3380 2400 3490 2472 γάρ
3522 2416 3651 2454 ποτε
3697 2401 3841 2462 τοὺς

2230 2492 2568 2561 Αἰγυπτίους
2596 2494 2653 2546 at
2691 2494 2856 2562 σοφαὶ
2887 2495 3146 2562 γυναίκες
3176 2493 3285 2548 τῶν
3316 2492 3375 2559 ἐξ
3409 2490 3645 2565 Ἰσραήλ,
3688 2507 3844 2562 χρη-

2236 2584 2469 2654 σάμεναι
2500 2584 2651 2655 παρά
2705 2586 2945 2654 γείτονος
2990 2586 3084 2641 καὶ
3117 2571 3388 2657 συσκήνου
3430 2583 3611 2637 αὐτῶν
3647 2581 3841 2652 σκεύη

2231 2680 2434 2748 χρυσᾶ,
2463 2678 2557 2731 xa‘t
2584 2678 2823 2750 ἀργυρᾶ,
2857 2679 2953 2732 καὶ
2983 2679 3295 2749 ἰματισμόν.
3326 2676 3537 2732 Οὐκοῦν
3569 2675 3644 2739 ὡς
3668 2675 3739 2728 ἔν
3770 2692 3842 2743 γε

2233 2769 2345 2830 τοῖς
2402 2767 2682 2839 αἰσθητοῖς
2718 2770 2816 2822 καί.
2854 2769 2929 2833 ὡς
2974 2771 3032 2822 ἐν
3064 2769 3219 2832 ὕλαις
3250 2771 3369 2832 ταῖς
3408 2767 3723 2840 όρωμέναις
3744 2806 3763 2829 φ
3802 2769 3841 2836 ἡ

2233 2859 2343 2913 τῶν
2383 2861 2464 2925 εἰς
2500 2860 2627 2915 νοῦν
2666 2861 2888 2930 ἀγαθῶν
2917 2861 3240 2932 λαμπρότης
3283 2860 3627 2931 σημαίνεται.
3661 2858 3841 2912 Διδα-

2237 2949 2451 3004 σκάλων
2491 2950 2549 3004 δὲ
2595 2951 2829 3023 μάλιστα
2862 2951 3093 3015 πλοῦτος
3134 2954 3183 3005 oi
3230 2950 3487 3022 μαθηται.
3534 2950 3641 3003 Καὶ
3687 2948 3841 3017 γοῦν

2233 3044 2261 3095 ὁ
2289 3043 2574 3108 θεσπέσιος
2602 3044 2814 3109 Παῦλος
2847 3047 2961 3109 τοῖς
2993 3044 3060 3098 δι’
3098 3044 3265 3098 αὑτοῦ
3298 3043 3687 3115 σεσωσμένοις,
3732 3043 3842 3095 καὶ

2235 3136 2625 3191 πεπιστευκόσι
2657 3135 2998 3208 προσεφώνει
3025 3136 3199 3204 λέγων
3218 3151 3232 3167 ·
3264 3156 3281 3188 ι
3310 3135 3395 3207 Νὴ
3420 3137 3520 3206 τὴν
3548 3136 3840 3205 ὑμετέραν

2236 3226 2528 3297 καύχησιν,
2560 3227 2803 3297 ἀδελφοὶ,
2834 3227 2901 3297 ἣν
2933 3226 3041 3297 ἔχω
3071 3228 3129 3279 ὲν
3154 3226 3375 3299 Χριστῷ
3408 3225 3605 3297 Ἰησοῦ·
3633 3246 3652 3277 ι
3699 3227 3840 3279 στέ-

2234 3322 2403 3388 φανόν
2420 3336 2482 3372 τε
2512 3320 2606 3375 καὶ
2633 3320 2806 3391 χαρὰν
2831 3320 3030 3383 αὐτοὺς
3055 3319 3192 3372 ἰδίαν
3213 3318 3465 3389 ὀνομάζει
3494 3319 3670 3373 πάλιν.

2304 3410 2415 3465 Καὶ
2451 3410 2604 3477 αὕτη
2634 3410 2807 3462 ἔσται
2834 3408 2873 3476 ἠ
2906 3408 3134 3475 πτῶσις
3170 3408 3289 3461 τῶν
3318 3409 3537 3473 ἵππων,
3572 3406 3664 3461 καί
3699 3405 3841 3461 τῶν

2233 3502 2517 3570 ἡμιόνων,
2558 3500 2655 3553 καὶ
2698 3499 2816 3557 τῶν
2850 3499 3155 3570 καμήλων,
3198 3498 3295 3553 καί
3340 3498 3460 3553 τῶν
3501 3499 3669 3563 ὄνων,
3721 3500 3835 3552 καὶ

2234 3593 2474 3646 πάντων
2507 3593 2629 3645 τῶν
2676 3593 2915 3661 κτηνῶν
2954 3591 3077 3647 τῶν
3105 3594 3297 3648 ὄντων
3326 3593 3398 3647 ἐν
3429 3591 3560 3661 ταῖς
3592 3608 3839 3663 παρεμ-

2232 3681 2440 3747 ϐολαῖς
2466 3681 2728 3747 ἐκείναις
2757 3684 2910 3738 κατὰ
2935 3683 3052 3752 τὴν
3080 3683 3313 3737 πτῶσιν
3338 3684 3583 3752 ταύτην.

2302 3770 2405 3827 Pl'.
2461 3772 2816 3844 Ὀρισάμενος
2842 3772 2941 3845 ήδη
2977 3774 3079 3844 τῆς
3105 3776 3374 3846 τιμωρίας
3402 3776 3528 3839 τοὺς
3560 3775 3833 3846 τρόπους,

2230 3864 2323 3928 οὒς
2364 3864 2541 3934 πάντη
2578 3882 2638 3917 τε
2678 3865 2774 3919 καὶ
2804 3866 3023 3929 πάντως
3056 3866 3385 3937 ὑπομενοῦσι
3418 3867 3557 3923 κατὰ
3588 3870 3836 3939 καιροὺς

2230 3955 2278 4008 οἱ
2315 3953 2414 4022 τῆς
2442 3954 2603 4022 ἁγίας
2640 3956 2848 4019 πόλεως
2877 3957 3409 4028 κατεστρατευκότες
3443 3958 3733 4026 γεγονότες
3768 3977 3834 4012 τε

2229 4047 2478 4111 διῶκται,
2503 4047 2598 4101 καὶ
2630 4048 2901 4119 ὑδριστοιί,
2932 4048 3198 4121 βδελυροὶ,
3233 4051 3328 4103 καὶ
3359 4050 3831 4121 φιλεγκλὴμονες,

2230 4140 2326 4194 καὶ
2365 4139 2651 4205 λαλοῦντες
2698 4141 2915 4196 ἀδικίαν
2960 4142 3102 4196 κατὰ
3139 4141 3298 4208 Θεοῦ,
3353 4143 3725 4214 «ἐπαίροντές
3763 4162 3833 4198 τε

2228 4233 2309 4296 εἰς
2354 4231 2488 4302 ὕψος
2519 4232 2581 4286 τὸ
2610 4233 2807 4305 κέρας,
2838 4251 2857 4286 ι
2897 4234 3038 4289 κατά
3069 4235 3169 4306 τὴν
3208 4236 3302 4291 τοῦ
3345 4237 3652 4301 Ψάλλοντος
3696 4256 3835 4308 gae»-

2228 4325 2348 4394 νήν,
2392 4323 2588 4394 ἐπάγει
2609 4325 2916 4397 χρησίμως,
2952 4344 2972 4379 ι
3003 4328 3126 4381 Ὀτι
3167 4326 3305 4399 αῦτη
3347 4328 3499 4383 ἔσται
3539 4332 3573 4402 ἡ
3602 4331 3831 4395 πτῶσις

2227 4416 2339 4470 τῶν
2370 4417 2572 4484 ἵππων,
2600 4420 2696 4472 καὶ
2723 4418 2833 4473 τῶν
2860 4421 3120 4490 ἡμιόνων,
3146 4422 3240 4473 καὶ
3266 4420 3375 4475 τῶν
3399 4422 3679 4493 καμήλων,
3710 4426 3831 4476 καὶ

548 4507 732 4553 autem
760 4498 1123 4554 animantibus
1149 4514 1272 4569 qua:
1299 4502 1364 4555 iis
1381 4504 1651 4559 vehuntur
1671 4506 1955 4576 signiﬁcat.
1982 4509 2122 4565 Ado-

2233 4509 2336 4563 τῶν
2369 4508 2527 4575 δνων,
2556 4509 2652 4564 καὶ
2688 4511 2906 4564 πάντων
2928 4512 3037 4565 τῶν
3064 4514 3296 4584 κτηνῶν.
3319 4533 3339 4566 s
3375 4514 3506 4567 Ἀπὸ
3530 4514 3585 4569 δέ
3614 4532 3676 4584 γε
3699 4517 3831 4570 τῶν

550 4589 828 4649 riebantur
846 4589 992 4651 enim
1012 4592 1249 4657 ludatos,
1273 4602 1325 4647 et
1351 4593 1517 4663 ipsam
1545 4596 1969 4670 Hierosolymam
1992 4616 2124 4672 gen-

549 4688 634 4736 tes
676 4680 1111 4751 disjunctissima
1152 4694 1206 4738 et
1251 4685 1475 4751 vicinae;
1526 4701 1755 4755 quarum
1806 4690 1923 4745 alia:
1968 4693 2125 4762 equis

549 4771 903 4837 vehebantur,
931 4772 1211 4845 Babylonii
1240 4786 1293 4831 ct
1323 4774 1468 4846 Syri,
1495 4778 1622 4845 quin
1649 4788 1700 4833 et
1723 4778 1985 4851 Egyptii,
2012 4784 2127 4839 aliae

546 4862 805 4927 camelos,
832 4872 889 4917 et
912 4865 1118 4931 asinos,
1146 4876 1203 4921 et
1232 4867 1407 4922 mulos
1438 4869 1764 4935 domabant,
1794 4881 1851 4925 ut
1879 4872 2127 4930 Moabitae

544 4963 596 5008 et
647 4955 905 5010 nomades
962 4956 1020 5011 in
1084 4957 1411 5024 solitudine,
1478 4975 1707 5030 quorum
1765 4971 1819 5017 et
1867 4966 2124 5036 propheta

542 5045 713 5116 8w
741 5046 910 5103 Isaias
942 5050 1271 5105 mentionem
1306 5051 1437 5108 facit
1469 5069 1484 5108 :
1528 5072 1549 5108 (
1590 5054 1646 5110 ln
1684 5054 2035 5112 tribulatione
2068 5067 2124 5112 et

545 5141 792 5210 angustia
816 5139 899 5196 leo
922 5150 977 5197 et
997 5142 1207 5198 catulus
1231 5145 1419 5211 leonis,
1443 5147 1565 5201 inde
1587 5158 1643 5202 et
1664 5149 1877 5217 aspides
1898 5159 1950 5204 et
1972 5150 2122 5220 geni-

544 5234 690 5287 ntina
718 5234 964 5303 aspidum
993 5235 1329 5305 volantium,
1357 5240 1447 5305 qui
1481 5241 1724 5295 ferebant
1752 5256 1914 5312 super
1939 5244 2120 5297 asinos

541 5335 598 5379 et
628 5326 861 5382 camelos
896 5328 1113 5383 divitias
1144 5344 1269 5386 suas
1292 5333 1330 5386 ‘.
1372 5352 1391 5385 ι
1427 5332 1610 5389 Visum
1645 5344 1699 5389 et
1731 5333 1858 5388 alibi
1893 5334 1968 5387 ait
1997 5349 2025 5388 a
2061 5350 2119 5390 se

543 5433 884 5475 ascensorem
915 5421 1090 5486 asini,
1119 5431 1173 5476 et
1201 5438 1540 5482 ascensorem
1567 5427 1760 5482 cameli
1782 5428 1823 5481 '.
1858 5427 2121 5482 Describit

542 5507 709 5578 igitur
746 5510 992 5566 veritatis
1034 5512 1280 5569 inimicos
1319 5524 1377 5569 ut
1427 5516 1479 5570 in
1524 5517 1691 5587 ﬁgura
1738 5518 1789 5574 in
1837 5519 2117 5587 gentibus,

2222 4599 2532 4669 ὑποζυγίων
2552 4604 2679 4665 τοὺς
2702 4603 2885 4666 αὐτοῖς
2934 4604 3335 4676 ὲποχουμένους
3383 4608 3659 4680 ὑποδηλοῐ.
3688 4611 3831 4665 Ἐπ-

2221 4692 2451 4763 εφύοντο
2475 4692 2587 4765 γὰρ
2616 4696 2727 4758 τοῖς
2761 4696 3051 4761 Ἰουδαίοις,
3084 4700 3181 4752 καὶ
3212 4699 3391 4763 αὐτοῖς
3416 4700 3474 4753 δὲ
3506 4704 3616 4765 τοῖς
3650 4701 3831 4774 Ἰερο-

2225 4788 2479 4859 σολύμοις
2504 4791 2551 4842 οἰ
2582 4788 2838 4844 ἀποτάτω
2864 4808 2923 4843 τε
2956 4792 3051 4844 καὶ
3078 4790 3147 4844 τὰ
3182 4792 3435 4863 περίοικα
3467 4793 3575 4847 τῶν
3601 4793 3789 4847 ὲθνῶν
3809 4814 3823 4827 ’

2225 4881 2273 4933 οἰ
2311 4880 2408 4951 μὲν
2446 4880 2635 4942 ἵπποις
2663 4879 2869 4951 ἔποχοι,
2915 4880 3247 4935 Βαϐυλώνιοί
3279 4899 3339 4935 τε
3376 4883 3472 4936 καὶ
3499 4882 3680 4956 Σύροι,
3715 4887 3829 4939 καὶ

2230 4972 2341 5041 μὴν
2373 4971 2468 5025 καὶ
2490 4971 2558 5025 τὰ
2586 4972 2896 5040 Αἰγυπτίων
2938 4972 3094 5044 ἔθνη·
3134 4974 3182 5026 ei
3215 4972 3272 5025 δὲ
3308 4974 3589 5043 καμήλους
3624 4992 3684 5027 τε
3713 4980 3827 5030 καὶ

2226 5060 2400 5125 ὅνους,
2427 5062 2524 5114 καί⁵
2554 5063 2699 5132 ὀρεῖς
2733 5061 3157 5128 ὑποζειῖξαντες,
3197 5059 3310 5116 οἷον
3350 5063 3667 5129 Μωαϐῖται,
3716 5068 3826 5119 καὶ

2228 5150 2278 5202 οἰ
2305 5150 2406 5220 τῆς
2441 5152 2649 5223 ἐρήμου
2687 5152 2934 5220 μονάδες,
2959 5146 3034 5204 ὧν
3062 5152 3159 5205 καὶ
3196 5154 3225 5205 ὀ
3259 5156 3544 5225 προφήτης
3585 5154 3825 5219 Ἡσαΐας

2225 5240 2611 5312 διαμέμνηται,
2646 5242 2849 5311 λέγων·
2887 5262 2906 5294 ι
2945 5242 3033 5295 Ἐν
3064 5246 3131 5315 τῇ
3166 5243 3343 5314 θλίψει
3400 5246 3496 5299 καὶ
3535 5248 3600 5317 τῇ
3629 5263 3824 5301 στενο-

2224 5334 2400 5406 χωρίᾳ
2439 5334 2576 5387 λέων
2626 5335 2721 5389 καὶ
2754 5334 2993 5405 σκύμνος
3023 5333 3257 5399 λέοντος,
3285 5336 3493 5391 ἐκεῖθεν
3530 5337 3626 5391 καὶ
3649 5338 3823 5392 ἀσπί-

2224 5427 2313 5489 δες
2372 5425 2465 5479 καὶ
2495 5426 2697 5494 ἔκγονα
2738 5426 2979 5482 ἀσπίδων
3019 5428 3353 5498 πετομένων,
3398 5428 3449 5482 οἳ
3494 5428 3689 5501 ἔφερον
3720 5432 3820 5485 ἐπ’

2225 5518 2361 5571 ὄνων
2397 5519 2490 5573 καὶ
2522 5521 2785 5593 καμήλων
2823 5520 2918 5575 τὸν
2949 5519 3177 5574 πλοῦτον
3219 5521 3419 5575 αὐτῶν.
3447 5540 3466 5572 s
3506 5523 3548 5575 Τ
3551 5519 3818 5575 εθεᾶσθαι

718 5714 858 5800 _Psal.
889 5731 978 5780 xc,
1007 5717 1100 5800 15.
1139 5718 1220 5800 "3
1251 5718 1379 5773 Luc.
1415 5719 1727 5800 xu,ﬂ2l,‘2?..
1802 5723 1850 5755 ’⁸
1900 5723 2067 5800 Egon.
2100 5739 2128 5779 ll

2233 5725 2296 5793 tl,
2327 5725 2427 5793 22;
2471 5743 2549 5795 ιι,
2580 5727 2632 5781 2.
2713 5728 2758 5761 ’⁷
2816 5727 2970 5785 Rom.
3000 5744 3086 5788 xv.
3119 5728 3205 5784 l7.
3283 5730 3330 5762 "
3364 5728 3596 5800 l'hihpp.
3630 5743 3703 5797 Iv,
3741 5727 3802 5784 Ι.

542 5786 588 5818 ⁹⁹
614 5785 755 5843 l'sal.
785 5803 969 5858 Lutv,
1003 5788 1057 5844 6.
1139 5789 1154 5821 ⁸
1189 5786 1293 5843 lsa.
1333 5785 1535 5859 xxx,'6.
1613 5793 1633 5822 ⁸
1671 5792 1773 5847 lsa.
1800 5808 1912 5863 xxI,
1948 5794 1988 5850 7.
