4070 6514
147 301 268 358 εδδ

977 308 1540 368 COMMENTARIUS
1581 313 1646 367 IN
1689 316 2090 374 ZACHARIAM
2138 319 2582 380 PROI’IIETAM.

3334 331 3440 388 266

148 419 208 475 δέ
239 423 340 475 καὶ
378 420 608 492 ἑτέρωθί
654 439 820 493 φησιν
849 424 1136 511 ἀναϐάτην
1165 428 1310 494 δνου,
1348 431 1444 483 καί
1472 431 1751 504 ἀναϐάτην

1857 452 1976 504 qua:
2007 445 2238 493 terrenae
2265 437 2564 495 Jerusalem
2599 439 2813 496 infesta:
2843 438 3062 511 semper
3091 440 3347 511 fuerunt,
3379 458 3441 502 ut

150 512 427 582 καμήλου.
463 513 671 583 Γράφει
709 514 774 585 δὴ
813 510 906 568 οὖν
937 517 1066 580 τοὺς
1093 518 1192 588 τῆς
1229 519 1491 590 ἀληθείας
1522 523 1752 596 ἐχθροὺς

145 602 227 666 ὡς
251 602 315 656 ἐν
341 602 501 674 τύπῳ
532 605 643 668 τοῖς
681 603 884 672 ἔθνεσι,
923 610 1038 672 τοῖς
1069 609 1159 662 ἀεὶ
1202 610 1612 682 πεπολεμηκόσι
1653 613 1753 684 τὴν

146 693 398 762 ἐπίγειον
433 693 812 768 Ἰερουσαλὴμ,
838 697 926 751 ’ίνα
948 699 1006 765 ἐξ
1033 700 1214 755 αὐτῶν
1239 702 1451 774 νοῶμεν
1475 706 1602 769 τοὺς
1627 707 1751 759 καθ’

145 785 314 854 ἡμῶν
355 787 591 857 ὁρατούς
626 805 686 842 τε
723 789 821 843 καὶ
867 791 1128 862 ἀοράτους
1181 795 1443 866 ἐχθροὺς,
1481 797 1619 869 πρὸς
1658 798 1752 863 οὓς

147 877 287 946 ἡμῖν
322 877 355 946 ἡ
393 878 564 950 μάχη.
611 878 674 932 Ei
721 879 778 934 δὲ
823 881 888 952 δὴ
925 882 1170 952 βούλοιτό
1209 905 1292 950 τις
1325 889 1417 942 καὶ
1461 892 1542 954 εἰς
1579 891 1750 946 τύπον

148 967 450 1039 ἀναφέρειν
481 971 592 1024 τῶν
619 971 719 1042 τῆς
757 972 1087 1046 Ἐκκλησίας
1119 977 1332 1049 ἐχθρῶν
1362 981 1430 1034 τὰ
1470 980 1580 1035 τῶν
1613 999 1750 1053 κτη-

150 1058 256 1112 νῶν
293 1059 583 1131 ἰδιώματα,
609 1062 672 1116 τὸ
693 1063 914 1118 ἀδικοῦν
936 1065 1089 1120 οὐδὲν
1113 1069 1291 1121 ἐκεῖνο
1312 1071 1476 1139 φάναι
1500 1089 1560 1125 τε
1585 1075 1745 1127 νοεῖν*

143 1151 224 1216 ὡς
261 1154 313 1205 oi
359 1153 460 1223 μὲν
491 1154 771 1226 ἐφάνησαν
796 1159 1057 1230 όρμητίαι
1091 1161 1186 1214 καὶ¹
1211 1161 1454 1234 θρασεῖς,
1485 1165 1561 1229 ὡς
1592 1166 1748 1223 ἵπποι

147 1247 311 1317 τυχόν
332 1263 347 1278 ο
383 1247 634 1320 περιθείη
663 1249 711 1302 δ’
731 1250 798 1304 ἄν
830 1269 914 1315 τις
942 1253 1151 1324 αὐτοῖς,
1180 1256 1277 1309 καὶ
1317 1257 1464 1327 μάλα
1497 1259 1745 1326 εἰκότως,

147 1337 210 1390 τὺ
243 1338 531 1410 φιλήδονόν
555 1357 614 1393 τε
646 1341 740 1394 καὶ
779 1341 1118 1414 θηλυμανές·
1147 1349 1196 1401 οἱ
1228 1348 1286 1401 δὲ
1317 1351 1560 1421 ἡμιόνων
1589 1352 1748 1424 δίκην

147 1431 336 1502 ἄγριοι
365 1448 425 1484 τε
451 1432 546 1485 καὶ
570 1433 800 1505 ἀπηνεῖς
834 1436 1200 1510 (ἀγριωτέρας
1232 1442 1291 1495 δέ
1319 1443 1492 1509 αὐτάς
1515 1447 1609 1500 καὶ
1635 1451 1749 1512 τοῖς

157 1523 435 1594 Ἐλλήνων
473 1528 728 1596 ποιηταῖς
760 1527 1050 1599 ὀνομάζειν
1094 1531 1258 1603 ἑθος)·
1299 1537 1348 1588 οἱ
1385 1536 1442 1590 δὲ
1476 1539 1748 1610 καμήλοις

147 1616 296 1668 κατά
328 1633 391 1684 γε
418 1616 519 1688 τὴν
553 1617 668 1684 saw
699 1623 1102 1692 προσεοικότες,
1141 1627 1446 1697 τουτέστιν,
1476 1630 1650 1686 ἄνισοί
1683 1650 1744 1686 τε

145 1707 242 1761 καὶ
284 1708 550 1774 ἀλαζόνες
580 1709 718 1780 ὑψοῦ
764 1730 826 1766 τε
861 1716 1108 1789 ῂρμένην
1152 1719 1213 1786 ἐξ
1259 1721 1607 1795 ἀποπληξίας
1641 1726 1744 1798 τὴν

1860 545 1927 585 ex
1962 531 2094 601 ipsis
2128 532 2482 601 aspectabiles
2509 543 2563 588 et
2596 548 2703 588 non
2732 535 3093 604 aspectabiles
3125 537 3312 593 hostes
3341 553 3441 594 no-

1861 631 2005 678 stros
2031 623 2448 694 perspiciamus,
2474 640 2599 679 eum
2627 625 2825 695 quibus
2851 627 3007 682 nobis
3032 640 3308 684 certamen
3334 640 3439 685 est.

1861 718 1930 770 At
1961 717 2005 770 si
2040 717 2125 771 cui
2158 716 2422 786 placuerit
2448 717 2816 786 iumentorum
2847 720 3206 788 proprietates
3239 724 3305 775 ad
3341 723 3444 776 Ee-

1859 806 2039 862 clesiae
2068 808 2274 872 hostes,
2305 819 2561 878 tanquam
2593 809 2650 864 in
2683 818 2829 880 typo,
2860 809 3086 875 referre,
3116 811 3300 866 licebit
3322 811 3443 879 iure
3547 847 3550 850 -

1859 900 2130 956 allirmare
2161 903 2242 957 sic
2275 901 2676 972 intelligendas.
2705 901 2808 956 Alii
2844 902 3108 970 siquidem
3145 902 3443 971 importuni

1857 1003 1908 1046 et
1940 995 2206 1057 audaces,
2239 1003 2300 1048 ut
2331 995 2456 1065 equi
2490 993 2660 1058 forte,
2693 993 2891 1063 quibus
2921 993 3442 1049 convenientissime

1857 1093 1913 1138 et
1946 1084 2186 1138 studium
2219 1083 2541 1153 voluptatis,
2573 1095 2629 1139 et
2664 1084 2888 1138 insanus
2924 1097 3077 1138 amor
3113 1083 3166 1138 in
3207 1083 3442 1139 feminas

1861 1173 2132 1230 tribuatur
2172 1193 2186 1228 :
2227 1173 2318 1228 alii
2363 1181 2604 1245 agrestes
2643 1182 2699 1229 et
2739 1173 2889 1240 smvi,
2932 1174 3104 1229 instar
3147 1174 3439 1239 mulorum,

1857 1280 1992 1334 quos
2019 1275 2078 1321 et
2105 1266 2419 1321 Graecorum
2453 1266 2627 1335 poetis
2656 1273 2901 1336 agrestes
2927 1279 3125 1322 vocare
3156 1280 3275 1320 mos
3305 1271 3390 1321 est
3422 1282 3438 1320 :

1856 1358 1945 1411 alii
2002 1359 2224 1413 camelis
2267 1358 2462 1414 all'ectu
2505 1357 2709 1414 similes
2750 1357 3000 1426 fuerunt,
3051 1360 3156 1414 hoc
3196 1367 3313 1425 est,
3353 1359 3438 1414 in-

1854 1450 2187 1520 aequales,et
2221 1459 2566 1520 arrogantes,
2598 1459 2653 1505 et
2677 1449 2880 1505 elatam
2909 1465 2977 1506 ex
3011 1450 3248 1506 amentia
3286 1464 3440 1504 men-

1856 1551 1962 1598 tem
1999 1544 2259 1600 ltabentes
2296 1560 2310 1596 :
2347 1542 2461 1608 alii,
2495 1542 2629 1598 nihil
2664 1542 2732 1598 ab
2768 1543 2938 1598 asinis
2973 1541 3306 1608 diﬂ‘erentes,
3343 1557 3439 1598 ex.

1856 1647 2026 1691 trema
2074 1636 2302 1691 rationis
2349 1636 2528 1706 inopia
2569 1635 2924 1702 laborarunt;
2977 1636 3157 1707 segnis
3198 1637 3344 1692 enim
3385 1646 3440 1692 et

1854 1731 2038 1785 tardus
2076 1737 2163 1784 est
2203 1728 2390 1783 asinus
2429 1729 2497 1781 ad
2540 1741 2790 1792 sensum,
2835 1736 2892 1782 et
2930 1727 3161 1782 extremi
3201 1727 3440 1797 stuporis

139 1801 389 1856 διάνοιαν
422 1802 671 1873 ἔχοντες·
701 1807 750 1859 oi
782 1805 840 1859 δὲ
873 1808 1011 1863 ὄνων
1037 1811 1408 1882 διενεγκόντες
1445 1817 1619 1885 οὐδὲν,
1648 1819 1749 1890 τὴν

1855 1823 2053 1892 imago.
2108 1817 2669 1875 Animadvertendum
2723 1818 2988 1874 Ecclesiae
3039 1827 3443 1889 oppugnatores

145 1895 377 1949 ἀπασῶν
406 1897 647 1968 ἐσχάτην
679 1903 1030 1974 νενοσήκασιν
1059 1905 1317 1976 ἀλογίαν·
1347 1908 1527 1982 νωθής
1568 1910 1676 1983 γάρ
1710 1914 1744 1984 ἡ

141 1988 264 2052 δνος
318 1990 417 2044 καὶ
475 1991 698 2065 βραδεῖα
739 1994 878 2065 πρὸς
924 1995 1200 2068 αἴσθησιν,
1246 1999 1477 2072 καὶτῆς
1510 2002 1748 2075 ἐσχάτης

143 2080 372 2150 ἀλογίας
394 2082 582 2140 εἰκών.
619 2086 964 2156 Σημειωτὲον
987 2088 1066 2154 δέ,
1091 2089 1174 2143 ὅτι
1193 2091 1322 2156 τοὺς
1344 2095 1414 2166 τῇ
1448 2093 1748 2166 Ἐκκλησία

145 2173 607 2245 πεπολεμηκότας
649 2176 825 2230 οὐδενὶ
860 2177 961 2249 μὲν
1001 2180 1244 2252 ἐξομοιοῖ
1274 2182 1387 2238 τῶν
1430 2185 1654 2258 ήμέρων
1685 2203 1745 2239 τε

1855 1911 1989 1966 nulli
2020 1918 2430 1966 mansuetorum
2459 1917 2516 1964 et
2543 1907 2869 1963 mundorum
2901 1908 3260 1964 animantium
3289 1924 3440 1965 com-

1854 2003 2071 2073 parari,
2107 2009 2164 2057 ut
2195 2001 2320 2068 ovi,
2354 2001 2608 2070 inquam,
2642 2008 2698 2055 et
2728 1999 2850 2054 bovi
2885 2018 2898 2054 :
2932 1999 3028 2056 sed
3059 2001 3439 2057 abominandis

1853 2095 2032 2162 potius
2073 2103 2127 2148 et
2168 2092 2490 2159 immitibus,
2529 2105 2653 2162 quae
2689 2099 2748 2146 et
2785 2105 2817 2145 a
2859 2091 2978 2162 lege
3021 2102 3081 2148 ut
3122 2093 3348 2164 profana
3385 2105 3439 2151 et

1855 2187 2065 2256 impura
2100 2186 2354 2241 damnata
2383 2192 2528 2240 sunt.

147 2265 238 2319 καὶ
269 2267 534 2338 καθαρῶν
565 2267 740 2334 ζώων,
788 2265 903 2323 οἷον
933 2272 1213 2345 προϐάτῳ,
1251 2277 1417 2348 φημὶ,
1449 2278 1547 2331 καὶ
1583 2277 1687 2348 βοῒ,
1731 2277 2058 2349 παρεικάζει
2087 2278 2145 2332 δέ
2199 2277 2399 2349 μᾶλλον
2431 2278 2545 2340 τοῖς
2585 2275 2858 2348 βδελυροῖς
2897 2293 2958 2330 τε
2990 2279 3086 2331 καὶ
3114 2277 3434 2350 ἀνημέροις,

144 2362 180 2417 ἀ
214 2365 316 2417 καὶ
344 2366 470 2428 ταῖς
495 2364 593 2418 τοῦ
624 2365 788 2437 νόμου
818 2370 1024 2437 φωναῖς
1069 2369 1147 2431 ὡς
1177 2370 1385 2444 βέϐηλά
1407 2390 1467 2426 τε
1491 2374 1586 2427 καὶ
1613 2373 1902 2447 ἀκάθαρτα
1931 2377 2336 2441 κατεδικάζετο.

211 2455 329 2511 Καὶ
367 2456 564 2523 ἔσται,
597 2457 734 2512 ὅσοι
767 2459 846 2513 ἂν
883 2461 1369 2532 καταληφθῶσιν
1398 2465 1467 2518 ἐκ
1500 2465 1743 2519 πάντων

141 2550 266 2604 τῶν
291 2549 488 2606 ἐθνῶν
516 2549 638 2604 τῶν
665 2551 973 2607 ἐλθόντων
1004 2554 1156 2622 πρὸς
1187 2554 1611 2626 Ἰερουσαλὴμ,
1642 2555 1743 2611 καί

139 2642 559 2713 ἀναϐήσονται
588 2647 716 2698 κατ’
732 2644 1016 2700 ἐνιαυτὸν
1066 2645 1175 2701 τοῦ
1204 2646 1634 2716 προσκυνῆσαι
1660 2647 1743 2714 τῷ

131 2737 398 2803 ,βασιλεῖ
424 2738 620 2808 Κυρίῳ
659 2739 1094 2808 παντοκράτορι
1145 2739 1285 2806 Θεῷ,
1321 2740 1423 2794 καὶ
1459 2742 1567 2796 τοῦ
1609 2743 1742 2811 ἑορο

138 2832 342 2895 nitur
374 2833 490 2904 τὴν
516 2834 733 2903 ἑορτὴν
755 2833 866 2903 τῆς
905 2835 1352 2906 Σκηγοπηγίας.
1392 2835 1504 2890 Καὶ
1543 2837 1735 2900 ἔσται,

137 2927 276 2981 ὅσοι
307 2925 387 2980 ἂν
410 2927 497 2996 μὴ
527 2927 833 2983 ἀναϐῶσιν
863 2927 932 2981 ἐκ
965 2927 1182 2981 πασῶν
1228 2926 1440 2997 φυλῶν
1473 2928 1584 2998 τῆς
1625 2927 1739 2998 γῆς

133 3021 226 3086 εις
279 3019 672 3089 Ἰερουσαλὴμ
731 3019 838 3073 τοῦ
886 3018 1317 3089 προσκυνῆσαι
1374 3017 1454 3085 τῷ
1485 3020 1746 3085 βασιλεῖ

135 3113 340 3181 Κυρίῳ
394 3111 831 3181 παντοκράτορι
883 3111 1042 3178 Θεῷ,
1095 3111 1196 3166 καὶ
1250 3107 1416 3168 οὗτοι
1481 3112 1737 3179 ἐκείνοις

133 3204 683 3274 προστεθήσονται.

208 3299 366 3353 Ρ1Λ’.
409 3298 550 3361 Τοὺς
580 3301 700 3362 ταῖς
735 3297 1086 3368 Ἐκκλησίαις
1120 3295 1600 3368 πεπολεμηκότας,
1649 3297 1742 3349 καὶ

133 3389 284 3444 κατά
320 3391 419 3460 τῆς
455 3391 614 3459 ἁγίας
645 3391 1005 3463 Ἰερουσαλὴμ
1040 3392 1250 3463 ὑψηλήν
1287 3409 1349 3445 τε
1380 3392 1474 3445 καὶ
1504 3389 1742 3454 ἀλαζόνα

132 3483 236 3556 τὴν
275 3484 452 3556 ὀφρὺν
499 3483 928 3548 ἀνατείναντας,
988 3487 1111 3548 ταῖς
1161 3485 1347 3548 αὐτοῖς
1400 3483 1741 3554 πρεπούσαις

132 3577 319 3640 δίκαις
345 3575 726 3647 ἐνολισθήσειν
752 3575 942 3641 εἰπὼν,
971 3576 1069 3647 τὴν
1093 3576 1202 3629 τῶν
1234 3575 1351 3647 μετ’
1375 3576 1614 3639 ἐκείνους
1644 3592 1741 3627 πε-

132 3666 578 3738 ρὶλελειμμένων
630 3666 996 3740 προαγορεύει
1043 3666 1438 3741 προσκύνησιν,
1487 3667 1648 3736 δῆλον
1680 3664 1738 3718 δὲ

129 3760 215 3812 ὃτι
247 3759 350 3830 τὴν
380 3761 440 3812 ἐν
465 3758 689 3829 Χριστῷ
717 3757 809 3824 διὰ
837 3758 1094 3821 πίστεως.
1124 3757 1297 3821 Αὐτὸς
1326 3757 1436 3828 γάρ
1475 3758 1624 3810 ἐστιν
1655 3775 1673 3808 ι
1701 3759 1734 3828 ἡ

126 3851 244 3903 τῶν
293 3849 468 3903 ἐθνῶν
504 3851 833 3921 προσδοκία,
869 3869 888 3901 ι
932 3849 1075 3903 κατὰ
1109 3849 1208 3918 τὴν
1254 3847 1348 3902 τοῦ
1395 3848 1736 3920 πατριάρχου

129 3943 344 4014 φωνήν.
377 3941 631 3995 Τέθειται
659 3941 716 3994 δὲ
749 3943 844 3995 καὶ
875 3944 954 4006 είς
990 3942 1108 4010 φῶς
1144 3941 1338 4005 ἐθνῶν,
1373 3940 1468 3993 καὶ
1499 3941 1579 4005 είς
1622 3940 1736 3993 δια-

126 4037 310 4108 θήκην
336 4036 551 4105 γένους,
576 4035 785 4101 ἀνοῖξαι
804 4035 1116 4106 ὀφθαλμοὺς
1136 4035 1375 4105 τυφλῶν,
1401 4034 1496 4088 καὶ
1519 4033 1736 4102 ἐξάγειν

127 4130 193 4182 ἐκ
228 4129 451 4200 δεσμῶν
481 4129 800 4199 δεδεμένους
821 4168 836 4193 ,
881 4129 977 4183 καὶ
1007 4129 1067 4193 ἐξ
1109 4129 1262 4181 οἴκου
1299 4127 1551 4197 φυλακῆς
1595 4125 1733 4180 καθ·-

125 4221 375 4293 ημὲνους
397 4223 457 4273 ἐν
483 4223 815 4276 σκότει.”οτι
841 4222 1022 4275 τοίνυν
1042 4221 1141 4294 τὴν
1168 4223 1267 4292 τῆς
1285 4219 1736 4290 εἰδωλολατρείας

1921 2468 2088 2522 Vens.
2129 2466 2215 2534 ‘16,
2259 2467 2345 2523 l7.
2391 2467 2455 2521 Et
2482 2468 2601 2534 erit,
2639 2467 2936 2537 quicunque
2959 2465 3196 2520 derelicti
3233 2467 3430 2536 fuerint

1851 2562 1916 2615 de
1947 2562 2146 2616 cunctis
2178 2561 2445 2632 gentibus,
2476 2561 2566 2630 qui
2599 2568 2847 2615 venerunt
2880 2569 3067 2626 contra
3094 2558 3392 2614 Jerusalem
3415 2601 3428 2623 ,

1851 2665 1900 2707 et
1926 2653 2206 2708 ascendent
2229 2667 2321 2720 per
2343 2667 2509 2704 annos
2536 2651 2774 2720 singulos
2800 2659 2858 2703 ut
2885 2649 3105 2703 adorent
3132 2667 3300 2719 regem
3327 2650 3434 2704 Do-

1851 2745 2053 2797 minum
2091 2743 2497 2812 omnipotentem
2539 2741 2725 2806 Deum,
2757 2750 2810 2794 ct
2851 2751 2905 2793 ut
2946 2740 3199 2794 celebrent
3240 2741 3432 2810 festum

1853 2835 2356 2890 Tabernaculorum.
2383 2831 2452 2886 Et
2483 2834 2602 2896 erit,
2627 2833 2718 2903 qui
2739 2849 2840 2886 non
2871 2833 3197 2886 ascenderint
3227 2847 3294 2885 ea:
3322 2849 3434 2885 om-

1847 2926 1998 2979 nibus
2036 2923 2276 2978 tribubus
2312 2934 2468 2978 εει-ναι
2497 2923 2553 2977 in
2583 2923 2881 2977 Jerusalem
2917 2932 2970 2975 ut
3004 2923 3223 2976 adorent
3263 2939 3432 2993 regem

1847 3018 2135 3073 Dominum
2183 3016 2588 3085 omnipotentem
2638 3014 2837 3078 Deum,
2882 3024 2930 3067 et
2980 3014 3067 3068 isti
3116 3015 3223 3068 illis
3271 3031 3433 3085 appo-

1844 3123 2048 3167 nentur.

1916 3287 2052 3342 CXI.
2107 3285 2473 3342 Ecclesiarum
2519 3293 2956 3354 oppugnatores,
2999 3293 3056 3339 et
3099 3285 3191 3353 qui
3239 3293 3431 3340 contra

1846 3390 2090 3436 sanctam
2145 3377 2450 3434 Jerusalem
2503 3377 2852 3448 supercilium
2908 3378 3143 3447 superbe
3195 3377 3430 3432 sustule-

1845 3479 1993 3536 runt,
2030 3482 2219 3538 pmnas
2256 3467 2552 3538 condignas
2591 3467 2820 3521 luituros
2859 3481 2982 3521 cum
3027 3467 3274 3532 dixisset,
3306 3476 3430 3538 post

1845 3563 1963 3618 illos
1993 3561 2303 3616 relictorum
2335 3560 2708 3616 adorationem
2742 3560 3104 3630 praenuntiat,
3139 3559 3287 3614 illam
3321 3560 3430 3616 sci-

1845 3655 1970 3711 licet
2003 3669 2126 3726 qute
2165 3654 2223 3708 tit
2258 3669 2355 3724 per
2386 3653 2664 3708 Christum
2703 3653 2755 3707 in
2793 3652 2976 3706 Iidem.
3012 3651 3132 3722 Ipse
3167 3652 3312 3708 enim
3347 3662 3432 3708 est

1848 3765 1867 3800 ι
1905 3746 2243 3816 exspectatio
2271 3745 2512 3814 gentium
2532 3786 2548 3811 ,
2586 3763 2606 3797 ι
2636 3744 2790 3813 juxta
2819 3743 3147 3814 patriarcha:
3172 3757 3359 3799 vocem
3383 3743 3428 3795 ³.

1841 3839 2054 3894 Positus
2112 3845 2197 3893 est
2237 3851 2454 3908 quoque
2509 3837 2563 3891 in
2607 3837 2791 3891 lumen
2833 3837 3106 3908 gentium,
3150 3846 3206 3892 et
3247 3837 3302 3892 in
3345 3844 3428 3893 te-

1840 3939 2170 3986 stamentum
2196 3930 2412 4000 generis
2432 3929 2477 3996 ‘,
2499 3938 2557 3985 ut
2581 3929 2790 3999 aperiat
2815 3928 3003 3985 oculos
3024 3944 3290 3986 caecorum
3307 3929 3352 3995 ⁵,
3374 3938 3432 3984 et

1838 4025 2050 4082 vinctos
2073 4040 2102 4079 a
2123 4025 2376 4093 vinculis,
2399 4032 2453 4080 et
2477 4038 2507 4078 a
2534 4025 2694 4079 domo
2716 4023 2886 4094 διο
2907 4025 3148 4080 carceris
3171 4025 3428 4081 sedentes

1839 4120 1891 4175 in
1929 4119 2171 4175 tenebris
2212 4117 2468 4173 liberet‘.
2507 4115 2832 4171 Idololatriae
2870 4115 3034 4184 igitur
3068 4115 3257 4172 relicta
3297 4116 3429 4172 cali-

1838 4212 1993 4284 gine,
2027 4195 2338 4282 diabolique
2367 4218 2423 4265 et
2451 4208 2767 4265 stoliditatis
2792 4207 3025 4265 vinculis
3056 4208 3288 4280 diruptis
3308 4250 3324 4276 ,
3358 4210 3428 4265 de

1837 4303 2089 4373 gentibus
2125 4305 2191 4358 ad
2221 4302 2471 4358 veritatis
2505 4302 2686 4357 lumen
2720 4309 2976 4357 venturos
3011 4311 3069 4356 et
3101 4303 3201 4358 sub
3238 4300 3427 4356 Salva-

125 4315 368 4384 ἀφέντες
392 4315 561 4385 ἀχλὺν
592 4316 686 4368 καὶ
716 4315 816 4385 τῆς
843 4313 938 4367 τοῦ
971 4312 1244 4378 διαϐόλου,
1275 4314 1372 4366 καὶ
1410 4312 1735 4383 σκαιότητος

125 4404 193 4459 τά
243 4405 425 4474 δεσμὰ
476 4404 864 4478 διαρρήξαντες
911 4407 959 4458 οἱ
1006 4406 1065 4470 ἐξ
1109 4404 1302 4468 ἐθνῶν,
1353 4403 1492 4475 πρὸς
1533 4403 1596 4456 τὸ
1633 4403 1736 4473 τῆς

1849 4396 1972 4451 loris
2007 4393 2195 4463 jugum
2236 4407 2592 4449 successuros
2631 4394 2896 4460 declarat,
2938 4395 3143 4460 dicens,
3187 4393 3428 4464 reliquos

123 4495 398 4566 ἀληθείας
427 4496 617 4567 ἥξουσι
659 4497 797 4566 φῶς,
845 4497 939 4552 καὶ
967 4497 1059 4550 τὸν
1088 4497 1182 4550 τοῦ
1216 4498 1469 4568 Σωτῆρος
1498 4495 1734 4568 ὑποδρα-

1849 4487 1906 4540 :le
1938 4485 2174 4555 punitis,
2208 4485 2323 4539 sive
2352 4483 2612 4539 Ecclesia:
2641 4485 3106 4555 oppugnatoribus
3153 4483 3427 4556 (innume-

127 4545 394 4566 ““’“ι““⁷ντ
435 4545 616 4567 Ἰτ“’“’
665 4545 797 4566 Ϊ“”Π’
845 4545 938 4552 ’⁷⁷⁷⁷
979 4545 1052 4550 ’⁷⁷
1100 4545 1178 4550 ’⁷⁷
1216 4545 1466 4568 —""II'"
1505 4545 1704 4568 ""'r"

126 4589 368 4660 μοῦνται
409 4588 595 4657 ζυγὸν,
637 4591 916 4661 σαφηνιεῖ,
963 4589 1158 4656 λέγων,
1203 4587 1279 4652 ὡς
1310 4589 1360 4640 οἱ
1407 4586 1730 4642 κατάλοιποι

1849 4574 2038 4630 rabiles
2071 4586 2250 4629 autem
2287 4572 2423 4644 isti),
2460 4573 2857 4628 ascensurosin
2881 4587 3053 4628 annos
3083 4574 3324 4644 singulos
3355 4575 3423 4628 ad

123 4683 237 4736 τῶν
283 4681 728 4752 κεκολασμένων,
771 4682 890 4752 ἦτοι.
935 4682 1044 4734 τῶν
1073 4683 1195 4745 ταῖς
1227 4680 1580 4751 Ἐκκλησίαις
1629 4697 1729 4750 με-

1849 4665 2175 4722 adorandum
2218 4665 2506 4720 Dominum
2548 4665 2975 4735 omnipotentem
3025 4662 3215 4730 Deum,
3261 4673 3318 4720 et
3359 4667 3424 4719 ad

125 4773 473 4845 μαχημένων
501 4772 776 4844 (ἀριθμοῦ
815 4773 871 4825 δὲ
923 4767 1069 4826 οὗτοι
1120 4771 1488 4845 κρείττονες),
1519 4771 1730 4842 ἀναϐή-

1849 4760 2224 4816 celebrandum
2254 4757 2450 4812 festum
2472 4757 2995 4813 Tabernaculorutn.
3019 4757 3130 4812 Lex
3159 4759 3303 4813 enim
3330 4773 3426 4826 per

126 4880 320 4916 σονται
360 4862 481 4916 κατ’
526 4861 773 4916 ἐνιαυτὸν
815 4861 909 4914 τοῦ
971 4861 1349 4934 προσκυνῆσαι
1399 4859 1474 4929 τῷ
1536 4858 1730 4929 Κυρίῳ

1849 4854 2023 4908 Mosen
2059 4851 2336 4907 mandavit
2371 4851 2554 4921 peragi
2594 4850 2790 4906 festum
2831 4850 3178 4922 Sceuopegiae
3213 4850 3419 4905 decima

123 4955 538 5026 παντοκράτορι
586 4953 736 5024 Θεῷ,
786 4953 1014 5006 καὶτοῦ
1062 4951 1342 5023 ἑορτάζειν
1393 4949 1490 5022 τὴν
1535 4948 1730 5020 ἐορτὴν

1849 4947 2023 5018 ιιιίιιῑιι
2053 4944 2142 4999 die
2168 4944 2373 4999 mensis
2403 4945 2650 5016 septimi,
2685 4944 2928 5000 collectis
2955 4943 3009 4998 in
3041 4945 3236 4998 horrea
3264 4958 3425 5013 agro-

120 5050 224 5118 τῆς
265 5047 673 5120 Σκηνοπηγίας.
716 5045 774 5099 Ὀ
811 5047 910 5116 μὲν
959 5047 1069 5118 γὰρ
1115 5045 1206 5099 διὰ
1254 5044 1498 5106 Μωσέως
1550 5059 1726 5112 προσ-

1849 5055 1951 5094 ·ιιιῐι
1972 5039 2343 5108 proventibus.
2363 5038 2542 5107 Quare
2561 5038 2756 5094 festum
2785 5037 3042 5102 Ἐξόδιον,
3066 5035 3419 5105 Egressionis,

1823 5133 2100 5197 nominat,
2133 5132 2277 5202 quod
2309 5147 2474 5200 opera
2509 5132 2710 5185 rustica
2742 5129 2854 5199 jam
2890 5132 3049 5184 linem
3084 5127 3414 5197 acceperint.

120 5144 387 5197 ετάττετο
425 5141 612 5212 νόμος.
641 5141 1009 5194 ἐπιτελεῖσθαι
1046 5139 1146 5210 τὴν
1173 5139 1367 5211 ἐορτὴν
1395 5140 1494 5209 τῆς
1522 5137 1727 5206 Σκηνο-

1828 5221 2228 5290 Ιιιεεῑιιιιιιῑοιιι
2267 5222 2516 5292 accipere
2555 5220 2798 5290 spatulas
2846 5219 3179 5288 palmarum,
3215 5225 3271 5271 et
3315 5215 3420 5268 fru-

120 5232 336 5303 πηγίας
371 5235 438 5305 τῇ
479 5231 944 5304 πεντεκαιδεκάτῃ
970 5231 1065 5285 τοῦ
1096 5231 1321 5302 ἑϐδόμου
1370 5230 1562 5301 μηνὸς,
1599 5245 1724 5280 συν-

119 5326 518 5396 ἀγηγερμένης
550 5326 631 5389 εἰς
656 5324 943 5396 ἀποθήκας
967 5325 1064 5395 τῆς
1093 5323 1151 5391 ἐξ
1176 5323 1362 5394 ἀγρῶν
1389 5321 1722 5393 εὐκαρπίας.

1849 5329 1976 5375 :tum
2003 5318 2134 5388 ligni
2153 5317 2460 5386 pulchrum,
2482 5326 2538 5370 et
2561 5331 2746 5370 ramos
2773 5314 2985 5369 arboris
3012 5315 3229 5375 densos,
3253 5319 3309 5364 et
3338 5325 3420 5364 sa-

131 5417 408 5482 Ἐξόδιον
440 5417 496 5470 δὲ
538 5417 798 5490 ταύτῃτοι
835 5419 935 5489 τὴν
964 5416 1156 5489 ἑορτὴν
1183 5415 1464 5488 ὀνομάζει,
1508 5417 1583 5480 ὡς
1621 5411 1720 5488 ήδη

1851 5416 1982 5480 ices,
2015 5422 2065 5468 et
2103 5414 2223 5482 agni
2256 5427 2463 5478 ramos,
2497 5412 2794 5481 bibereque
2823 5424 3017 5479 aquam
3048 5409 3116 5463 de
3149 5414 3410 5470 torrente,

117 5508 227 5562 τῶν
268 5507 449 5580 ἔργων
477 5509 588 5563 τῶν
622 5511 678 5563 ἐν
705 5511 891 5581 ἀγροῖς
920 5512 1388 5581 ἐκκεχωρηκότων
1430 5511 1488 5574 ἐς
1521 5510 1717 5582 πέρας.

1849 5517 1882 5560 :t
1909 5507 1962 5559 in
1989 5505 2057 5559 iis
2083 5504 2277 5558 laetari.
2304 5504 2367 5556 Et
2391 5518 2615 5558 causam
2643 5502 2861 5571 quidem
2889 5500 3011 5554 festi
3041 5499 3127 5554 lex
3158 5495 3414 5559 faciebat,

131 5599 386 5653 Ἐκέλευε
411 5600 469 5654 δὲ
497 5601 795 5673 λαμϐάνειν
819 5601 1128 5673 κάλλυντρα
1155 5603 1434 5674 φοινίκων,
1464 5604 1560 5656 καὶ
1589 5620 1722 5675 καρ-

1849 5597 1971 5668 ιιιοό
2002 5595 2170 5651 Israel
2201 5596 2253 5650 iu
2287 5596 2535 5651 tentoriis
2567 5596 2889 5662 habitasset,
2914 5591 3296 5663 Egyptiorum
3316 5590 3416 5643 do-

191 5776 213 5807 '
248 5775 389 5833 Gen.
421 5793 574 5843 thx,
605 5779 691 5833 IO.
767 5779 940 5834 ⁸Ι.ιι‹ι.
986 5795 1046 5845 ιι,
1071 5780 1160 5832 52.
1243 5781 1262 5810 ⁵
1298 5779 1400 5835 lsa.
1442 5794 1605 5847 xxxv,
1641 5776 1693 5833 5.

1849 5792 1920 5833 sa.
1955 5791 2083 5842 ml,
2110 5773 2165 5830 7.

451 5870 728 5932 PATBOL.
778 5873 896 5933 Gn.
949 5873 1198 5935 LXXII.
1714 5957 1717 5960 _
3042 5862 3081 5927 9
