4070 6540
718 329 819 385 267
1678 330 1684 338 '
1702 313 1765 369 S.
1806 312 2080 369 ClYilthl
2118 311 2325 368 ALE‘X}

2344 310 2591 367 .N‘DRINI
2631 308 2955 367 ARCIHEP.
3852 315 3951 373 358

719 443 927 500 minatu
962 440 1223 495 liberatus
1244 431 1294 491 τί
1309 436 1447 502 Quae
1478 449 1566 489 res
1598 440 1755 504 typus
1778 434 2003 504 quidam
2035 444 2154 489 erat
2186 449 2295 505 my-
2324 488 2326 494 λ

2342 440 2365 494 t
2398 434 2497 486 πδν
2542 434 2742 502 ὡραῖον
2801 432 2982 497 ξύλου,
3025 448 3122 484 και
3170 420 3400 493 κλάδους
3433 428 3596 495 ξύλου
3633 430 3841 499 δασεῖς,
3880 443 3949 492 καὶ

720 534 871 590 sterii
905 533 959 587 in
992 528 1237 585 Christo.
1271 525 1451 595 Erepti
1488 523 1633 579 enim
1670 539 1857 578 sumus
1888 539 1987 577 nos
2017 539 2295 593 quoquee

2376 525 2573 591 ἰτέας,
2620 526 2713 578 καὶ
2745 526 2907 593 ἄγνου
2958 523 3216 587 κλάδους,
3253 522 3429 575 πίνειν
3468 539 3526 575 τε
3558 520 3818 593 ὓδωρ-ἐκ
3860 543 3946 594 χει.

719 624 912 683 diaboli
959 622 1241 683 servitute,
1278 626 1333 672 et
1368 618 1568 682 vocati,
1611 627 1670 671 ut
1712 616 1847 681 dixi,
1890 617 1942 670 in
1986 615 2291 670 libertatem

2374 617 2762 688 ημάῤῥουμκαὶ
2793 616 2880 669 ἐπ’
2918 615 3103 678 αὐτοῖς
3140 612 3671 683 κατευφραίνεσθαι.
3711 614 3816 668 Καὶ
3830 618 3946 687 πρό-

718 732 814 789 per
846 713 1184 778 Cbristum',
1224 720 1280 766 et
1333 708 1462 763 facti
1502 708 1602 763 sub
1658 708 2034 762 universorum
2078 722 2203 778 rege
2241 716 2295 761 et

2396 723 2557 775 φασιν
2590 706 2688 775 μὲν
2712 707 2740 757 ὁ
2765 703 3181 775 νόμοςέποιείτο
3205 703 3307 773 τῆς
3339 701 3555 773 ἑορτῆς,
3585 702 3650 754 τὸ
3677 702 3737 755 ἐν
3756 709 3945 772 σκηναῖς

720 808 853 873 vita,
902 814 1141 860 veterum
1195 801 1532 857 dominorum
1578 799 1919 853 immanitate
1965 807 2292 867 contempta.

2397 797 2721 868 κατοικῆσαι
2759 796 2850 849 τὸν
2890 795 3134 866 Ἰσραὴλ,
3183 795 3281 865 τῆς
3313 792 3639 861 Αἰγυπτίων
3675 792 3944 859 πλεονεξίας

718 897 1068 953 Celebramus
1105 902 1284 948 autem
1321 906 1508 946 verum
1546 890 1894 961 Scenopegire
1927 891 2153 955 festum,
2192 890 2296 945 huc

2396 888 2751 959 ἐξῃρημένον.
2775 883 2886 941 Ἦν
2926 888 2983 941 δὲ
3017 888 3125 958 ἀρα
3153 886 3212 940 τὸ
3244 889 3437 957 χρῆμα
3471 886 3776 956 μυστηρίου
3811 888 3942 953 τύπος

716 999 801 1045 est
850 988 992 1042 diem
1029 983 1443 1041 resurrectionis
1486 982 1717 1047 Christi,
1772 981 1987 1051 quando
2020 981 2202 1036 omnia
2241 983 2293 1035 in

2396 978 2490 1033 τοῦ
2518 979 2658 1033 κατὰ
2685 978 2943 1048 Χριστόν.
3010 977 3359 1050 Ἐξῃρήμεθα
3382 977 3488 1048 γὰρ
3516 978 3620 1030 καὶ
3645 980 3800 1047 ἡμεῖς
3825 981 3940 1033 αὐτοὶ

718 1078 833 1147 ipso
870 1090 1095 1144 corpora
1133 1073 1285 1143 quasi
1325 1074 1427 1126 lixa
1465 1081 1519 1127 et
1553 1082 1832 1141 compacta
1870 1080 2017 1134 sunt,
2050 1073 2297 1140 quamvis

2396 1072 2495 1141 τῆς
2521 1070 2616 1124 τοῦ
2641 1070 2888 1124 διαϐόλου
2916 1070 3251 1136 πλεονεξίας,
3277 1069 3445 1139 κεκλή
3454 1067 3601 1138 μεθά
3624 1085 3705 1133 τε,
3728 1069 3798 1133 ὡς
3821 1071 3937 1142 ἔφην,

717 1168 1066 1236 corruptione
1118 1165 1378 1220 dissoluta
1431 1171 1482 1218 et
1535 1177 1564 1215 a
1623 1170 2132 1231 morte-occupata.
2177 1160 2297 1229 ipse

2398 1163 2478 1225 εἰς
2517 1162 2832 1233 ἐλευθερίαν
2870 1162 2958 1216 διὰ
2981 1161 3240 1234 Χριστοῦ,
3270 1161 3364 1215 καὶ
3391 1161 3483 1213 ὑπ’
3506 1160 3663 1232 αὐτῷ
3687 1162 3938 1234 γεγόναμεν

718 1259 860 1313 enim
899 1268 982 1312 est
1022 1256 1386 1320 resurrectio,
1429 1257 1542 1322 ipse
1583 1254 1690 1307 vita
1735 1256 1777 1319 ν,
1845 1254 1992 1307 velut
2046 1254 2298 1323 primitiae

2398 1252 2476 1323 τῷ
2506 1253 2613 1307 τῶν
2644 1252 2779 1306 ὅλων
2815 1251 3024 1323 βασιλεί
3077 1253 3173 1306 καὶ
3202 1252 3337 1322 ζωῇ,
3374 1251 3474 1321 τῆς
3505 1251 3623 1304 τῶν
3658 1251 3816 1305 πάλαι
3838 1271 3937 1323 xpu-

718 1365 783 1406 ελ
808 1352 1057 1415 mortuis,
1085 1369 1102 1401 ‹
1128 1359 1179 1403 et
1202 1349 1452 1418 primitiae
1491 1348 1873 1402 dormientium
1900 1346 1965 1413 ¹⁰,
2002 1365 2033 1398 ι
2070 1346 2164 1415 qui
2201 1361 2298 1400 nos

2387 1345 2635 1399 τούντων
2685 1344 3013 1416 σκαιότητος
3061 1344 3450 1414 ἀλογήσαντες.
3509 1341 3859 1412 Ἐορτάζομιν
3895 1347 3934 1397 δὲ

720 1443 1006 1500 fertilitate
1040 1456 1160 1510 qua:
1199 1440 1547 1509 intelligentia
1590 1438 1958 1506 cognoscitur,
2000 1435 2205 1506 replet,
2242 1444 2297 1490 et

2397 1436 2493 1508 τὴν
2523 1436 2698 1508 ἀληθῆ
2740 1437 2840 1506 τῆς
2882 1435 3267 1506 Σκηνοπηγίας
3304 1434 3520 1507 ἑορτήν,
3564 1435 3834 1499 τουτέστι,
3873 1438 3932 1507 rip

717 1534 873 1604 quasi
910 1549 975 1589 ex
1017 1533 1162 1602 agris
1198 1530 1451 1585 collectos
1488 1528 1699 1582 labores
1738 1529 1791 1580 in
1829 1542 2063 1595 superna
2102 1527 2296 1582 horrea

2396 1529 2610 1599 ἡμέραν
2650 1528 2751 1598 τῆς
2780 1529 3148 1591 ἀναστάσεως
3184 1527 3280 1580 τοῦ
3320 1524 3587 1598 Χριστοῦ,
3615 1526 3705 1578 ὅτε
3727 1526 3800 1579 -ιτὰ
3838 1546 3933 1581 παω

717 1623 1061 1681 accumulare
1084 1620 1247 1676 .l‘acit.
1281 1618 1401 1688 Ipse
1435 1618 1592 1673 nobis
1629 1618 1682 1672 in
1718 1617 1974 1686 paradiso
2008 1616 2205 1671 victum
2241 1625 2297 1671 et

2328 1670 2371 1726 Β
2396 1637 2504 1673 των
2532 1622 2603 1673 ’ἐν
2637 1618 2787 1690 αὐτῷ
2837 1620 3120 1690 μονονουχὶ
3177 1618 3463 1689 πέπηκται
3506 1616 3764 1687 σώματα,
3800 1620 3929 1672 καίτε.

2397 1710 2474 1726 ς.
2581 1710 2593 1726 .
2736 1713 2760 1726 ..
2849 1710 2873 1726 ι.
2952 1712 2977 1726 .,
3111 1707 3200 1726 ,Α
3289 1710 3300 1726 ,
3862 1710 3904 1726 ..

715 1716 941 1773 delicias
970 1713 1150 1777 dabit,
1182 1710 1495 1781 spirituales
1530 1709 1817 1773 nimirum,
1849 1708 2295 1777 victoribuspec—

2329 1707 2371 1726 ”
2397 1710 2664 1779 λελυμένα
2698 1713 2764 1781 τῇ
2806 1710 3001 1782 φθορᾷ,
3041 1709 3135 1762 καὶ
3174 1707 3389 1778 θανάτῳ
3428 1707 3823 1777 κεκρατημένα.
3854 1710 3928 1761 Λίρ-

717 1809 822 1864 eati
844 1846 859 1873 ,
893 1805 1190 1861 secundum
1228 1802 1561 1858 intellectum
1593 1802 1731 1856 bene
1760 1800 2061 1865 olentibus,
2094 1800 2295 1870 specio-

2396 1788 2486 1865 τὸς
2516 1802 2622 1871 γάρ
2655 1802 2801 1854 ἐστιν
2826 1803 2859 1873 ή
2893 1802 3209 1864 ἀνάστασις,
3236 1799 3398 1862 αὐτὸς
3428 1801 3462 1867 ή
3494 1797 3634 1867 ζωή,
3665 1799 3926 1869 πρωτόλειον

717 1910 945 1965 sumque
980 1904 1034 1949 et
1074 1892 1358 1947 amabilem
1403 1890 1723 1961 evangelicae
1764 1890 1887 1944 vita;
1929 1889 2160 1943 fructum
2206 1890 2294 1942 ha-

2380 1896 2583 1967 «ὥσπερ
2608 1900 2671 1950 ἐκ
2695 1896 2924 1967 νεκρῶν,
2954 1917 2971 1947 ι
2998 1897 3092 1949 καὶ
3114 1896 3337 1968 ἀπαρχὴ
3363 1894 3472 1948 τῶν
3501 1894 3922 1962 κεκοιμημένωνό

717 1987 999 2051 bentibus,
1031 1994 1179 2041 caste
1204 1994 1258 2038 ct
1282 1993 1468 2039 εεποιε
1494 1982 1847 2037 conversatis.
1878 1979 2100 2058 Signum
2128 1980 2290 2049 hujus

2378 1974 2424 2042 ’ό
2470 1989 2666 2058 νοητῆς
2696 1988 2865 2057 -ήμᾶς
2917 1970 3224 2057 εὐκαρπίας
3282 1983 3705 2055 κατεμπιπλῶν,
3747 1978 3924 2036 καὶοῖον

717 2093 839 2133 esse
877 2078 1082 2146 possit,
1116 2074 1258 2144 quod
1298 2072 1870 2144 spatulaspalmarum
1911 2080 1965 2125 et
2003 2070 2289 2137 pulchrum

2390 2081 2522 2143 »τοὺς
2553 2078 2612 2143 ἐξ
2634 2078 2825 2149 ἀγρῶν
2867 2078 3226 2147 συλλεγέντας
3264 2078 3463 2140 πόνους
3482 2075 3802 2145 ’ἐνσωρεόειν
3827 2077 3921 2128 ἀπο·

718 2170 847 2239 ligni
891 2167 1121 2222 fruct-1m
1165 2165 1327 2220 simul
1376 2179 1496 2219 cum
1540 2164 1660 2218 aliis
1705 2163 1956 2231 colligata
1998 2161 2290 2217 habebant.

2397 2172 2592 2241 θήκαις
2629 2173 2752 2233 ταῖς
2782 2169 2907 2224 ’ἀνω
2946 2168 3403 2240 παρασκευάζων.
3444 2168 3623 2231 Αὐτὸς
3667 2170 3786 2238 ήμίν
3824 2169 3918 2221 ἀπο-

717 2260 836 2330 lpse
864 2268 947 2314 est
978 2268 1186 2311 torrens
1213 2255 1550 2319 deliciarum,
1578 2269 1685 2324 quo
1716 2254 1916 2323 potavit
1946 2268 2045 2308 nos
2076 2253 2214 2308 Dens
2242 2263 2295 2306 et

2396 2260 2557 2313 δώσει
2588 2261 2688 2330 τὴν
2727 2262 2784 2313 ἐν
2818 2246 3130 2334 παραδείσῳ
3160 2260 3381 2314 δίαιταν
3434 2260 3532 2313 καὶ
3573 2260 3788 2329 τρυφὴν,
3813 2260 3919 2328 δῆλοι

715 2353 877 2407 Pater
898 2351 962 2404 “.
996 2350 1111 2419 Ipse
1142 2359 1224 2403 est
1254 2346 1372 2401 fons
1401 2348 1555 2411 vitae,
1586 2357 1639 2401 et
1668 2344 1863 2401 ﬂuvius
1895 2345 2075 2415 pacis,
2104 2345 2194 2413 qui
2225 2346 2293 2397 ad

2290 2348 2293 2395 ὲ
2395 2348 2451 2401 δὲ
2491 2350 2571 2400 ὅτι
2612 2349 3013 2419 πνευματικὴν,
3052 2349 3362 2420 νενικηκόσι
3417 2348 3520 2419 τὴν
3555 2348 3824 2419 ἁμαρτίαν,
3856 2351 3897 2401 εὑ

713 2460 812 2499 nos
834 2457 899 2497 ex
924 2441 1171 2513 gentibus
1194 2448 1415 2493 vocatos
1438 2438 1806 2504 declinavit“,
1826 2437 1892 2492 de
1914 2452 2020 2507 quo
2044 2436 2170 2492 alibi
2199 2452 2295 2490 ex-

2395 2438 2686 2504 ωδιάζουσι
2749 2442 2988 2512 νοητῶς,
3032 2441 3233 2514 ὡραῖον
3273 2443 3367 2496 καὶ
3400 2441 3720 2511 ἀξιέραστον
3747 2440 3823 2494 τὸν
3852 2440 3916 2510 τῆς

711 2535 966 2606 quisitius
995 2531 1374 2587 disseruimus.
1406 2530 1545 2599 Ergo
1581 2528 1937 2584 ascendentes
1966 2529 2033 2582 ad
2063 2529 2293 2583 adoran-

2394 2531 2759 2604 εὑαγγελικῆς
2818 2534 3095 2600 πολιτείας
3145 2535 3330 2606 έχουσι
3378 2536 3635 2604 καρπὸν,
3682 2535 3831 2603 ἁγνῶς
3854 2535 3911 2587 ml

712 2628 837 2679 dum
853 2624 1018 2679 Deum
1031 2620 1707 2692 omnipotentcm,811et
1720 2618 2081 2688 peragendum
2095 2618 2290 2673 festum

2392 2623 2557 2687 ὁσίως
2607 2625 3115 2696 πεπολιτευμένοις.
3163 2628 3397 2698 Σημεῖον
3433 2627 3482 2680 δ’
3526 2628 3593 2681 ἂν
3638 2627 3823 2696 γένοιτο
3854 2628 3912 2679 καὶ

708 2715 1234 2784 δαοηορρεὶω,ευιιι
1256 2713 1350 2782 qui
1382 2728 1477 2783 per
1502 2712 1659 2766 (idem
1688 2711 1740 2764 in
1767 2710 1986 2766 Christo
2008 2709 2290 2779 justilicati

2394 2714 2549 2769 τοῦδε
2595 2715 2802 2795 λοιπον,
2850 2717 2914 2770 τὸ
2960 2718 3273 2789 κάλλυντρα
3339 2719 3602 2789 φοινίκων
3649 2719 3735 2773 καὶ
3773 2718 3910 2795 ὡραῖον

712 2816 858 2863 sunt.
880 2806 1121 2864 Minatur,
1132 2819 1291 2875 porro
1308 2819 1413 2858 non
1435 2802 1851 2859 ascendentibus
1869 2802 2160 2871 perniciem
2177 2815 2288 2872 pae-

2396 2803 2554 2871 ξύλου
2598 2792 2810 2878 καρπὸν
2858 2809 2991 2880 ὁμοῦ
3032 2812 3145 2875 τοῖς
3184 2811 3369 2875 ἄλλοις
3410 2812 3764 2881 συνδήσαντας
3790 2792 3908 2878 ἔχειν.

713 2912 918 2968 nasque
943 2912 1101 2967 pares
1124 2897 1190 2952 iis
1209 2911 1343 2966 quas
1364 2895 1537 2950 oaturi
1565 2894 2062 2963 sintpersecutores
2083 2903 2139 2949 et
2162 2908 2292 2949 con-

2387 2888 2565 2964 Ἀὐτός
2594 2902 2741 2955 ἐστιν
2780 2903 3177 2975 ὁχειμόιρρους
3216 2905 3314 2975 τῆς
3355 2905 3574 2977 τρυφῆς
3602 2904 3659 2956 δν
3691 2905 3907 2956 πεπότιβν

713 2989 1009 3046 tumeliosi.
1040 2988 1239 3044 Eodem
1274 2988 1469 3057 quippe
1501 2986 1617 3040 loco
1648 2986 1911 3039 ducentur
1936 2999 2042 3054 quo
2074 2986 2287 3051 hostes,
2316 3035 2320 3063 ε

2316 2990 2543 3077 cupa;
2567 2995 2595 3046 ό
2626 2993 2757 3057 Θεὸς
2793 2996 2888 3048 καὶ
2918 2996 3129 3069 Πατήρ.
3174 2996 3346 3061 Αὐτὸς
3380 2999 3413 3067 ή
3461 2978 3615 3067 πηγὴ
3661 2999 3749 3067 τῆς
3782 2994 3903 3063 ζωῆς.

709 3084 803 3153 qui
842 3083 1067 3152 diligere
1106 3081 1399 3136 noluerint.
1432 3078 1499 3132 Et
1533 3078 1656 3144 hoc,
1689 3077 1902 3145 opinor,
1934 3086 2019 3131 est
2056 3079 2200 3146 quod
2239 3084 2294 3131 et

2399 3083 2494 3136 καὶ
2525 3085 2553 3137 ὁ
2585 3084 2682 3155 τῆς
2711 3086 2934 3155 εἰρήνης
2977 3084 3250 3155 ποταμός,
3289 3086 3318 3137 ὁ
3357 3082 3692 3146 ἐκκεκλικὼς
3719 3084 3785 3146 εἰς
3811 3083 3902 3151 ἡμᾶς

714 3176 831 3245 ipse
862 3174 1111 3227 Christus
1145 3171 1281 3227 dixit
1314 3186 1328 3223 :
1371 3187 1389 3221 ι
1430 3168 1529 3237 Qui
1567 3184 1671 3223 non
1708 3176 1791 3223 est
1824 3183 2069 3234 mecum,
2106 3178 2291 3223 contra

2399 3175 2525 3239 τοὺς
2550 3176 2608 3243 ἐξ
2636 3176 2807 3231 ἐθνῶν
2848 3177 3242 3249 κεκλημένους.
3272 3178 3506 3250 Εἴρηται
3532 3178 3585 3231 δὲ
3615 3177 3730 3248 περί
3764 3176 3901 3228 coitura

711 3285 797 3322 me
825 3275 941 3332 est,
970 3276 1023 3319 et
1054 3266 1146 3335 qui
1178 3280 1282 3318 non
1313 3262 1515 3333 colligit
1544 3276 1751 3317 mecum
1772 3301 1787 3327 ,
1815 3262 2161 3331 dispergit".
2198 3280 2216 3313 ι

2401 3266 2535 3336 ημῖν
2587 3268 2785 3337 ἰσχνῶς
2837 3270 2895 3322 ἐν
2959 3269 3186 3341 ἑτέροις.
3237 3269 3444 3323 Οὐκοῦν
3501 3270 3551 3322 οἱ
3606 3266 3900 3324 ἀναϐαίνοντες

710 3362 1090 3431 ⁸προσκυνῆσαι
1120 3356 1198 3430 τῷ
1224 3357 1342 3429 Θεῷ
1412 3356 1834 3429 παντοκράτορι,
1866 3356 1962 3410 παὶ
1992 3356 2207 3412 τελέσαι
2270 3358 2369 3430 τήν
2406 3362 2599 3432 ἑορτὴν
2641 3364 2741 3436 τῆς
2789 3366 3205 3437 Σκηνοπηγίας,
3249 3366 3300 3418 oi.
3348 3365 3435 3419 διὰ
3474 3363 3697 3427 πίστεώς
3739 3365 3840 3415 εἰσιν
3865 3362 3899 3410 ἐν

708 3453 928 3525 Χριστῷ
970 3450 1398 3520 δεδικαιωμένοι.
1436 3447 1677 3503 Ἀπειλεῖ
1716 3449 1773 3502 δὲ
1809 3450 1921 3511 τοῖς
1964 3448 2037 3519 μὴ
2081 3449 2467 3507 ἀναϐαίνουσιν
2519 3455 2762 3526 ὄλεθρον,
2832 3459 3024 3521 ποινάς
3066 3475 3125 3511 τε
3187 3458 3290 3528 τὰς
3338 3456 3460 3521 ῐσας
3542 3454 3628 3521 αἶς
3688 3454 3896 3508 ὑποσταῖεν

705 3550 755 3600 οἱ
788 3544 1015 3599 διῶκταί
1047 3560 1107 3595 τε
1140 3543 1234 3595 καὶ
1263 3540 1533 3612 ὑϐρισταί.
1574 3540 1664 3593 Ἐν
1734 3540 1822 3609 ἴση
1879 3540 1986 3608 γὰρ
2061 3539 2225 3611 μοίρᾳ.
2270 3540 2541 3597 κείσονται
2584 3548 2696 3610 τοῖς
2762 3547 2976 3617 ἐχθροῖς
3027 3548 3075 3600 oi
3128 3546 3203 3619 μὴ
3250 3548 3475 3618 ἀγαπᾷν
3550 3544 3797 3618 ᾑρημένοι.
3826 3529 3893 3592 Καὶ

707 3642 888 3706 τοῦτο,
932 3636 1108 3709 οἶμαι,
1150 3637 1317 3703 ἔστιν,
1346 3636 1374 3688 ὃ
1412 3637 1506 3690 καὶ
1544 3634 1704 3697 αὐτὸς
1740 3633 1842 3703 ἔφη
1899 3633 2167 3703 Χριστόςο
2204 3652 2223 3687 ι
2264 3635 2321 3689 '0
2360 3636 2437 3709 μὴ
2463 3637 2538 3692 ῶν
2572 3640 2691 3711 μετ’
2752 3642 2910 3712 ἐμοῦ,
2942 3643 3224 3715 κατ”ἐμοῦ
3258 3645 3396 3711 ἐστι,
3425 3644 3523 3698 καὶ
3554 3642 3685 3713 ὁμὴ
3723 3640 3892 3706 συνάγων

711 3732 829 3802 μετ’
856 3730 1015 3801 ἐμοῦ,
1052 3726 1357 3799 σκορπίζει.
1388 3746 1406 3777 ι

781 3823 944 3878 Vens.
990 3823 1074 3877 18.
1118 3821 1174 3875 Si
1208 3832 1379 3875 autem
1408 3820 1575 3873 (ribus
1602 3816 1821 3888 nggpti
1845 3834 1947 3871 non
1969 3819 2283 3886 ascenderit,

2279 3864 2283 3882 ,
2476 3816 2611 3871 Ἐὰν
2636 3816 2704 3871 δὲ
2731 3806 2898 3887 5:th
2930 3820 3336 3891 Αίγύπτουκμή
3382 3814 3597 3889 ἀναϐῇ,
3635 3820 3770 3891 μηδὲ
3795 3820 3886 3886 ἔλθῃ

711 3932 873 3985 neque
924 3918 1113 3970 venerit
1146 3914 1307 3981 .illuc,
1366 3921 1415 3966 et
1467 3928 1621 3980 super
1673 3911 1767 3963 hos
1802 3911 1902 3963 erit
1949 3911 2122 3975 ruina,
2180 3928 2284 3980 qua

2276 3930 2284 3964 ι
2392 3907 2541 3972 ἐκεῖ,
2579 3908 2675 3961 καὶ
2725 3910 2823 3961 ἐπὶ
2876 3911 3109 3975 τούτοις
3152 3912 3321 3965 ἔσται
3362 3915 3401 3981 ἠ
3446 3911 3684 3979 πτῶσις,
3726 3911 3789 3979 ἢν
3814 3927 3883 3963 πα·

707 4010 958 4077 percutiel
1012 4007 1268 4061 Dominus
1324 4022 1499 4059 omnes
1550 4013 1766 4073 gentes,
1806 4018 2128 4071 quwcunque
2181 4020 2284 4056 non

2274 4020 2284 4056 ι
2391 3998 2555 4063 τάξει
2593 4000 2809 4067 Κύριος
2847 4000 3046 4055 πάντα
3072 4002 3145 4056 τὰ
3173 4002 3338 4070 ἔθνη,
3376 4002 3498 4057 ὅσα
3537 4004 3610 4058 ἂν
3638 4003 3713 4074 μὴ
3737 3998 3881 4067 ἀναϐῇ,

706 4101 1060 4164 ascenderint,
1099 4112 1151 4152 ut
1206 4099 1462 4152 celebrent
1508 4096 1890 4150 solenmitatem
1924 4094 2279 4164 Scenopegiw.

2391 4089 2497 4143 τοῦ
2532 4066 2811 4159 ἑορτάσαι
2854 4092 2969 4160 τὴν
3006 4094 3223 4163 ἑορτὴν
3262 4066 3372 4164 ταῖς
3409 4066 3805 4166 Σκηνοέηγίας.
3956 4116 3957 4175 ι

777 4191 936 4246 CXII.
992 4193 1068 4246 Ex
1116 4206 1221 4245 una
1273 4200 1461 4259 gente,
1512 4187 1890 4259 [Egyptiorum
1936 4188 2186 4256 inquam,
2232 4187 2283 4241 in

2462 4182 2608 4235 PlB'.
2658 4184 2744 4247 Ὠς
2778 4184 2836 4249 ἐξ
2864 4186 2982 4249 ἐνὸς
3023 4186 3238 4251 ἔθνους,
3282 4189 3390 4241 τῶν
3427 4189 3722 4259 Αἰγυπτίων
3764 4186 3879 4256 φημὶ,

705 4299 918 4337 summo
969 4296 1157 4337 errore
1205 4290 1523 4346 versantes,
1584 4288 1640 4335 et
1694 4279 2095 4349 improbissime
2142 4279 2283 4333 idola

2345 4310 2360 4360 )
2389 4274 2513 4338 τοὺς
2546 4276 2627 4337 είς
2656 4274 2823 4345 ἄκρον
2850 4277 3086 4346 ἥκοντας
3112 4276 3342 4348 πλάνης,
3369 4278 3612 4341 ἐκτόπως
3640 4295 3691 4331 τε
3714 4278 3817 4344 ἄγαν
3834 4275 3878 4324 εξυ
3951 4335 3952 4353 ἦ

704 4374 944 4428 colentes
1005 4374 1232 4437 indicat,
1286 4372 1484 4440 quibus
1528 4386 1717 4442 grave,
1762 4380 1815 4425 et
1863 4370 2193 4434 inevitabile,
2229 4378 2282 4423 et

2343 4358 2347 4360 ’
2388 4366 2742 4435 δωλολατρεῖν
2773 4369 3096 4440 ἑλομένους,
3134 4371 3455 4441 καταδηλοῖ,
3515 4366 3751 4436 οἷςέσται
3784 4365 3877 4432 δεινὴ

705 4462 924 4517 exitiale
967 4462 1287 4530 supplicium
1336 4463 1633 4531 continget,
1674 4473 1741 4513 ex
1785 4474 1851 4515 eo
1890 4460 2037 4529 quod
2087 4458 2280 4513 salutis

2391 4461 2483 4512 καὶ
2526 4450 2855 4529 ἀδιάφυκτος
2896 4462 3018 4533 δίκη
3041 4505 3055 4529 ,
3092 4464 3201 4516 καὶ
3240 4463 3462 4535 ὀλέθρου
3496 4466 3724 4536 πρόξενος
3754 4461 3798 4512 τὸ
3831 4460 3874 4526 lli
3946 4524 3947 4527 η

704 4568 801 4621 per
830 4549 1106 4607 Christum
1138 4551 1523 4621 acceptabilem
1553 4553 1783 4621 gratiam
1820 4552 2092 4622 aspernati
2131 4562 2276 4607 sunt.

2390 4550 2605 4605 ἑλέσθαι
2650 4554 2816 4623 τιμᾷν
2860 4555 2959 4625 τῆς
3005 4555 3093 4608 διὰ
3141 4553 3236 4608 τοῦ
3280 4556 3517 4627 Χριστοῦ
3563 4554 3788 4626 σωτηρίας
3815 4549 3873 4614 τὴν

705 4644 937 4699 Tantum
974 4644 1119 4696 enim
1163 4659 1267 4697 non
1302 4643 1681 4699 interfectores
1715 4660 1936 4699 suarum
1970 4645 2279 4699 animarum

2390 4640 2715 4711 ἀξιόληπτον
2767 4645 2948 4715 χάριν.
3001 4645 3181 4699 Μόνον
3237 4646 3345 4717 γὰρ
3392 4648 3513 4717 οὐχὶ
3561 4644 3774 4715 φονευταὶ
3807 4638 3871 4689 τῶν

703 4734 1031 4806 deprehendi
1073 4740 1301 4805 possint,
1343 4736 1607 4803 siquidem
1637 4750 1825 4790 verum
1860 4745 1942 4791 est
1983 4736 2124 4806 quod
2156 4751 2279 4792 cum

2394 4733 2538 4787 ἰδίων
2569 4737 2850 4803 γεγονότες
2869 4736 3054 4807 ψυχῶν
3076 4737 3253 4791 ἁλοῖεν
3280 4738 3369 4804 ἂν,
3398 4740 3555 4811 εἴπερ
3577 4737 3705 4793 ἐστίν
3724 4732 3867 4802 ἀληθὲς.

702 4828 782 4882 eis
819 4827 1011 4881 liceret
1041 4827 1448 4897 apprehendere
1483 4827 1645 4881 vitam
1687 4835 1969 4893 maternam,
1995 4837 2049 4882 et
2084 4843 2281 4898 propo-

2259 4858 2281 4868 -
2388 4827 2463 4889 ὡς
2490 4828 2651 4897 μετὸν
2664 4829 2847 4892 αὐτοῖς
2872 4828 3264 4902 ἐπιδράξασθαι
3295 4832 3393 4902 τῆς
3426 4831 3631 4885 αἰωνίου
3659 4827 3791 4896 ζωῆς,
3814 4822 3866 4873 καὶ

701 4918 810 4972 sita
844 4925 994 4973 esset
1017 4918 1424 4987 apprehendere
1444 4918 1749 4972 volentibus
1774 4932 2005 4987 superna
2037 4919 2282 4988 benigni-

2258 4949 2282 4959 -
2385 4919 2779 4989 προκειμένους
2837 4922 2917 4984 είς
2969 4921 3189 4991 μέθεξιν
3236 4926 3347 4985 τοῖς
3400 4924 3536 4976 ἑλεῖν
3576 4922 3776 4975 ἐθέλουσι
3808 4914 3865 4977 τῆς

702 5020 808 5076 tas,
860 5017 915 5064 et
984 5022 1284 5064 exonerare
1350 5024 1409 5065 se
1469 5009 1727 5078 peccatis,
1780 5010 1894 5065 suis
1946 5009 2283 5065 indulserunt

2255 5020 2283 5064 ιι
2381 5008 2588 5061 ἄνωθεν
2618 5009 2974 5079 ἡμερότητος,
2998 5013 3093 5065 καὶ
3124 5012 3229 5084 μὴν
3259 5008 3784 5084 καὶάποφορτίσασθαι
3806 5004 3862 5059 τὰς

700 5101 996 5167 erroribus,
1042 5116 1142 5156 nec
1173 5100 1441 5156 maculam
1472 5102 1598 5157 inde
1627 5111 1983 5167 contractam,
2018 5118 2119 5158 nec
2151 5119 2279 5173 pec-

2254 5133 2279 5143 -
2383 5101 2688 5172 ἁμαρτίας,
2747 5106 2868 5166 ταῖς
2925 5104 3134 5157 ἑαυτῶν
3168 5107 3501 5162 ἐντεθείκασι
3554 5105 3772 5162 πλάναις,
3807 5094 3860 5143 καὶ

697 5194 807 5249 cati
844 5193 1311 5263 inquinamentum
1345 5194 1595 5248 eluerunt
1622 5212 1633 5248 :
1667 5198 1762 5250 sed
1792 5195 1847 5249 in
1879 5209 2067 5251 errore
2097 5210 2279 5265 persc-

2380 5195 2750 5249 ἁναπόνιπτον
2770 5196 3035 5266 ἐσχήκασι
3065 5197 3164 5267 τὴν
3183 5198 3246 5250 ἐκ
3265 5198 3359 5251 τοῦ
3391 5196 3671 5253 πλανᾶσθαι
3697 5183 3857 5261 κ[η]ὶίδι

701 5294 985 5351 verarunt,
1046 5285 1298 5354 quamvis
1341 5286 1586 5341 divinum
1638 5287 1820 5341 lumen
1873 5287 2057 5343 omnia
2112 5287 2279 5342 colln.

2384 5290 2475 5342 καὶ
2502 5289 2602 5358 τῆς
2630 5288 3007 5360 πλημμελείας
3030 5289 3120 5342 τὸν
3155 5290 3448 5361 μολυσμὸν,
3476 5279 3805 5345 διατετελέκασί
3823 5289 3855 5323 ιε

698 5386 920 5444 straret,
966 5376 1108 5432 etin
1152 5376 1383 5447 caligine
1427 5388 1590 5446 atque
1637 5378 1876 5434 tenebris
1915 5379 2172 5450 degentes
2209 5379 2275 5433 ad

2383 5380 2477 5433 καὶ
2518 5382 2575 5433 ἐν
2617 5379 2825 5452 πλάνῃ·
2878 5380 3052 5432 καίτοι
3099 5381 3191 5433 τοῦ
3246 5381 3391 5434 θείου
3444 5380 3607 5451 φωτδς
3638 5376 3698 5427 ,τὰ
3742 5369 3853 5421 πάντα
3924 5407 3926 5421 .

697 5468 1063 5539 aspiciendam
1091 5468 1427 5526 hortaretur.
1474 5469 1547 5524 De
1576 5471 1804 5539 singulis
1835 5472 2027 5529 borum
2061 5488 2276 5542 quoque

2384 5472 2935 5543 περιαστράπτοντος,
2963 5472 3057 5525 καὶ
3088 5472 3374 5537 καλοῦντος
3404 5476 3480 5537 εἰς
3512 5456 3850 5531 ὰνάὗλεψιντώς
3922 5479 3924 5506 :

3931 4820 3941 5209 l

696 5662 1153 5801 υίιδιὰἓγὶξηῖωὲἑιο,
1189 5667 1373 5722 59-45.
1428 5670 1446 5697 ⁸
1474 5670 1649 5724 Calai.
1675 5687 1749 5739 tv,
1779 5674 1865 5726 51.
1926 5674 1945 5703 ⁹
1969 5671 2125 5728 Joan.
2159 5672 2339 5742 xr,25.
2408 5672 2447 5703 '°
2473 5671 2491 5725 l
2519 5672 2642 5729 Cor.
2676 5688 2766 5737 xv,
2792 5671 2880 5727 20.
2943 5672 2983 5705 “
3010 5671 3155 5729 Psal.
3191 5691 3352 5744 xxxv,
3382 5678 3434 5734 9,
3490 5676 3528 5707 ⁸³
3551 5673 3639 5729 lsa.
3666 5656 3844 5727 muli.

3910 5606 3921 5965 ί
