4070 6526
200 319 313 371 ’κον
1029 312 1583 370 COMMENTARIUS
1624 314 1687 368 IN
1731 315 2133 371 ZACIIARIAM
2173 319 2615 378 PRUPHETAM.
3361 343 3469 400 27o

196 434 263 484 tv
290 431 454 503 ἀχλύϊ
497 431 589 485 καὶ
624 430 826 484 σκότει.
862 432 1033 501 Φαίην
1070 432 1114 485 δ’
1146 433 1212 486 ἂν
1245 434 1340 487 καὶ
1381 434 1512 505 περὶ
1558 434 1769 488 ἐκάστοι

1890 434 2122 489 dixerim
2154 455 2167 489 :
2206 456 2223 486 ι
2256 437 2464 491 Bonum
2500 454 2665 507 super
2690 439 2839 497 illum
2865 439 3160 504 abortivus.
3194 452 3463 519 Quoniam

202 522 314 575 τῶν
351 522 645 576 τοιούτων*
683 541 701 573 ι
743 522 970 591 Ἀγαθὸν
1018 524 1158 596 ὑπὲρ
1199 525 1361 579 αὑτὸν
1399 527 1462 579 τὸ
1502 524 1769 596 ἔκτρωμαχ

1887 525 1940 579 in
1980 526 2219 581 vanitate
2254 528 2424 594 venit,
2456 539 2510 583 et
2540 530 2592 583 in
2630 532 2867 589 tenebris
2896 539 3092 607 pergit,
3128 553 3183 595 et
3213 543 3268 597 in
3315 555 3465 603 tene-

203 613 328 667 Ὅτι
360 615 419 666 ἐν
455 614 775 684 ματαιότητι
802 608 959 683 ἦλθε,
990 616 1085 667 καὶ
1131 617 1189 667 ἐν
1238 617 1417 668 σκότει
1459 617 1769 687 πορεύεται,

1884 616 2002 672 bris
2027 633 2225 674 nomen
2257 620 2375 688 ejus
2401 623 2680 691 aperietur
2704 625 2770 680 “.
2802 646 2822 678 ι
2854 657 2921 667 —-
2956 648 2974 680 ι
3003 629 3210 686 Bonum
3236 637 3382 691 enim
3413 639 3465 694 ei

202 705 297 758 καὶ
334 706 392 757 ἐν
432 705 611 757 σκότει
650 704 819 774 ὄνομα
863 704 1028 757 αὑτοῦ
1071 696 1635 777 κατακαλυφθήσεται.
1666 726 1684 757 ι
1713 738 1769 746 -

1883 708 1930 763 si
1965 707 2144 779 [natus
2195 727 2299 767 non
2337 712 2548 778 fuisset,
2589 734 2610 768 ι
2639 716 2793 785 juxta
2830 733 3014 774 vocem
3070 720 3371 783 Salvatoris
3398 732 3465 786 ".

207 814 225 844 ι
254 792 437 847 Καλὸν
463 793 573 864 γὰρ
605 793 754 864 αὐτῷ
778 794 828 846 εί
867 794 941 865 μὴ
972 793 1284 867 ἐγεν[ν]ήθη
1304 836 1317 858 ,
1346 815 1364 847 ι
1395 795 1536 849 κατὰ
1567 797 1665 867 τὴν
1689 796 1769 849 τοῦ

1883 798 1999 855 Νοιι
2054 804 2121 856 de
2164 803 2294 858 solis
2346 812 2527 859 autem
2586 807 2857 879 {Egyptiis
2905 812 3010 868 hoc
3058 814 3307 885 dictum,
3369 823 3468 875 sed

201 885 453 955 Σωτῆρος
484 885 688 955 φωνήν.
718 886 841 938 Ὅτι
870 886 927 938 δὲ
970 886 1034 938 οὐ
1078 886 1217 939 κατά
1250 888 1425 958 μόνων
1469 887 1578 942 τῶν
1615 889 1781 955 Λίγυ-

200 975 374 1047 πτίων
402 977 431 1028 6
458 974 636 1044 λόγος,
668 974 789 1045 ἥξει
830 976 887 1028 δὲ
915 977 1007 1029 καὶ
1034 976 1178 1031 κατά
1208 977 1425 1031 πάντων
1452 976 1561 1029 τῶν
1587 976 1777 1043 ἐθνῶν,

197 1068 234 1122 ἃ
275 1068 457 1138 πάντη
508 1084 568 1120 τε
615 1067 711 1121 καὶ
759 1067 978 1132 πάντως
1034 1067 1493 1138 κολασθήσονται,
1544 1068 1644 1137 τῆς
1690 1066 1777 1121 διὰ

194 1159 435 1230 Χριστοῦ
486 1157 763 1230 σωτηρίας
804 1159 1171 1231 ὴφειδηκότα,
1220 1161 1315 1214 καὶ
1362 1160 1460 1231 τὴν
1505 1162 1591 1213 ἐπ’
1629 1158 1778 1230 αὐτῷ

194 1252 506 1323 πανήγυριν
533 1253 597 1305 οὐ
630 1252 983 1322 τετιμηκότα,
1012 1252 1365 1317 πιστώσεται,
1396 1252 1601 1320 λέγων⁸

262 1344 427 1413 Αὕτη
459 1344 633 1400 ἐστίν
661 1346 700 1412 ἠ
734 1346 988 1414 ἁμαρτία
1015 1345 1339 1414 Αἰγύπτου,
1384 1344 1481 1397 καὶ
1514 1345 1553 1412 ἡ
1586 1344 1773 1413 ἁμαρ-

190 1441 288 1492 τία
330 1438 574 1492 πάντων
616 1436 734 1491 τῶν
776 1436 991 1502 ἐθνῶν,
1035 1437 1152 1489 ὅσα
1192 1436 1269 1491 ἂν
1291 1435 1377 1505 μὴ
1418 1434 1633 1505 ἀναϐῇ,
1668 1438 1774 1490 τοῦ

189 1530 469 1597 ἑορτάσαι
504 1530 618 1599 τὴν
648 1528 863 1597 ἑορτὴν
890 1528 1003 1597 τῆς
1030 1528 1466 1597 Σκηνοπηγίας.

258 1622 405 1674 PII".
448 1622 563 1692 Πρὸ
608 1621 707 1691 μὲν
742 1620 851 1691 γὰρ
894 1620 994 1691 τῆς
1032 1618 1126 1672 τοῦ
1177 1618 1432 1689 Σωτῆρος
1477 1619 1772 1688 ἐπιδημίας

1880 892 2135 947 omnibus
2183 894 2435 963 gentibus
2483 894 2761 965 futurum,
2813 916 2932 970 qua:
2972 905 3041 959 ob
3091 918 3461 978 contemptum

1881 980 2073 1038 salutis
2132 998 2227 1051 per
2281 983 2560 1040 Christum
2619 991 2965 1049 severissime
3021 998 3352 1066 punientur,
3408 1012 3465 1056 et

1880 1073 2254 1130 celebritatem
2289 1077 2405 1146 ejus
2446 1095 2552 1134 non
2598 1081 2958 1151 honorarunt,
2994 1089 3338 1158 testiﬁcatur,
3379 1092 3464 1147 di-

1879 1179 2010 1221 cens
2030 1183 2048 1219 ἶ

1954 1336 2113 1392 Vens.
2151 1338 2239 1393 I9.
2288 1339 2404 1394 Hoc
2429 1344 2527 1398 erit
2555 1358 2825 1413 peccatum
2854 1348 3100 1421 Egypti,
3135 1362 3184 1407 et
3219 1354 3316 1408 hoc
3339 1372 3460 1423 pec—

1876 1443 2049 1486 catum
2085 1436 2317 1488 omnium
2347 1437 2603 1505 gentium,
2634 1454 2957 1510 quwcunque
2988 1459 3091 1495 non
3127 1445 3457 1501 ascenderint

1874 1524 2140 1579 celebrare
2166 1526 2502 1595 festivitatem
2542 1528 2897 1599 ScenOpegiw.

1944 1610 2128 1669 CXIII.
2181 1616 2324 1671 Ante
2378 1616 2675 1673 Salvatoris
2730 1622 2872 1675 enim
2929 1624 3265 1692 adventum,
3321 1629 3457 1685 forte

187 1714 329 1785 τάχα
351 1733 469 1778 πως
497 1711 565 1786 ἦν
588 1715 669 1768 ἔτι
697 1715 790 1768 καὶ
815 1715 922 1769 ἀπὸ
950 1714 1150 1785 μέρους
1176 1714 1448 1784 εθμορφος
1476 1713 1582 1766 τῶν
1603 1713 1769 1767 ἐθνῶν

1874 1704 2051 1759 adhuc
2099 1720 2166 1760 ex
2205 1716 2360 1775 parte
2401 1710 2645 1777 speciosa
2695 1723 2815 1765 erat
2861 1716 3103 1784 gentium
3150 1721 3452 1784 excusatio,

187 1804 222 1873 ἡ
260 1779 641 1877 παραίτησις,
684 1804 814 1874 παρ’
869 1779 1081 1865 οὐδενδς
1133 1779 1431 1871 κεκλῆσθαι
1468 1801 1767 1869 λεγόντων*

1877 1794 2169 1850 dicentium
2208 1813 2268 1852 se
2308 1814 2339 1851 a
2388 1800 2604 1854 nemine
2635 1813 2855 1857 vocatas
2888 1820 2902 1855 :
2938 1821 3101 1859 neruo
3153 1809 3298 1863 enim
3350 1812 3456 1865 ilh‘s

186 1895 474 1967 διεκήρυξε
511 1896 619 1967 γὰρ
643 1895 826 1959 αὐτοῖς
858 1895 1051 1959 οὐδείς.
1080 1896 1370 1968 Τοιγάρτοι
1403 1896 1497 1949 καὶ
1524 1898 1552 1949 6
1583 1897 1770 1968 Σωτὴρ

186 1991 245 2043 ἐν
288 1987 679 2057 εὐαγγελικαῖς
727 1989 858 2058 ήμῖν
895 1988 1233 2058 παραϐολαῖς
1282 1989 1414 2043 αὐτὸ
1462 1989 1622 2042 τοῦτο
1660 1990 1771 2043 δει-

186 2080 387 2145 κνῦων,
430 2080 556 2140 τοὺς
588 2070 826 2149 ἐργάτας
870 2078 973 2150 ἔφη
1014 2081 1139 2142 τοὺς
1181 2080 1310 2151 περὶ
1342 2079 1441 2151 τὴν
1481 2080 1771 2152 ἑνδεκάτην

182 2171 559 2241 κεκλημένους
596 2172 770 2224 εἰπεῖν
799 2170 880 2235 τὸ,
916 2192 933 2221 ι
964 2171 1152 2235 Οὐδεὶς
1178 2174 1327 2243 ἡμᾶς
1357 2173 1722 2242 ἐμισθώσατο.
1745 2194 1765 2225 ι

196 2263 417 2333 Ἐπειδὴ
460 2263 515 2316 δὲ
547 2262 733 2316 λοιπὸν
766 2263 1076 2334 ἐπέλαμψεν
1115 2266 1143 2317 6
1182 2266 1447 2334 Χριστὸς,
1491 2266 1649 2335 ἔδησε
1680 2266 1771 2320 τὸν

186 2355 431 2425 ἰσχυρὸν,
468 2354 699 2422 ἐξείλετο
743 2357 841 2426 τῆς
874 2357 1082 2410 ἐκείνου
1123 2358 1455 2428 δυστροπίας
1505 2361 1631 2422 τοὺς
1679 2360 1770 2411 ὑπ’

183 2444 336 2515 αὐτῷ
373 2445 679 2516 κειμένους,
711 2445 1028 2500 δεδικαίωκε
1063 2450 1128 2517 τῇ
1164 2448 1343 2500 πίστει
1370 2450 1497 2511 τοὺς
1529 2451 1774 2521 προσιόνο

182 2552 285 2600 τας
313 2536 485 2607 αὐτῷ,
512 2535 725 2590 τέθεικε
753 2536 850 2607 τὴν
879 2538 1073 2591 ἑαυτοῦ
1103 2539 1282 2611 ψυχὴν
1312 2541 1450 2610 ὑπὲρ
1476 2541 1574 2609 τῆς
1598 2543 1773 2595 ἀπάν-

182 2640 295 2677 των
345 2623 510 2696 ζωῆς·
557 2625 746 2679 οὐδένα
778 2626 963 2681 λοιπὸν
997 2629 1364 2699 ἀποχρώντως
1402 2631 1537 2699 πρὸς
1573 2632 1773 2701 παραί-

180 2732 344 2786 τησιν
372 2717 667 2787 εὑρήσουσι
700 2716 878 2787 λόγον,
903 2720 953 2772 οἱ
981 2719 1081 2791 τὴν
1105 2719 1249 2774 οὕτω
1281 2722 1484 2792 σεπτὴν
1508 2723 1567 2775 οὐ
1605 2742 1773 2794 προσ-

181 2808 453 2879 ηκάμενοι
481 2810 660 2880 χάριν.
700 2810 979 2881 Ἀληθεύει
1004 2812 1068 2883 δὴ
1088 2808 1202 2878 οὖν,
1236 2813 1330 2866 καὶ
1347 2815 1477 2886 περὶ
1509 2816 1691 2869 αὐτῶν
1722 2819 1771 2869 εί

180 2901 334 2969 λέγοι
360 2901 471 2955 τῶν
501 2901 670 2956 ἐθνῶν
695 2904 723 2956 6
754 2902 988 2973 Χριστός
1018 2920 1031 2933 ο
1068 2924 1085 2956 ι
1119 2906 1179 2957 Εἰ
1215 2905 1290 2977 μὴ
1323 2903 1487 2977 ἦλθον
1524 2907 1620 2962 καὶ
1656 2908 1774 2963 ἐλά-

179 2992 325 3063 λησα
371 2994 571 3059 αὐτοῖς,
613 2995 892 3067 ἁμαρτίαν
918 2996 1021 3049 οὐκ
1051 2991 1227 3067 εἶχονο
1263 2996 1358 3052 νῦν
1399 2998 1455 3051 δέ
1498 3000 1771 3071 πρόφασιν

178 3087 281 3139 οὐκ
317 3086 498 3157 ἔχουσι
537 3089 666 3159 περὶ
697 3088 795 3158 τῆς
824 3088 1102 3160 ἁμαρτίας
1132 3090 1333 3145 αὐτῶν.
1356 3111 1374 3142 ι

1876 1886 2216 1954 pnedicarat.
2253 1888 2433 1955 Quare
2460 1900 2515 1944 et
2556 1889 2807 1946 Salvator
2836 1894 2889 1947 in
2927 1897 3200 1963 parabolis
3230 1915 3457 1973 evange-

1874 1976 1996 2031 licis
2045 1978 2150 2033 hoc
2198 1978 2374 2048 ipsum
2412 1980 2568 2035 nobis
2623 1984 2940 2051 ostendens,
2993 1990 3274 2057 operarios
3309 1993 3454 2049 circa

1876 2069 2223 2125 undecimam
2270 2071 2461 2126 horam
2498 2083 2720 2129 vocatos
2762 2075 2929 2145 812
2956 2078 3163 2136 dixisse
3195 2082 3294 2147 ait,
3328 2086 3451 2153 quia

1881 2180 1900 2213 ι
1929 2162 2103 2217 Nemo
2136 2178 2235 2217 nos
2264 2163 2611 2220 conduxit“.
2640 2186 2658 2217 ›
2681 2166 2976 2238 Postquam
2998 2180 3177 2228 autem
3198 2172 3456 2231 Christus

1876 2253 2075 2319 illuxit,
2126 2257 2367 2327 alligavit
2412 2258 2702 2324 fortem”,
2764 2262 2909 2315 illius
2951 2267 3300 2332 perversitati
3354 2272 3455 2323 sub

1876 2348 1991 2413 ipso
2012 2349 2223 2416 positos
2257 2350 2479 2416 ademit,
2514 2350 2618 2404 ﬁde
2651 2352 2717 2404 ad
2746 2352 2923 2421 ipsum
2955 2357 3276 2413 accedentes
3296 2359 3456 2428 justi-

1875 2438 2077 2504 licavit,
2130 2441 2367 2495 animam
2406 2458 2561 2495 suam
2604 2458 2702 2512 pro
2742 2446 2988 2500 omnium
3026 2449 3131 2502 vita
3163 2452 3342 2518 posuit
3366 2453 3453 2514 ⁸⁸.

1874 2532 2077 2587 nullam
2110 2533 2179 2589 de
2221 2543 2419 2589 ctetero
2461 2534 2817 2591 subicientem
2854 2541 3261 2598 excusationem
3307 2545 3456 2598 inve-

1874 2624 2048 2689 nient,
2087 2624 2180 2693 qui
2237 2633 2346 2679 tam
2389 2626 2757 2682 venerabilem
2798 2631 3028 2700 gratiam
3069 2646 3177 2685 non
3218 2634 3455 2689 admise-

1876 2725 2023 2771 runt.
2067 2715 2207 2771 Vera
2239 2717 2404 2787 igitur
2431 2717 2685 2775 Christus
2723 2722 2887 2776 etiam
2925 2722 2993 2776 de
3020 2725 3272 2793 gentibus
3309 2727 3455 2780 dice-

1875 2816 1998 2862 ret:
2042 2826 2060 2859 ι
2094 2808 2150 2862 Si
2202 2824 2312 2863 non
2365 2810 2655 2877 venissem,
2705 2824 2760 2868 et
2808 2813 3021 2870 locutus
3069 2816 3150 2870 eis
3206 2816 3454 2883 fuissem,

1874 2910 2152 2970 peccatum
2182 2916 2295 2955 non
2327 2901 2589 2957 haberent
2617 2920 2631 2956 :
2667 2920 2809 2959 nunc
2838 2915 3018 2961 autem
3048 2908 3453 2964 excusationem

1875 3007 1981 3046 non
2018 2992 2218 3047 habent
2251 2994 2315 3047 de
2347 3004 2571 3062 peccatu
2601 3010 2700 3050 suo
2724 2996 2786 3049 ¹⁹.
2823 3014 2840 3047 ι

265 3153 379 3231 Ἐκ-
396 3178 469 3249 τῇ
495 3153 686 3249 ἡμέρῃ
715 3153 919 3251 ἐκείκῃ
946 3153 1116 3235 ἔσται
1149 3181 1217 3235 τὸ
1245 3182 1343 3235 ἐπὶ
1385 3182 1488 3237 τὸν
1514 3188 1769 3254 ’χαλινὸν

1949 3177 2112 3232 Vnus.
2145 3177 2235 3232 20.
2278 3176 2347 3232 In
2371 3180 2454 3232 die
2477 3180 2575 3233 illa
2610 3182 2732 3246 erit,
2766 3182 2904 3250 quod
2925 3198 3083 3251 super
3108 3183 3315 3253 frenum
3339 3189 3457 3256 equi

178 3270 289 3323 τοῦ
328 3270 517 3325 ἵππου
545 3270 716 3341 ἅγιον
740 3268 819 3335 τῷ
848 3272 1042 3339 Κυρίῳ
1068 3273 1521 3343 παντοκράτορι.

250 3362 396 3417 ΡΙΔ’.
437 3362 523 3426 Ὠς
555 3364 756 3427 παντὸς
784 3362 885 3434 ήδη
912 3363 1149 3434 πολέμου
1178 3367 1651 3437 κατηυνασμένου,
1679 3370 1775 3422 καὶ

180 3454 368 3525 μάχης
415 3455 786 3527 ἀνῃρημένης,
838 3456 934 3508 καὶ
974 3455 1356 3526 σεσοϐημένων
1403 3458 1635 3529 ἐχθρῶν,
1679 3461 1773 3513 καὶ

179 3546 423 3619 ἀλήκτου
456 3547 642 3602 λοιπὸν
684 3550 907 3620 εἰρήνης
936 3548 1036 3619 τήν
1072 3548 1234 3617 ἁγίαν
1269 3551 1637 3621 στεφανούσης
1671 3551 1772 3603 πό-

178 3640 299 3705 λιν,
351 3642 596 3694 τουτέστι
658 3644 758 3713 τὴν
818 3642 1180 3712 Ἐκκλησίαν,
1234 3644 1613 3715 ἀπρακτήσειν
1672 3645 1770 3715 ἤδη

178 3733 319 3804 φησὶ
349 3732 446 3787 τοῦ
476 3733 712 3803 πολέμου
756 3733 823 3787 τὰ
864 3734 1064 3806 σκεύη,
1106 3735 1328 3804 φὰλαρά
1359 3754 1415 3789 τε
1450 3737 1542 3791 καὶ
1577 3738 1771 3807 ἐπιχά-

178 3822 322 3877 λινα.
372 3823 528 3885 Τίνος
576 3824 684 3894 γὰρ
720 3824 857 3887 ὅλως
902 3827 930 3877 6
976 3826 1326 3898 ίπποκράτης
1372 3828 1614 3881 τοιούτου
1661 3829 1770 3895 ἔξει

178 3916 390 3987 χρείαν,
438 3916 746 3987 ἀριστεύειν
771 3916 927 3981 εἰδὼς
968 3919 1026 3970 ἐν
1062 3919 1241 3991 μάχῃ,
1270 3921 1317 3972 εί
1355 3920 1543 3991 μηδεὶς
1580 3920 1716 3984 ὅλως
1743 3925 1771 3975 6

174 4005 493 4075 ἀντεξάγων
524 4005 703 4072 ἑστίν;
746 4006 955 4060 Οὐκοῦν
986 4007 1138 4077 ἱερὰ,
1183 4009 1371 4078 φησὶν,
1413 4009 1565 4061 ἔσται
1601 4009 1768 4081 σκεύη

175 4096 272 4148 καὶ
312 4094 641 4166 ἀναθήματα
674 4095 752 4166 τῷ
782 4096 923 4166 Θεῷ,
964 4096 1033 4149 τὰ
1081 4101 1192 4160 τοῖς
1239 4097 1333 4151 τοῦ
1363 4098 1598 4168 πολέμου
1636 4102 1772 4171 χρή-

176 4206 338 4260 σιμα.
378 4187 593 4257 Ἐπειδὴ
622 4187 730 4258 γὰρ
754 4188 915 4251 αὐτός
946 4190 1062 4240 ἐστι
1096 4190 1195 4259 τῆς
1224 4190 1447 4261 εἰρήνης
1473 4192 1502 4243 6
1537 4192 1770 4262 βραόευο

173 4280 297 4350 τὴς,
326 4277 478 4348 αὐτῷ
502 4278 567 4349 δὴ
591 4277 815 4341 δικαίως
841 4278 935 4331 καλ⁸
962 4278 1310 4332 ἀνακείσεται
1333 4281 1560 4350 περιττά
1586 4299 1644 4333 τε
1670 4281 1770 4351 ἤδη

173 4372 271 4425 καὶ
298 4370 683 4442 ἀπρακτοῦντα
712 4369 900 4423 λοιπὸν
925 4369 1017 4422 τοῦ
1060 4370 1300 4441 πολέμου
1326 4371 1393 4425 τά
1424 4372 1614 4445 σκεύη.
1641 4374 1770 4425 ’Ὡσ-

171 4479 284 4533 περ
336 4460 447 4531 γὰρ
487 4462 516 4513 6
566 4460 834 4531 μακάριος
884 4462 1171 4532 προφήτης
1213 4462 1440 4525 Ἡσαΐας
1487 4462 1591 4533 ἔφη
1639 4464 1768 4534 περί

168 4569 360 4619 τινων,
408 4554 490 4604 ὅτι
540 4572 557 4603 ι
598 4552 936 4622 Συγκόψουσι
984 4554 1083 4616 τάς
1126 4556 1398 4626 μαχαίρας
1457 4556 1636 4611 αὐτῶν
1684 4559 1765 4621 είς

168 4646 402 4715 ἄροτρα,
438 4643 532 4697 καὶ
558 4642 655 4707 τὰς
686 4642 907 4708 ζιϐύνας
935 4644 1113 4699 αὐτῶν
1143 4648 1223 4709 εἰς
1250 4646 1511 4717 δρέπανα,
1540 4650 1635 4702 καὶ
1662 4650 1763 4703 οὐκ

169 4735 283 4807 ἄρῃ
316 4735 465 4798 ἔθνος
495 4735 581 4788 ἐπ’
604 4734 787 4798 ἔθνους
821 4736 1116 4807 μάχαιραν,
1138 4756 1156 4788 ι
1188 4739 1282 4791 καὶ
1308 4739 1369 4791 οὐ
1407 4740 1482 4811 μὴ
1517 4741 1762 4811 μάθωσιν

166 4828 255 4881 ἔτι
286 4826 564 4897 πολεμεῖν,
592 4827 702 4879 τῶν
729 4826 830 4898 τῆς
865 4829 1088 4900 εἰρήνης
1114 4829 1321 4901 καιρῶν
1356 4832 1639 4902 μονονουχὶ
1668 4834 1760 4886 καὶ

166 4912 577 4967 ἀναπειθόντων
607 4913 804 4977 αὐτοὺς
834 4918 898 4985 τῇ
930 4915 1034 4984 τῆς
1064 4918 1371 4983 γεωπονίας
1410 4919 1568 4991 χρείᾳ
1606 4923 1763 4992 χαρί-

166 5002 364 5067 ζεσθαι
392 5005 459 5056 τὰ
491 5003 787 5074 πολεμικὰ,
818 5007 912 5059 καὶ
942 5008 1020 5070 είς
1065 5008 1260 5079 ἐτέρας
1288 5009 1345 5061 δὲ
1375 5009 1565 5083 ὥσπερ
1596 5030 1761 5083 μετα-

161 5096 384 5166 τρέχειν
423 5096 675 5161 σπονδὰς,
708 5098 808 5167 τῆς
852 5100 958 5152 τῶν
1002 5102 1274 5155 τακτικῶν
1321 5103 1549 5175 μελέτης
1602 5106 1764 5175 ὴφει-

160 5185 430 5255 δηκότας’
458 5185 602 5239 οὓτω
634 5188 729 5240 καὶ
772 5191 800 5241 6
840 5188 1126 5255 θεσπέσιος
1176 5194 1476 5265 Ζαχαρίας,
1519 5195 1593 5258 ὼς
1629 5196 1761 5266 ἁλή-

160 5294 301 5331 κτου
334 5278 521 5332 λοιπὸν
571 5281 795 5352 εἰρήνης
839 5282 1087 5355 δοθείσης
1122 5287 1276 5357 παρά
1327 5286 1484 5351 Θεοῦ,
1530 5288 1597 5341 τὰ
1649 5292 1762 5351 τοῖς

162 5371 497 5441 μαχομένοις
528 5373 774 5443 χρήσιμα
803 5376 971 5447 σκεύη
1008 5378 1557 5451 μεταπλασθήσεσθαί
1591 5399 1755 5452 φησιν

158 5467 247 5527 είς
286 5464 543 5534 ἀνάθημα
570 5464 649 5537 τῷ
679 5465 818 5538 Θεῷ.
861 5469 1118 5540 Ἀργήσει
1158 5471 1268 5541 γὰρ
1313 5473 1531 5536 πάντως
1560 5474 1620 5526 τὸ
1652 5474 1756 5544 μά-

1877 3279 2117 3323 sanrtum
2151 3269 2374 3324 Domino
2404 3272 2769 3339 omnipotenti.

1947 3360 2132 3415 CXIV.
2180 3359 2246 3414 Ut
2284 3362 2431 3415 omni
2466 3360 2740 3429 bellojam
2774 3363 2971 3433 sopito,
3023 3376 3077 3420 et
3108 3382 3287 3437 pugna
3330 3370 3458 3424 sub-

1877 3453 2011 3519 lata,
2054 3463 2110 3508 et
2146 3454 2397 3509 hostibus
2434 3457 2720 3524 repressis,
2765 3466 2819 3510 et
2853 3467 3110 3526 perpetua
3159 3475 3291 3526 pace
3326 3477 3453 3515 san-

1876 3559 2017 3602 ctam
2068 3546 2377 3610 civitatem,
2443 3547 2547 3602 hoc
2603 3557 2686 3601 est
2743 3548 3076 3615 Ecclesiam,
3127 3552 3452 3616 decorante,

1874 3631 2045 3683 otiosa
2076 3630 2332 3699 deinceps
2375 3628 2492 3683 fore
2532 3630 2605 3684 ait
2641 3630 3006 3687 instrumenta
3034 3633 3249 3701 bellica,
3282 3638 3457 3704 phale-

1876 3738 1986 3787 ras,
2020 3733 2075 3777 et
2101 3722 2380 3777 frenorum
2418 3733 2695 3776 ornatum.
2732 3723 2866 3789 Quis
2897 3726 3040 3778 enim
3077 3728 3293 3781 tandem
3323 3744 3456 3784 uSus

1874 3816 2068 3870 horum
2112 3815 2280 3883 equiti
2318 3814 2369 3867 in
2412 3817 2605 3884 prmlio
2634 3816 2847 3868 fortiter
2882 3817 3144 3873 dimicare
3191 3833 3369 3888 sueto,
3412 3829 3454 3876 si

1872 3907 2052 3961 nullus
2108 3906 2330 3961 omnino
2386 3907 2775 3959 adversarius?
2842 3906 3204 3968 Quamobrem
3265 3924 3450 3968 sancta

1872 4008 2055 4063 erunt,
2107 3999 2303 4067 inquit,
2346 4002 2705 4053 instrumenta
2749 4007 2803 4052 et
2845 4000 3187 4055 anathemata
3229 4004 3336 4058 Deo
3385 4010 3451 4057 ad

1871 4092 2073 4147 bellum
2120 4090 2407 4161 requisita.
2446 4090 2710 4157 Quoniam
2741 4092 2884 4145 enim
2924 4092 3038 4161 ipse
3071 4094 3221 4161 pacis
3248 4105 3331 4149 est
3364 4110 3451 4147 ar—

1873 4184 2034 4249 biter,
2068 4184 2166 4254 ipsi
2200 4198 2415 4252 quoque
2458 4197 2857 4250 supervacanea
2886 4182 3023 4250 jam,
3056 4193 3111 4238 et
3154 4185 3219 4239 de
3258 4197 3455 4240 caetero

1871 4278 2047 4332 otiosa
2077 4276 2204 4331 belli
2240 4276 2603 4329 instrumenta
2630 4274 2751 4341 jure
2797 4276 3285 4331 consecrabuntur.
3320 4277 3453 4331 Nam

1872 4379 1932 4423 ut
1964 4372 2157 4424 beatus
2187 4368 2360 4423 Isaias
2416 4367 2483 4421 de
2537 4367 2858 4434 quibusdam
2890 4367 3025 4422 dixit
3064 4389 3075 4423 :
3109 4387 3127 4419 ι
3158 4368 3457 4426 Concident

1873 4458 2080 4529 gladios
2106 4471 2233 4511 suos
2260 4456 2315 4509 in
2348 4464 2555 4521 aratra,
2589 4465 2644 4507 et
2673 4454 2890 4509 lanceas
2922 4471 3050 4510 suas
3092 4459 3145 4510 in
3178 4458 3365 4523 falces,
3400 4473 3456 4514 et

1872 4565 1982 4605 non
2023 4548 2173 4603 tollet
2202 4563 2335 4618 gens
2364 4557 2552 4601 contra
2586 4556 2801 4615 gentem
2833 4546 3090 4617 gladium,
3120 4560 3175 4604 et
3204 4566 3311 4606 non
3340 4553 3453 4608 dis-

1872 4652 1999 4696 cent
2015 4641 2246 4711 amplius
2266 4640 2469 4695 bellare
2482 4641 2552 4704 ²⁰,
2566 4658 2583 4690 ι
2611 4639 2946 4708 temporibus
2963 4641 3331 4709 pacistantuut
3347 4660 3453 4700 non

1872 4734 2272 4805 impellentibus
2302 4749 2396 4787 eos
2424 4733 2490 4787 ad
2521 4733 2712 4788 bellica
2742 4734 3048 4789 necessitati
3079 4736 3451 4794 rusticationis

1870 4827 2249 4890 condonanda,
2283 4836 2339 4879 et
2365 4824 2527 4878 veluti
2560 4825 2623 4877 ad
2659 4825 2762 4878 alia
2793 4824 2998 4881 foedera
3038 4829 3319 4895 currendi,
3356 4834 3441 4885 mi~

1875 4918 2130 4973 litaribus
2159 4917 2357 4971 studiis
2388 4917 2752 4986 posthabitis;
2801 4917 2882 4973 sic
2922 4929 2977 4972 et
3002 4918 3218 4975 divinus
3248 4921 3445 4977 Zacha.

1870 5012 2002 5075 rias,
2057 5019 2115 5063 ut
2147 5009 2375 5080 perenni
2408 5009 2667 5078 deinceps
2702 5024 2836 5078 pace
2885 5010 3083 5064 donata
3134 5026 3165 5065 a
3193 5012 3323 5079 Deo,
3354 5014 3447 5068 bet.

1870 5102 2109 5157 lantibus
2128 5103 2320 5156 idonea
2350 5101 2713 5155 instrumenta
2740 5101 2793 5153 in
2816 5102 3105 5156 anathema
3129 5102 3242 5157 Deo
3274 5114 3453 5161 trans-

1871 5198 2163 5252 formatum
2207 5195 2272 5248 iri
2305 5203 2510 5247 narrat.
2546 5191 2771 5246 Penitus
2802 5196 2945 5246 enim
2981 5194 3171 5249 militia
3216 5195 3445 5259 desinet,

1869 5306 1971 5344 nec
2018 5303 2304 5358 equorum,
2338 5302 2440 5342 nec
2474 5286 2772 5349 frenorum,
2818 5298 2908 5338 aut
2936 5289 3280 5355 phalerarum
3319 5302 3450 5340 cura

1866 5389 2119 5451 geretur,
2167 5389 2221 5432 ct
2252 5380 2318 5431 ad
2363 5377 2540 5431 studia
2581 5378 2760 5445 potius
2789 5378 2984 5445 quibus
3040 5377 3093 5430 in
3150 5378 3347 5431 virtute
3396 5388 3450 5431 et

1868 5476 2065 5544 pietate
2090 5472 2412 5535 excellatur,
2450 5470 2784 5523 inclinabnnt
2813 5470 3001 5522 animi.

234 5664 496 5745 “Eisele.
526 5684 599 5745 vt,
632 5668 777 5745 5,4._
840 5670 884 5704 "
913 5670 1102 5730 Matth.
1130 5690 1278 5743 xxvn,
1311 5677 1401 5732 24.
1467 5677 1511 5709 ’⁸
1545 5676 1735 5731 Matth.

1906 5675 1991 5745 7._
2041 5675 2079 5705 ’⁷
2115 5672 2303 5727 Matth.
2334 5685 2433 5735 xu,
2464 5668 2553 5723 29.
2614 5668 2656 5700 "
2684 5666 2702 5719 Ι
2734 5664 2891 5723 Joan.
2934 5684 3015 5738 ιιι,
3050 5668 3136 5727 16.
3154 5661 3259 5741 ξδ’
3283 5672 3440 5734 Joan.

153 5752 254 5805 xv,
282 5736 375 5793 22.
451 5739 497 5770 ²⁶
530 5738 630 5794 Isa.
667 5756 726 5806 ιι,
751 5740 801 5796 4.
