  <div class='ocr_page' id='page_1' title='image "/cluster/home/n/w/nwhite01/storage/ocr_20150623/72/hvd.32044019207893/143.png"; bbox 0 0 4070 6538; ppageno 0'>
   <div class='ocr_carea' id='block_1_1' title="bbox 627 285 726 340">
    <p class='ocr_par' dir='ltr' id='par_1_1' title="bbox 627 285 726 340">
     <span class='ocr_line' id='line_1_1' title="bbox 627 285 726 340; baseline 0.02 -2"><span class='ocrx_word' id='word_1_1' title='bbox 627 285 726 340; x_wconf 69' lang='grc'><strong>971</strong></span> 
     </span>
    </p>
   </div>
   <div class='ocr_carea' id='block_1_2' title="bbox 1614 275 2839 337">
    <p class='ocr_par' dir='ltr' id='par_1_2' title="bbox 1614 275 2839 337">
     <span class='ocr_line' id='line_1_2' title="bbox 1614 275 2839 337; baseline -0.002 -1"><span class='ocrx_word' id='word_1_2' title='bbox 1614 281 1672 336; x_wconf 89' lang='lat' dir='ltr'><strong>S.</strong></span> <span class='ocrx_word' id='word_1_3' title='bbox 1709 279 1978 337; x_wconf 81' lang='lat' dir='ltr'><strong>CYRILLI</strong></span> <span class='ocrx_word' id='word_1_4' title='bbox 2017 276 2483 336; x_wconf 72' lang='lat' dir='ltr'><strong>A‘LEXANDRINI</strong></span> <span class='ocrx_word' id='word_1_5' title='bbox 2521 275 2839 334; x_wconf 80' lang='lat' dir='ltr'><strong>ARCHIEP.</strong></span> 
     </span>
    </p>
   </div>
   <div class='ocr_carea' id='block_1_3' title="bbox 3779 280 3902 336">
    <p class='ocr_par' dir='ltr' id='par_1_3' title="bbox 3779 280 3902 336">
     <span class='ocr_line' id='line_1_3' title="bbox 3779 280 3902 336; baseline 0.016 -3"><span class='ocrx_word' id='word_1_6' title='bbox 3779 280 3902 336; x_wconf 73' lang='lat'><strong>272</strong></span> 
     </span>
    </p>
   </div>
   <div class='ocr_carea' id='block_1_4' title="bbox 628 386 3903 466">
    <p class='ocr_par' dir='ltr' id='par_1_4' title="bbox 628 386 3903 466">
     <span class='ocr_line' id='line_1_4' title="bbox 628 386 3903 466; baseline 0 -18"><span class='ocrx_word' id='word_1_7' title='bbox 628 410 824 466; x_wconf 85' lang='grc' dir='ltr'>χιμον,</span> <span class='ocrx_word' id='word_1_8' title='bbox 864 392 961 463; x_wconf 88' lang='grc' dir='ltr'><strong>οὐχ</strong></span> <span class='ocrx_word' id='word_1_9' title='bbox 1021 398 1204 446; x_wconf 75' lang='grc' dir='ltr'>ἰππων</span> <span class='ocrx_word' id='word_1_10' title='bbox 1261 390 1651 462; x_wconf 82' lang='grc' dir='ltr'><strong>πεφροντικὸς,</strong></span> <span class='ocrx_word' id='word_1_11' title='bbox 1683 391 1743 445; x_wconf 90' lang='grc' dir='ltr'><strong>οὐ</strong></span> <span class='ocrx_word' id='word_1_12' title='bbox 1779 391 2034 462; x_wconf 76' lang='grc' dir='ltr'><strong>χαλινῶν,</strong></span> <span class='ocrx_word' id='word_1_13' title='bbox 2082 391 2115 463; x_wconf 81' lang='grc' dir='ltr'>ἢ</span> <span class='ocrx_word' id='word_1_14' title='bbox 2159 391 2441 459; x_wconf 78' lang='grc' dir='ltr'><strong>φαλάρων,</strong></span> <span class='ocrx_word' id='word_1_15' title='bbox 2506 386 2800 460; x_wconf 85' lang='grc' dir='ltr'>μετανεύον</span> <span class='ocrx_word' id='word_1_16' title='bbox 2868 387 2924 441; x_wconf 83' lang='grc' dir='ltr'>δὲ</span> <span class='ocrx_word' id='word_1_17' title='bbox 2971 386 3169 458; x_wconf 83' lang='grc' dir='ltr'>μᾶλλον</span> <span class='ocrx_word' id='word_1_18' title='bbox 3211 388 3288 453; x_wconf 85' lang='grc' dir='ltr'><strong>είς</strong></span> <span class='ocrx_word' id='word_1_19' title='bbox 3319 404 3383 457; x_wconf 80' lang='grc' dir='ltr'><strong>γε</strong></span> <span class='ocrx_word' id='word_1_20' title='bbox 3429 389 3511 443; x_wconf 72' lang='grc' dir='ltr'><strong>τὸ.</strong></span> <span class='ocrx_word' id='word_1_21' title='bbox 3538 392 3751 449; x_wconf 81' lang='grc' dir='ltr'><strong>ἑλέσθαι</strong></span> <span class='ocrx_word' id='word_1_22' title='bbox 3780 395 3903 450; x_wconf 82' lang='grc' dir='ltr'>δεῖν</span> 
     </span>
    </p>
   </div>
   <div class='ocr_carea' id='block_1_5' title="bbox 626 485 2358 560">
    <p class='ocr_par' dir='ltr' id='par_1_5' title="bbox 626 485 2358 560">
     <span class='ocr_line' id='line_1_5' title="bbox 626 485 2358 560; baseline -0.003 -17"><span class='ocrx_word' id='word_1_23' title='bbox 626 492 736 554; x_wconf 78' lang='grc' dir='ltr'>τοῖς</span> <span class='ocrx_word' id='word_1_24' title='bbox 762 490 842 553; x_wconf 85' lang='grc' dir='ltr'><strong>είς</strong></span> <span class='ocrx_word' id='word_1_25' title='bbox 875 488 1077 560; x_wconf 84' lang='grc' dir='ltr'>ἀρετὴν</span> <span class='ocrx_word' id='word_1_26' title='bbox 1116 488 1208 542; x_wconf 75' lang='grc' dir='ltr'><strong>καὶ</strong></span> <span class='ocrx_word' id='word_1_27' title='bbox 1236 485 1548 542; x_wconf 90' lang='grc' dir='ltr'>θεοσέϐειαν</span> <span class='ocrx_word' id='word_1_28' title='bbox 1589 487 1911 558; x_wconf 86' lang='grc' dir='ltr'>διαπρέπειν</span> <span class='ocrx_word' id='word_1_29' title='bbox 1956 487 2358 557; x_wconf 85' lang='grc' dir='ltr'>σπουδάσμασι.</span> 
     </span>
    </p>
   </div>
   <div class='ocr_carea' id='block_1_6' title="bbox 698 574 2195 651">
    <p class='ocr_par' dir='ltr' id='par_1_6' title="bbox 698 579 2195 649">
     <span class='ocr_line' id='line_1_6' title="bbox 698 579 2195 649; baseline -0.001 -13"><span class='ocrx_word' id='word_1_30' title='bbox 698 579 925 635; x_wconf 86' lang='lat' dir='ltr'><strong>Videtur</strong></span> <span class='ocrx_word' id='word_1_31' title='bbox 954 588 1132 634; x_wconf 83' lang='lat' dir='ltr'><strong>autem</strong></span> <span class='ocrx_word' id='word_1_32' title='bbox 1161 579 1430 635; x_wconf 85' lang='lat' dir='ltr'><strong>nonnullis</strong></span> <span class='ocrx_word' id='word_1_33' title='bbox 1457 579 1565 634; x_wconf 87' lang='lat' dir='ltr'><strong>alio</strong></span> <span class='ocrx_word' id='word_1_34' title='bbox 1593 583 1749 634; x_wconf 89' lang='lat' dir='ltr'><strong>modo</strong></span> <span class='ocrx_word' id='word_1_35' title='bbox 1788 579 1869 633; x_wconf 86' lang='lat' dir='ltr'><strong>vis</strong></span> <span class='ocrx_word' id='word_1_36' title='bbox 1903 580 2195 649; x_wconf 74' lang='lat' dir='ltr'><strong>prophetia:</strong></span> 
     </span>
    </p>
   </div>
   <div class='ocr_carea' id='block_1_7' title="bbox 2301 574 3905 651">
    <p class='ocr_par' dir='ltr' id='par_1_7' title="bbox 2369 574 3905 651">
     <span class='ocr_line' id='line_1_7' title="bbox 2369 574 3905 651; baseline 0.006 -23"><span class='ocrx_word' id='word_1_37' title='bbox 2369 579 2529 629; x_wconf 83' lang='grc' dir='ltr'>Δοκεῖ</span> <span class='ocrx_word' id='word_1_38' title='bbox 2576 575 2632 628; x_wconf 83' lang='grc' dir='ltr'><strong>δέ</strong></span> <span class='ocrx_word' id='word_1_39' title='bbox 2685 592 2793 628; x_wconf 87' lang='grc' dir='ltr'>τισι</span> <span class='ocrx_word' id='word_1_40' title='bbox 2838 574 2960 628; x_wconf 83' lang='grc' dir='ltr'>καθ’</span> <span class='ocrx_word' id='word_1_41' title='bbox 3002 574 3190 646; x_wconf 76' lang='grc' dir='ltr'>ἕτερον</span> <span class='ocrx_word' id='word_1_42' title='bbox 3240 577 3649 648; x_wconf 84' lang='grc' dir='ltr'>έκπεπεράνθαι</span> <span class='ocrx_word' id='word_1_43' title='bbox 3693 585 3905 651; x_wconf 77' lang='grc' dir='ltr'>τρόπον</span> 
     </span>
    </p>
   </div>
   <div class='ocr_carea' id='block_1_8' title="bbox 627 667 2196 738">
    <p class='ocr_par' dir='ltr' id='par_1_8' title="bbox 627 667 2196 738">
     <span class='ocr_line' id='line_1_8' title="bbox 627 667 2196 738; baseline -0.003 -11"><span class='ocrx_word' id='word_1_44' title='bbox 627 672 787 727; x_wconf 77' lang='lat' dir='ltr'><strong>linem</strong></span> <span class='ocrx_word' id='word_1_45' title='bbox 833 678 1145 724; x_wconf 75' lang='lat' dir='ltr'><strong>consecuta.</strong></span> <span class='ocrx_word' id='word_1_46' title='bbox 1191 667 1358 722; x_wconf 85' lang='lat' dir='ltr'><strong>Aiunt</strong></span> <span class='ocrx_word' id='word_1_47' title='bbox 1402 667 1546 724; x_wconf 89' lang='lat' dir='ltr'><strong>enim</strong></span> <span class='ocrx_word' id='word_1_48' title='bbox 1580 669 1759 723; x_wconf 90' lang='lat' dir='ltr'><strong>crucis</strong></span> <span class='ocrx_word' id='word_1_49' title='bbox 1800 668 2016 738; x_wconf 87' lang='lat' dir='ltr'><strong>signum</strong></span> <span class='ocrx_word' id='word_1_50' title='bbox 2068 668 2196 722; x_wconf 91' lang='lat' dir='ltr'><strong>olim</strong></span> 
     </span>
    </p>
   </div>
   <div class='ocr_carea' id='block_1_9' title="bbox 623 758 2196 828">
    <p class='ocr_par' dir='ltr' id='par_1_9' title="bbox 623 758 2196 828">
     <span class='ocr_line' id='line_1_9' title="bbox 623 758 2196 828; baseline -0.004 -11"><span class='ocrx_word' id='word_1_51' title='bbox 623 776 748 818; x_wconf 89' lang='lat' dir='ltr'><strong>cum</strong></span> <span class='ocrx_word' id='word_1_52' title='bbox 791 758 959 815; x_wconf 82' lang='lat' dir='ltr'><strong>clavis</strong></span> <span class='ocrx_word' id='word_1_53' title='bbox 1005 758 1179 814; x_wconf 86' lang='lat' dir='ltr'><strong>adhuc</strong></span> <span class='ocrx_word' id='word_1_54' title='bbox 1214 759 1394 814; x_wconf 82' lang='lat' dir='ltr'><strong>inﬁxis</strong></span> <span class='ocrx_word' id='word_1_55' title='bbox 1441 759 1720 814; x_wconf 85' lang='lat' dir='ltr'><strong>inventum</strong></span> <span class='ocrx_word' id='word_1_56' title='bbox 1775 773 1915 825; x_wconf 87' lang='lat' dir='ltr'><strong>esse,</strong></span> <span class='ocrx_word' id='word_1_57' title='bbox 1967 772 2196 828; x_wconf 88' lang='lat' dir='ltr'><strong>quorum</strong></span> 
     </span>
    </p>
   </div>
   <div class='ocr_carea' id='block_1_10' title="bbox 625 849 2198 920">
    <p class='ocr_par' dir='ltr' id='par_1_10' title="bbox 625 849 2198 920">
     <span class='ocr_line' id='line_1_10' title="bbox 625 849 2198 920; baseline -0.001 -14"><span class='ocrx_word' id='word_1_58' title='bbox 625 867 732 906; x_wconf 92' lang='lat' dir='ltr'><strong>uno</strong></span> <span class='ocrx_word' id='word_1_59' title='bbox 768 862 1016 920; x_wconf 87' lang='lat' dir='ltr'><strong>accepto,</strong></span> <span class='ocrx_word' id='word_1_60' title='bbox 1060 850 1181 919; x_wconf 90' lang='lat' dir='ltr'><strong>pius</strong></span> <span class='ocrx_word' id='word_1_61' title='bbox 1214 849 1600 905; x_wconf 83' lang='lat' dir='ltr'><strong>Constantinus</strong></span> <span class='ocrx_word' id='word_1_62' title='bbox 1640 850 1851 904; x_wconf 82' lang='lat' dir='ltr'><strong>curavit</strong></span> <span class='ocrx_word' id='word_1_63' title='bbox 1894 861 1952 903; x_wconf 94' lang='lat' dir='ltr'><strong>ut</strong></span> <span class='ocrx_word' id='word_1_64' title='bbox 1983 850 2026 904; x_wconf 93' lang='lat' dir='ltr'><strong>is</strong></span> <span class='ocrx_word' id='word_1_65' title='bbox 2058 865 2198 920; x_wconf 87' lang='lat' dir='ltr'><strong>equo</strong></span> 
     </span>
    </p>
   </div>
   <div class='ocr_carea' id='block_1_11' title="bbox 625 940 2199 1011">
    <p class='ocr_par' dir='ltr' id='par_1_11' title="bbox 625 940 2199 1011">
     <span class='ocr_line' id='line_1_11' title="bbox 625 940 2199 1011; baseline -0.002 -11"><span class='ocrx_word' id='word_1_66' title='bbox 625 959 724 1000; x_wconf 88' lang='lat' dir='ltr'><strong>suo</strong></span> <span class='ocrx_word' id='word_1_67' title='bbox 765 942 819 997; x_wconf 93' lang='lat' dir='ltr'><strong>in</strong></span> <span class='ocrx_word' id='word_1_68' title='bbox 865 941 1072 996; x_wconf 77' lang='lat' dir='ltr'><strong>frenum</strong></span> <span class='ocrx_word' id='word_1_69' title='bbox 1113 940 1479 1004; x_wconf 88' lang='lat' dir='ltr'><strong>insereretur,</strong></span> <span class='ocrx_word' id='word_1_70' title='bbox 1512 943 1742 995; x_wconf 89' lang='lat' dir='ltr'><strong>credens</strong></span> <span class='ocrx_word' id='word_1_71' title='bbox 1789 956 1848 995; x_wconf 89' lang='lat' dir='ltr'><strong>se</strong></span> <span class='ocrx_word' id='word_1_72' title='bbox 1892 941 2056 996; x_wconf 89' lang='lat' dir='ltr'><strong>etiam</strong></span> <span class='ocrx_word' id='word_1_73' title='bbox 2102 958 2199 1011; x_wconf 87' lang='lat' dir='ltr'><strong>per</strong></span> 
     </span>
    </p>
   </div>
   <div class='ocr_carea' id='block_1_12' title="bbox 627 1030 2194 1089">
    <p class='ocr_par' dir='ltr' id='par_1_12' title="bbox 627 1030 2194 1089">
     <span class='ocr_line' id='line_1_12' title="bbox 627 1030 2194 1089; baseline -0.003 0"><span class='ocrx_word' id='word_1_74' title='bbox 627 1036 771 1089; x_wconf 90' lang='lat' dir='ltr'><strong>hunc</strong></span> <span class='ocrx_word' id='word_1_75' title='bbox 819 1047 848 1086; x_wconf 91' lang='lat' dir='ltr'><strong>a</strong></span> <span class='ocrx_word' id='word_1_76' title='bbox 911 1033 1020 1087; x_wconf 92' lang='lat' dir='ltr'><strong>Deo</strong></span> <span class='ocrx_word' id='word_1_77' title='bbox 1081 1031 1512 1086; x_wconf 83' lang='lat' dir='ltr'><strong>benedictionem</strong></span> <span class='ocrx_word' id='word_1_78' title='bbox 1574 1041 2015 1086; x_wconf 84' lang='lat' dir='ltr'><strong>consecuturum.</strong></span> <span class='ocrx_word' id='word_1_79' title='bbox 2079 1030 2194 1086; x_wconf 79' lang='lat' dir='ltr'><strong>Non</strong></span> 
     </span>
    </p>
   </div>
   <div class='ocr_carea' id='block_1_13' title="bbox 625 1121 2196 1192">
    <p class='ocr_par' dir='ltr' id='par_1_13' title="bbox 625 1121 2196 1192">
     <span class='ocr_line' id='line_1_13' title="bbox 625 1121 2196 1192; baseline -0.002 -13"><span class='ocrx_word' id='word_1_80' title='bbox 625 1123 944 1179; x_wconf 87' lang='lat' dir='ltr'><strong>incredibile</strong></span> <span class='ocrx_word' id='word_1_81' title='bbox 975 1123 1096 1192; x_wconf 91' lang='lat' dir='ltr'><strong>quis</strong></span> <span class='ocrx_word' id='word_1_82' title='bbox 1119 1121 1320 1178; x_wconf 81' lang='lat' dir='ltr'><strong>dixerit</strong></span> <span class='ocrx_word' id='word_1_83' title='bbox 1355 1122 1519 1187; x_wconf 84' lang='lat' dir='ltr'><strong>istud,</strong></span> <span class='ocrx_word' id='word_1_84' title='bbox 1545 1123 1589 1176; x_wconf 90' lang='lat' dir='ltr'><strong>si</strong></span> <span class='ocrx_word' id='word_1_85' title='bbox 1625 1121 1696 1175; x_wconf 86' lang='lat' dir='ltr'><strong>ita</strong></span> <span class='ocrx_word' id='word_1_86' title='bbox 1733 1131 1838 1187; x_wconf 87' lang='lat' dir='ltr'><strong>est,</strong></span> <span class='ocrx_word' id='word_1_87' title='bbox 1872 1137 1972 1177; x_wconf 83' lang='lat' dir='ltr'><strong>nec</strong></span> <span class='ocrx_word' id='word_1_88' title='bbox 2001 1123 2196 1177; x_wconf 87' lang='lat' dir='ltr'><strong>decoro</strong></span> 
     </span>
    </p>
   </div>
   <div class='ocr_carea' id='block_1_14' title="bbox 621 1211 2194 1282">
    <p class='ocr_par' dir='ltr' id='par_1_14' title="bbox 621 1211 2194 1282">
     <span class='ocr_line' id='line_1_14' title="bbox 621 1211 2194 1282; baseline -0.001 -13"><span class='ocrx_word' id='word_1_89' title='bbox 621 1215 856 1270; x_wconf 81' lang='lat' dir='ltr'><strong>alienum</strong></span> <span class='ocrx_word' id='word_1_90' title='bbox 912 1214 1104 1268; x_wconf 89' lang='lat' dir='ltr'><strong>merito</strong></span> <span class='ocrx_word' id='word_1_91' title='bbox 1165 1212 1330 1282; x_wconf 74' lang='lat'><strong>813</strong></span> <span class='ocrx_word' id='word_1_92' title='bbox 1407 1211 1757 1282; x_wconf 80' lang='lat' dir='ltr'><strong>intelligatur,</strong></span> <span class='ocrx_word' id='word_1_93' title='bbox 1815 1212 1867 1266; x_wconf 93' lang='lat' dir='ltr'><strong>in</strong></span> <span class='ocrx_word' id='word_1_94' title='bbox 1931 1215 2194 1268; x_wconf 80' lang='lat' dir='ltr'><strong>memoria</strong></span> 
     </span>
    </p>
   </div>
   <div class='ocr_carea' id='block_1_15' title="bbox 628 1301 2197 1371">
    <p class='ocr_par' dir='ltr' id='par_1_15' title="bbox 628 1301 2197 1371">
     <span class='ocr_line' id='line_1_15' title="bbox 628 1301 2197 1371; baseline -0.003 -11"><span class='ocrx_word' id='word_1_95' title='bbox 628 1307 736 1361; x_wconf 89' lang='lat' dir='ltr'><strong>Deo</strong></span> <span class='ocrx_word' id='word_1_96' title='bbox 765 1305 952 1370; x_wconf 77' lang='lat' dir='ltr'><strong>fuisse,</strong></span> <span class='ocrx_word' id='word_1_97' title='bbox 999 1312 1052 1358; x_wconf 89' lang='lat' dir='ltr'><strong>et</strong></span> <span class='ocrx_word' id='word_1_98' title='bbox 1082 1317 1206 1356; x_wconf 88' lang='lat' dir='ltr'><strong>eum</strong></span> <span class='ocrx_word' id='word_1_99' title='bbox 1253 1301 1564 1371; x_wconf 87' lang='lat' dir='ltr'><strong>prophetica</strong></span> <span class='ocrx_word' id='word_1_100' title='bbox 1603 1301 1984 1371; x_wconf 64' lang='lat' dir='ltr'><strong>praedicatione</strong></span> <span class='ocrx_word' id='word_1_101' title='bbox 2025 1303 2197 1357; x_wconf 91' lang='lat' dir='ltr'><strong>hono-</strong></span> 
     </span>
    </p>
   </div>
   <div class='ocr_carea' id='block_1_16' title="bbox 623 1391 2193 1464">
    <p class='ocr_par' dir='ltr' id='par_1_16' title="bbox 623 1391 2193 1464">
     <span class='ocr_line' id='line_1_16' title="bbox 623 1391 2193 1464; baseline -0.003 -14"><span class='ocrx_word' id='word_1_102' title='bbox 623 1411 778 1451; x_wconf 86' lang='lat' dir='ltr'><strong>rasse</strong></span> <span class='ocrx_word' id='word_1_103' title='bbox 841 1396 1220 1464; x_wconf 81' lang='lat' dir='ltr'><strong>imperatorem</strong></span> <span class='ocrx_word' id='word_1_104' title='bbox 1282 1391 1771 1461; x_wconf 79' lang='lat' dir='ltr'><strong>religiosissimum.</strong></span> <span class='ocrx_word' id='word_1_105' title='bbox 1833 1391 2193 1446; x_wconf 86' lang='lat' dir='ltr'><strong>Pluritnorum</strong></span> 
     </span>
    </p>
   </div>
   <div class='ocr_carea' id='block_1_17' title="bbox 619 1482 2193 1548">
    <p class='ocr_par' dir='ltr' id='par_1_17' title="bbox 619 1482 2193 1548">
     <span class='ocr_line' id='line_1_17' title="bbox 619 1482 2193 1548; baseline -0.002 -8"><span class='ocrx_word' id='word_1_106' title='bbox 619 1488 766 1542; x_wconf 89' lang='lat' dir='ltr'><strong>enim</strong></span> <span class='ocrx_word' id='word_1_107' title='bbox 817 1485 1201 1548; x_wconf 87' lang='lat' dir='ltr'><strong>meminerunt,</strong></span> <span class='ocrx_word' id='word_1_108' title='bbox 1250 1491 1304 1536; x_wconf 92' lang='lat' dir='ltr'><strong>et</strong></span> <span class='ocrx_word' id='word_1_109' title='bbox 1333 1483 1399 1536; x_wconf 89' lang='lat' dir='ltr'><strong>de</strong></span> <span class='ocrx_word' id='word_1_110' title='bbox 1430 1483 1496 1536; x_wconf 90' lang='lat' dir='ltr'><strong>iis</strong></span> <span class='ocrx_word' id='word_1_111' title='bbox 1539 1482 1816 1536; x_wconf 80' lang='lat' dir='ltr'><strong>vaticinati</strong></span> <span class='ocrx_word' id='word_1_112' title='bbox 1865 1492 1990 1536; x_wconf 89' lang='lat' dir='ltr'><strong>sunt</strong></span> <span class='ocrx_word' id='word_1_113' title='bbox 2019 1483 2193 1537; x_wconf 85' lang='lat' dir='ltr'><strong>sancti</strong></span> 
     </span>
    </p>
   </div>
   <div class='ocr_carea' id='block_1_18' title="bbox 620 1570 2192 1648">
    <p class='ocr_par' dir='ltr' id='par_1_18' title="bbox 620 1570 2192 1648">
     <span class='ocr_line' id='line_1_18' title="bbox 620 1570 2192 1648; baseline -0.005 -16"><span class='ocrx_word' id='word_1_114' title='bbox 620 1577 917 1648; x_wconf 56' lang='lat' dir='ltr'><strong>propheta,</strong></span> <span class='ocrx_word' id='word_1_115' title='bbox 949 1575 1090 1628; x_wconf 77' lang='lat' dir='ltr'><strong>sicut</strong></span> <span class='ocrx_word' id='word_1_116' title='bbox 1134 1572 1386 1627; x_wconf 90' lang='lat' dir='ltr'><strong>nimirum</strong></span> <span class='ocrx_word' id='word_1_117' title='bbox 1417 1572 1480 1626; x_wconf 87' lang='lat' dir='ltr'><strong>de</strong></span> <span class='ocrx_word' id='word_1_118' title='bbox 1520 1570 1667 1625; x_wconf 76' lang='lat' dir='ltr'><strong>Josia</strong></span> <span class='ocrx_word' id='word_1_119' title='bbox 1689 1572 1756 1634; x_wconf 58' lang='lat'><strong>’1,</strong></span> <span class='ocrx_word' id='word_1_120' title='bbox 1789 1580 1843 1626; x_wconf 90' lang='lat' dir='ltr'><strong>ct</strong></span> <span class='ocrx_word' id='word_1_121' title='bbox 1868 1571 2192 1640; x_wconf 85' lang='lat' dir='ltr'><strong>quibusdam</strong></span> 
     </span>
    </p>
   </div>
   <div class='ocr_carea' id='block_1_19' title="bbox 619 1663 2194 1738">
    <p class='ocr_par' dir='ltr' id='par_1_19' title="bbox 619 1663 2194 1738">
     <span class='ocr_line' id='line_1_19' title="bbox 619 1663 2194 1738; baseline -0.004 -14"><span class='ocrx_word' id='word_1_122' title='bbox 619 1669 760 1724; x_wconf 87' lang='lat' dir='ltr'><strong>aliis.</strong></span> <span class='ocrx_word' id='word_1_123' title='bbox 797 1666 1103 1738; x_wconf 84' lang='lat' dir='ltr'><strong>Aliquando</strong></span> <span class='ocrx_word' id='word_1_124' title='bbox 1130 1673 1187 1720; x_wconf 83' lang='lat' dir='ltr'><strong>et</strong></span> <span class='ocrx_word' id='word_1_125' title='bbox 1211 1674 1510 1733; x_wconf 89' lang='lat' dir='ltr'><strong>temporum</strong></span> <span class='ocrx_word' id='word_1_126' title='bbox 1538 1663 1922 1732; x_wconf 87' lang='lat' dir='ltr'><strong>tranquillitas,</strong></span> <span class='ocrx_word' id='word_1_127' title='bbox 1945 1671 1999 1716; x_wconf 90' lang='lat' dir='ltr'><strong>et</strong></span> <span class='ocrx_word' id='word_1_128' title='bbox 2025 1664 2194 1733; x_wconf 88' lang='lat' dir='ltr'><strong>pietas</strong></span> 
     </span>
    </p>
   </div>
   <div class='ocr_carea' id='block_1_20' title="bbox 619 1755 2193 1831">
    <p class='ocr_par' dir='ltr' id='par_1_20' title="bbox 619 1755 2193 1831">
     <span class='ocr_line' id='line_1_20' title="bbox 619 1755 2193 1831; baseline -0.005 -15"><span class='ocrx_word' id='word_1_129' title='bbox 619 1777 716 1831; x_wconf 88' lang='lat' dir='ltr'><strong>per</strong></span> <span class='ocrx_word' id='word_1_130' title='bbox 746 1775 840 1815; x_wconf 90' lang='lat' dir='ltr'><strong>eos</strong></span> <span class='ocrx_word' id='word_1_131' title='bbox 882 1759 971 1829; x_wconf 92' lang='lat' dir='ltr'><strong>qui</strong></span> <span class='ocrx_word' id='word_1_132' title='bbox 1007 1759 1061 1812; x_wconf 94' lang='lat' dir='ltr'><strong>in</strong></span> <span class='ocrx_word' id='word_1_133' title='bbox 1103 1758 1235 1826; x_wconf 89' lang='lat' dir='ltr'><strong>ipsis</strong></span> <span class='ocrx_word' id='word_1_134' title='bbox 1288 1770 1468 1811; x_wconf 89' lang='lat' dir='ltr'><strong>rerum</strong></span> <span class='ocrx_word' id='word_1_135' title='bbox 1518 1755 1799 1825; x_wconf 89' lang='lat' dir='ltr'><strong>potiuntur</strong></span> <span class='ocrx_word' id='word_1_136' title='bbox 1842 1755 2193 1825; x_wconf 82' lang='lat' dir='ltr'><strong>signiﬁcatur.</strong></span> 
     </span>
    </p>
   </div>
   <div class='ocr_carea' id='block_1_21' title="bbox 620 1846 2195 1922">
    <p class='ocr_par' dir='ltr' id='par_1_21' title="bbox 620 1846 2195 1922">
     <span class='ocr_line' id='line_1_21' title="bbox 620 1846 2195 1922; baseline -0.006 -14"><span class='ocrx_word' id='word_1_137' title='bbox 620 1852 766 1908; x_wconf 84' lang='lat' dir='ltr'><strong>Nihil</strong></span> <span class='ocrx_word' id='word_1_138' title='bbox 799 1865 928 1922; x_wconf 84' lang='lat' dir='ltr'><strong>ergo</strong></span> <span class='ocrx_word' id='word_1_139' title='bbox 971 1863 1101 1904; x_wconf 83' lang='lat' dir='ltr'><strong>vero</strong></span> <span class='ocrx_word' id='word_1_140' title='bbox 1145 1847 1414 1913; x_wconf 86' lang='lat' dir='ltr'><strong>absimile,</strong></span> <span class='ocrx_word' id='word_1_141' title='bbox 1459 1846 1503 1902; x_wconf 89' lang='lat' dir='ltr'><strong>si</strong></span> <span class='ocrx_word' id='word_1_142' title='bbox 1533 1855 1589 1900; x_wconf 91' lang='lat' dir='ltr'><strong>et</strong></span> <span class='ocrx_word' id='word_1_143' title='bbox 1621 1861 1764 1900; x_wconf 89' lang='lat' dir='ltr'><strong>nunc</strong></span> <span class='ocrx_word' id='word_1_144' title='bbox 1794 1848 2057 1916; x_wconf 75' lang='lat' dir='ltr'><strong>propheta</strong></span> <span class='ocrx_word' id='word_1_145' title='bbox 2094 1847 2195 1900; x_wconf 86' lang='lat' dir='ltr'><strong>Za-</strong></span> 
     </span>
    </p>
   </div>
   <div class='ocr_carea' id='block_1_22' title="bbox 620 1923 2266 2009">
    <p class='ocr_par' dir='ltr' id='par_1_22' title="bbox 620 1923 2266 2009">
     <span class='ocr_line' id='line_1_22' title="bbox 620 1923 2266 2009; baseline -0.003 -11"><span class='ocrx_word' id='word_1_146' title='bbox 620 1943 836 1998; x_wconf 85' lang='lat' dir='ltr'><strong>charias</strong></span> <span class='ocrx_word' id='word_1_147' title='bbox 873 1941 950 1995; x_wconf 88' lang='lat' dir='ltr'><strong>rei</strong></span> <span class='ocrx_word' id='word_1_148' title='bbox 981 1939 1246 2009; x_wconf 88' lang='lat' dir='ltr'><strong>imprimis</strong></span> <span class='ocrx_word' id='word_1_149' title='bbox 1275 1937 1659 2000; x_wconf 59' lang='lat' dir='ltr'><strong>memoranda,</strong></span> <span class='ocrx_word' id='word_1_150' title='bbox 1687 1937 1902 2008; x_wconf 90' lang='lat' dir='ltr'><strong>Deoque</strong></span> <span class='ocrx_word' id='word_1_151' title='bbox 1935 1937 2109 2002; x_wconf 91' lang='lat' dir='ltr'><strong>cbari,</strong></span> <span class='ocrx_word' id='word_1_152' title='bbox 2140 1945 2192 1993; x_wconf 89' lang='lat' dir='ltr'><strong>et</strong></span> <span class='ocrx_word' id='word_1_153' title='bbox 2225 1923 2266 1984; x_wconf 78' lang='grc' dir='ltr'><strong>Β</strong></span> 
     </span>
    </p>
   </div>
   <div class='ocr_carea' id='block_1_23' title="bbox 622 2029 2190 2103">
    <p class='ocr_par' dir='ltr' id='par_1_23' title="bbox 622 2029 2190 2103">
     <span class='ocr_line' id='line_1_23' title="bbox 622 2029 2190 2103; baseline -0.003 -16"><span class='ocrx_word' id='word_1_154' title='bbox 622 2035 731 2091; x_wconf 85' lang='lat' dir='ltr'><strong>veri</strong></span> <span class='ocrx_word' id='word_1_155' title='bbox 765 2049 830 2089; x_wconf 90' lang='lat' dir='ltr'><strong>ac</strong></span> <span class='ocrx_word' id='word_1_156' title='bbox 867 2033 940 2103; x_wconf 90' lang='lat' dir='ltr'><strong>pii</strong></span> <span class='ocrx_word' id='word_1_157' title='bbox 993 2030 1359 2100; x_wconf 87' lang='lat' dir='ltr'><strong>imperatoris,</strong></span> <span class='ocrx_word' id='word_1_158' title='bbox 1405 2037 1457 2082; x_wconf 91' lang='lat' dir='ltr'><strong>et</strong></span> <span class='ocrx_word' id='word_1_159' title='bbox 1500 2036 1802 2097; x_wconf 89' lang='lat' dir='ltr'><strong>temporum</strong></span> <span class='ocrx_word' id='word_1_160' title='bbox 1848 2029 2101 2083; x_wconf 90' lang='lat' dir='ltr'><strong>charitati</strong></span> <span class='ocrx_word' id='word_1_161' title='bbox 2139 2030 2190 2084; x_wconf 92' lang='lat' dir='ltr'><strong>in</strong></span> 
     </span>
    </p>
   </div>
   <div class='ocr_carea' id='block_1_24' title="bbox 619 2120 2195 2190">
    <p class='ocr_par' dir='ltr' id='par_1_24' title="bbox 619 2120 2195 2190">
     <span class='ocr_line' id='line_1_24' title="bbox 619 2120 2195 2190; baseline -0.004 -10"><span class='ocrx_word' id='word_1_162' title='bbox 619 2126 904 2180; x_wconf 85' lang='lat' dir='ltr'><strong>Christum</strong></span> <span class='ocrx_word' id='word_1_163' title='bbox 941 2122 1310 2177; x_wconf 86' lang='lat' dir='ltr'><strong>dedicatorum</strong></span> <span class='ocrx_word' id='word_1_164' title='bbox 1351 2121 1620 2186; x_wconf 88' lang='lat' dir='ltr'><strong>meminit.</strong></span> <span class='ocrx_word' id='word_1_165' title='bbox 1652 2120 1790 2174; x_wconf 88' lang='lat' dir='ltr'><strong>Nam</strong></span> <span class='ocrx_word' id='word_1_166' title='bbox 1823 2128 1876 2175; x_wconf 93' lang='lat' dir='ltr'><strong>et</strong></span> <span class='ocrx_word' id='word_1_167' title='bbox 1903 2121 2195 2190; x_wconf 83' lang='lat' dir='ltr'><strong>imperato-</strong></span> 
     </span>
    </p>
   </div>
   <div class='ocr_carea' id='block_1_25' title="bbox 621 2209 2189 2284">
    <p class='ocr_par' dir='ltr' id='par_1_25' title="bbox 621 2209 2189 2284">
     <span class='ocr_line' id='line_1_25' title="bbox 621 2209 2189 2284; baseline -0.004 -14"><span class='ocrx_word' id='word_1_168' title='bbox 621 2232 736 2270; x_wconf 79' lang='lat' dir='ltr'><strong>rum</strong></span> <span class='ocrx_word' id='word_1_169' title='bbox 768 2229 936 2284; x_wconf 86' lang='lat' dir='ltr'><strong>cquos</strong></span> <span class='ocrx_word' id='word_1_170' title='bbox 975 2211 1220 2268; x_wconf 89' lang='lat' dir='ltr'><strong>decorari</strong></span> <span class='ocrx_word' id='word_1_171' title='bbox 1247 2210 1398 2266; x_wconf 86' lang='lat' dir='ltr'><strong>clavo</strong></span> <span class='ocrx_word' id='word_1_172' title='bbox 1427 2226 1456 2264; x_wconf 91' lang='lat' dir='ltr'><strong>a</strong></span> <span class='ocrx_word' id='word_1_173' title='bbox 1484 2209 1720 2279; x_wconf 87' lang='lat' dir='ltr'><strong>pretiosa</strong></span> <span class='ocrx_word' id='word_1_174' title='bbox 1761 2225 1921 2266; x_wconf 88' lang='lat' dir='ltr'><strong>cruce</strong></span> <span class='ocrx_word' id='word_1_175' title='bbox 1953 2221 2189 2279; x_wconf 88' lang='lat' dir='ltr'><strong>sumpto,</strong></span> 
     </span>
    </p>
   </div>
   <div class='ocr_carea' id='block_1_26' title="bbox 619 2301 2193 2376">
    <p class='ocr_par' dir='ltr' id='par_1_26' title="bbox 619 2301 2193 2376">
     <span class='ocr_line' id='line_1_26' title="bbox 619 2301 2193 2376; baseline -0.003 -16"><span class='ocrx_word' id='word_1_176' title='bbox 619 2307 748 2376; x_wconf 90' lang='lat' dir='ltr'><strong>quid</strong></span> <span class='ocrx_word' id='word_1_177' title='bbox 778 2305 920 2360; x_wconf 87' lang='lat' dir='ltr'><strong>aliud</strong></span> <span class='ocrx_word' id='word_1_178' title='bbox 951 2304 1108 2359; x_wconf 89' lang='lat' dir='ltr'><strong>nobis</strong></span> <span class='ocrx_word' id='word_1_179' title='bbox 1139 2317 1299 2372; x_wconf 91' lang='lat' dir='ltr'><strong>quam</strong></span> <span class='ocrx_word' id='word_1_180' title='bbox 1330 2301 1619 2356; x_wconf 83' lang='lat' dir='ltr'><strong>maximam</strong></span> <span class='ocrx_word' id='word_1_181' title='bbox 1647 2311 1698 2356; x_wconf 89' lang='lat' dir='ltr'><strong>et</strong></span> <span class='ocrx_word' id='word_1_182' title='bbox 1728 2315 1915 2356; x_wconf 90' lang='lat' dir='ltr'><strong>revera</strong></span> <span class='ocrx_word' id='word_1_183' title='bbox 1953 2302 2193 2356; x_wconf 81' lang='lat' dir='ltr'><strong>admira-</strong></span> 
     </span>
    </p>
   </div>
   <div class='ocr_carea' id='block_1_27' title="bbox 619 2394 2194 2467">
    <p class='ocr_par' dir='ltr' id='par_1_27' title="bbox 619 2394 2194 2467">
     <span class='ocr_line' id='line_1_27' title="bbox 619 2394 2194 2467; baseline -0.003 -14"><span class='ocrx_word' id='word_1_184' title='bbox 619 2401 763 2453; x_wconf 85' lang='lat' dir='ltr'><strong>tione</strong></span> <span class='ocrx_word' id='word_1_185' title='bbox 803 2398 1018 2467; x_wconf 82' lang='lat' dir='ltr'><strong>dignam</strong></span> <span class='ocrx_word' id='word_1_186' title='bbox 1062 2397 1449 2466; x_wconf 86' lang='lat' dir='ltr'><strong>imperatorum</strong></span> <span class='ocrx_word' id='word_1_187' title='bbox 1499 2394 1754 2462; x_wconf 86' lang='lat' dir='ltr'><strong>pietatem</strong></span> <span class='ocrx_word' id='word_1_188' title='bbox 1791 2394 2194 2449; x_wconf 83' lang='lat' dir='ltr'><strong>declaraverit?</strong></span> 
     </span>
    </p>
   </div>
   <div class='ocr_carea' id='block_1_28' title="bbox 691 2674 2190 2745">
    <p class='ocr_par' dir='ltr' id='par_1_28' title="bbox 691 2674 2190 2745">
     <span class='ocr_line' id='line_1_28' title="bbox 691 2674 2190 2745; baseline -0.002 -13"><span class='ocrx_word' id='word_1_189' title='bbox 691 2679 754 2732; x_wconf 73' lang='lat' dir='ltr'><strong>Et</strong></span> <span class='ocrx_word' id='word_1_190' title='bbox 791 2686 941 2733; x_wconf 76' lang='lat' dir='ltr'><strong>erant</strong></span> <span class='ocrx_word' id='word_1_191' title='bbox 967 2677 1155 2733; x_wconf 78' lang='lat' dir='ltr'><strong>lebetes</strong></span> <span class='ocrx_word' id='word_1_192' title='bbox 1179 2678 1236 2732; x_wconf 88' lang='lat' dir='ltr'><strong>in</strong></span> <span class='ocrx_word' id='word_1_193' title='bbox 1267 2677 1422 2731; x_wconf 84' lang='lat' dir='ltr'><strong>domo</strong></span> <span class='ocrx_word' id='word_1_194' title='bbox 1442 2674 1658 2730; x_wconf 87' lang='lat' dir='ltr'><strong>Domini</strong></span> <span class='ocrx_word' id='word_1_195' title='bbox 1688 2675 1827 2729; x_wconf 74' lang='lat' dir='ltr'><strong>sicut</strong></span> <span class='ocrx_word' id='word_1_196' title='bbox 1857 2677 2048 2745; x_wconf 76' lang='lat' dir='ltr'><strong>phiala:</strong></span> <span class='ocrx_word' id='word_1_197' title='bbox 2071 2686 2190 2730; x_wconf 86' lang='lat' dir='ltr'><strong>ante</strong></span> 
     </span>
    </p>
   </div>
   <div class='ocr_carea' id='block_1_29' title="bbox 617 2770 1047 2841">
    <p class='ocr_par' dir='ltr' id='par_1_29' title="bbox 617 2770 1047 2841">
     <span class='ocr_line' id='line_1_29' title="bbox 617 2770 1047 2841; baseline -0.012 -14"><span class='ocrx_word' id='word_1_198' title='bbox 617 2771 802 2841; x_wconf 79' lang='lat' dir='ltr'><strong>facient</strong></span> <span class='ocrx_word' id='word_1_199' title='bbox 835 2770 1047 2824; x_wconf 81' lang='lat' dir='ltr'><strong>altaris.</strong></span> 
     </span>
    </p>
   </div>
   <div class='ocr_carea' id='block_1_30' title="bbox 663 2937 2186 3012">
    <p class='ocr_par' dir='ltr' id='par_1_30' title="bbox 663 2937 2186 3012">
     <span class='ocr_line' id='line_1_30' title="bbox 663 2937 2186 3012; baseline 0 -12"><span class='ocrx_word' id='word_1_200' title='bbox 663 2937 844 3000; x_wconf 60' lang='lat' dir='ltr'><strong>&#39;CXV.</strong></span> <span class='ocrx_word' id='word_1_201' title='bbox 885 2944 1114 2998; x_wconf 84' lang='lat' dir='ltr'><strong>Lebetes</strong></span> <span class='ocrx_word' id='word_1_202' title='bbox 1152 2951 1308 2997; x_wconf 86' lang='lat' dir='ltr'><strong>erant</strong></span> <span class='ocrx_word' id='word_1_203' title='bbox 1355 2942 1408 2996; x_wconf 92' lang='lat' dir='ltr'><strong>in</strong></span> <span class='ocrx_word' id='word_1_204' title='bbox 1439 2957 1595 2998; x_wconf 86' lang='lat' dir='ltr'><strong>sacro</strong></span> <span class='ocrx_word' id='word_1_205' title='bbox 1646 2944 2012 3012; x_wconf 84' lang='lat' dir='ltr'><strong>tabernaculo,</strong></span> <span class='ocrx_word' id='word_1_206' title='bbox 2047 2955 2097 2998; x_wconf 86' lang='lat' dir='ltr'><strong>et</strong></span> <span class='ocrx_word' id='word_1_207' title='bbox 2135 2947 2186 3000; x_wconf 87' lang='lat' dir='ltr'><strong>in</strong></span> 
     </span>
    </p>
   </div>
   <div class='ocr_carea' id='block_1_31' title="bbox 620 3036 2187 3108">
    <p class='ocr_par' dir='ltr' id='par_1_31' title="bbox 620 3036 2187 3108">
     <span class='ocr_line' id='line_1_31' title="bbox 620 3036 2187 3108; baseline -0.001 -13"><span class='ocrx_word' id='word_1_208' title='bbox 620 3039 819 3108; x_wconf 89' lang='lat' dir='ltr'><strong>templo</strong></span> <span class='ocrx_word' id='word_1_209' title='bbox 846 3047 966 3108; x_wconf 88' lang='lat' dir='ltr'><strong>post</strong></span> <span class='ocrx_word' id='word_1_210' title='bbox 1001 3036 1130 3091; x_wconf 93' lang='lat' dir='ltr'><strong>illud</strong></span> <span class='ocrx_word' id='word_1_211' title='bbox 1162 3047 1463 3102; x_wconf 88' lang='lat' dir='ltr'><strong>exstructo,</strong></span> <span class='ocrx_word' id='word_1_212' title='bbox 1489 3037 1541 3091; x_wconf 94' lang='lat' dir='ltr'><strong>in</strong></span> <span class='ocrx_word' id='word_1_213' title='bbox 1573 3037 1768 3106; x_wconf 89' lang='lat' dir='ltr'><strong>quibus</strong></span> <span class='ocrx_word' id='word_1_214' title='bbox 1795 3038 2187 3093; x_wconf 78' lang='lat' dir='ltr'><strong>sacriﬁciorum</strong></span> 
     </span>
    </p>
   </div>
   <div class='ocr_carea' id='block_1_32' title="bbox 619 3128 2189 3198">
    <p class='ocr_par' dir='ltr' id='par_1_32' title="bbox 619 3128 2189 3198">
     <span class='ocr_line' id='line_1_32' title="bbox 619 3128 2189 3198; baseline -0.001 -12"><span class='ocrx_word' id='word_1_215' title='bbox 619 3145 810 3186; x_wconf 88' lang='lat' dir='ltr'><strong>carnes</strong></span> <span class='ocrx_word' id='word_1_216' title='bbox 834 3129 1225 3198; x_wconf 89' lang='lat' dir='ltr'><strong>coquebantur,</strong></span> <span class='ocrx_word' id='word_1_217' title='bbox 1259 3128 1670 3184; x_wconf 83' lang='lat' dir='ltr'><strong>absumentibus</strong></span> <span class='ocrx_word' id='word_1_218' title='bbox 1694 3143 1789 3182; x_wconf 90' lang='lat' dir='ltr'><strong>eas</strong></span> <span class='ocrx_word' id='word_1_219' title='bbox 1819 3131 2189 3184; x_wconf 77' lang='lat' dir='ltr'><strong>sacerdotibus</strong></span> 
     </span>
    </p>
   </div>
   <div class='ocr_carea' id='block_1_33' title="bbox 621 3219 2269 3316">
    <p class='ocr_par' dir='ltr' id='par_1_33' title="bbox 621 3219 2269 3316">
     <span class='ocr_line' id='line_1_33' title="bbox 621 3219 2269 3316; baseline 0 -40"><span class='ocrx_word' id='word_1_220' title='bbox 621 3223 674 3276; x_wconf 89' lang='lat' dir='ltr'><strong>in</strong></span> <span class='ocrx_word' id='word_1_221' title='bbox 704 3221 820 3276; x_wconf 89' lang='lat' dir='ltr'><strong>loco</strong></span> <span class='ocrx_word' id='word_1_222' title='bbox 861 3229 1074 3286; x_wconf 89' lang='lat' dir='ltr'><strong>sancto,</strong></span> <span class='ocrx_word' id='word_1_223' title='bbox 1107 3219 1223 3288; x_wconf 84' lang='lat' dir='ltr'><strong>lege</strong></span> <span class='ocrx_word' id='word_1_224' title='bbox 1252 3219 1304 3274; x_wconf 91' lang='lat' dir='ltr'><strong>id</strong></span> <span class='ocrx_word' id='word_1_225' title='bbox 1352 3219 1468 3274; x_wconf 88' lang='lat' dir='ltr'><strong>lieri</strong></span> <span class='ocrx_word' id='word_1_226' title='bbox 1502 3219 1822 3290; x_wconf 84' lang='lat' dir='ltr'><strong>imperante,</strong></span> <span class='ocrx_word' id='word_1_227' title='bbox 1855 3236 1920 3276; x_wconf 91' lang='lat' dir='ltr'><strong>ne</strong></span> <span class='ocrx_word' id='word_1_228' title='bbox 1949 3224 2190 3277; x_wconf 83' lang='lat' dir='ltr'><strong>sanctili-</strong></span> <span class='ocrx_word' id='word_1_229' title='bbox 2220 3259 2269 3316; x_wconf 71' lang='lat' dir='ltr'><strong><em>C</em></strong></span> 
     </span>
    </p>
   </div>
   <div class='ocr_carea' id='block_1_34' title="bbox 616 3308 2195 3381">
    <p class='ocr_par' dir='ltr' id='par_1_34' title="bbox 616 3308 2195 3381">
     <span class='ocr_line' id='line_1_34' title="bbox 616 3308 2195 3381; baseline 0.002 -16"><span class='ocrx_word' id='word_1_230' title='bbox 616 3321 736 3366; x_wconf 88' lang='lat' dir='ltr'><strong>cata</strong></span> <span class='ocrx_word' id='word_1_231' title='bbox 768 3320 920 3365; x_wconf 84' lang='lat' dir='ltr'><strong>extra</strong></span> <span class='ocrx_word' id='word_1_232' title='bbox 951 3317 1138 3364; x_wconf 84' lang='lat' dir='ltr'><strong>sancta</strong></span> <span class='ocrx_word' id='word_1_233' title='bbox 1171 3309 1288 3363; x_wconf 89' lang='lat' dir='ltr'><strong>loca</strong></span> <span class='ocrx_word' id='word_1_234' title='bbox 1319 3308 1666 3364; x_wconf 79' lang='lat' dir='ltr'><strong>eﬂ‘errentur.</strong></span> <span class='ocrx_word' id='word_1_235' title='bbox 1697 3311 1990 3381; x_wconf 79' lang='lat' dir='ltr'><strong>Postquam</strong></span> <span class='ocrx_word' id='word_1_236' title='bbox 2013 3323 2195 3368; x_wconf 88' lang='lat' dir='ltr'><strong>autem</strong></span> 
     </span>
    </p>
   </div>
   <div class='ocr_carea' id='block_1_35' title="bbox 613 3401 2194 3474">
    <p class='ocr_par' dir='ltr' id='par_1_35' title="bbox 613 3401 2194 3474">
     <span class='ocr_line' id='line_1_35' title="bbox 613 3401 2194 3474; baseline 0.001 -17"><span class='ocrx_word' id='word_1_237' title='bbox 613 3402 894 3458; x_wconf 81' lang='lat' dir='ltr'><strong>veteribus</strong></span> <span class='ocrx_word' id='word_1_238' title='bbox 943 3401 1050 3456; x_wconf 88' lang='lat' dir='ltr'><strong>illis</strong></span> <span class='ocrx_word' id='word_1_239' title='bbox 1099 3401 1291 3455; x_wconf 90' lang='lat' dir='ltr'><strong>ritibus</strong></span> <span class='ocrx_word' id='word_1_240' title='bbox 1338 3401 1549 3467; x_wconf 88' lang='lat' dir='ltr'><strong>desitis,</strong></span> <span class='ocrx_word' id='word_1_241' title='bbox 1602 3404 1864 3474; x_wconf 85' lang='lat' dir='ltr'><strong>mysteria</strong></span> <span class='ocrx_word' id='word_1_242' title='bbox 1913 3406 2070 3460; x_wconf 88' lang='lat' dir='ltr'><strong>nobis</strong></span> <span class='ocrx_word' id='word_1_243' title='bbox 2128 3409 2194 3458; x_wconf 88' lang='lat' dir='ltr'><strong>ad</strong></span> 
     </span>
    </p>
   </div>
   <div class='ocr_carea' id='block_1_36' title="bbox 616 3494 2194 3562">
    <p class='ocr_par' dir='ltr' id='par_1_36' title="bbox 616 3494 2194 3562">
     <span class='ocr_line' id='line_1_36' title="bbox 616 3494 2194 3562; baseline 0 -12"><span class='ocrx_word' id='word_1_244' title='bbox 616 3496 780 3550; x_wconf 89' lang='lat' dir='ltr'><strong>aliam</strong></span> <span class='ocrx_word' id='word_1_245' title='bbox 818 3495 984 3550; x_wconf 89' lang='lat' dir='ltr'><strong>divini</strong></span> <span class='ocrx_word' id='word_1_246' title='bbox 1014 3494 1192 3550; x_wconf 91' lang='lat' dir='ltr'><strong>cultus</strong></span> <span class='ocrx_word' id='word_1_247' title='bbox 1238 3495 1504 3548; x_wconf 91' lang='lat' dir='ltr'><strong>rationem</strong></span> <span class='ocrx_word' id='word_1_248' title='bbox 1552 3497 1904 3562; x_wconf 90' lang='lat' dir='ltr'><strong>transierunt,</strong></span> <span class='ocrx_word' id='word_1_249' title='bbox 1952 3511 2051 3552; x_wconf 88' lang='lat' dir='ltr'><strong>nec</strong></span> <span class='ocrx_word' id='word_1_250' title='bbox 2081 3514 2194 3551; x_wconf 82' lang='lat' dir='ltr'><strong>am-</strong></span> 
     </span>
    </p>
   </div>
   <div class='ocr_carea' id='block_1_37' title="bbox 617 3585 2194 3655">
    <p class='ocr_par' dir='ltr' id='par_1_37' title="bbox 617 3585 2194 3655">
     <span class='ocr_line' id='line_1_37' title="bbox 617 3585 2194 3655; baseline 0.004 -17"><span class='ocrx_word' id='word_1_251' title='bbox 617 3589 759 3655; x_wconf 84' lang='lat' dir='ltr'><strong>plius</strong></span> <span class='ocrx_word' id='word_1_252' title='bbox 791 3587 976 3642; x_wconf 83' lang='lat' dir='ltr'><strong>ovium</strong></span> <span class='ocrx_word' id='word_1_253' title='bbox 1010 3585 1447 3650; x_wconf 89' lang='lat' dir='ltr'><strong>mactatiouibus,</strong></span> <span class='ocrx_word' id='word_1_254' title='bbox 1485 3594 1538 3640; x_wconf 90' lang='lat' dir='ltr'><strong>et</strong></span> <span class='ocrx_word' id='word_1_255' title='bbox 1565 3588 1740 3654; x_wconf 89' lang='lat' dir='ltr'><strong>thure,</strong></span> <span class='ocrx_word' id='word_1_256' title='bbox 1787 3589 1881 3644; x_wconf 88' lang='lat' dir='ltr'><strong>sed</strong></span> <span class='ocrx_word' id='word_1_257' title='bbox 1909 3589 2194 3644; x_wconf 71' lang='lat' dir='ltr'><strong>sacriﬁciis</strong></span> 
     </span>
    </p>
   </div>
   <div class='ocr_carea' id='block_1_38' title="bbox 618 3676 2194 3751">
    <p class='ocr_par' dir='ltr' id='par_1_38' title="bbox 618 3676 2194 3751">
     <span class='ocr_line' id='line_1_38' title="bbox 618 3676 2194 3751; baseline 0.003 -20"><span class='ocrx_word' id='word_1_258' title='bbox 618 3681 800 3748; x_wconf 87' lang='lat' dir='ltr'><strong>potius</strong></span> <span class='ocrx_word' id='word_1_259' title='bbox 861 3676 1160 3732; x_wconf 90' lang='lat' dir='ltr'><strong>incruentis</strong></span> <span class='ocrx_word' id='word_1_260' title='bbox 1208 3677 1582 3731; x_wconf 88' lang='lat' dir='ltr'><strong>universorum</strong></span> <span class='ocrx_word' id='word_1_261' title='bbox 1637 3677 1849 3747; x_wconf 91' lang='lat' dir='ltr'><strong>Deum,</strong></span> <span class='ocrx_word' id='word_1_262' title='bbox 1909 3679 2194 3751; x_wconf 87' lang='lat' dir='ltr'><strong>ipsumque</strong></span> 
     </span>
    </p>
   </div>
   <div class='ocr_carea' id='block_1_39' title="bbox 619 3766 2194 3842">
    <p class='ocr_par' dir='ltr' id='par_1_39' title="bbox 619 3766 2194 3842">
     <span class='ocr_line' id='line_1_39' title="bbox 619 3766 2194 3842; baseline 0.004 -20"><span class='ocrx_word' id='word_1_263' title='bbox 619 3770 996 3823; x_wconf 85' lang='lat' dir='ltr'><strong>universorum</strong></span> <span class='ocrx_word' id='word_1_264' title='bbox 1032 3766 1365 3823; x_wconf 84' lang='lat' dir='ltr'><strong>Salvatorem</strong></span> <span class='ocrx_word' id='word_1_265' title='bbox 1412 3768 1712 3835; x_wconf 88' lang='lat' dir='ltr'><strong>Christum,</strong></span> <span class='ocrx_word' id='word_1_266' title='bbox 1747 3771 2030 3828; x_wconf 79' lang='lat' dir='ltr'><strong>sacriﬁciis</strong></span> <span class='ocrx_word' id='word_1_267' title='bbox 2074 3789 2194 3842; x_wconf 72' lang='lat' dir='ltr'><strong>quae</strong></span> 
     </span>
    </p>
   </div>
   <div class='ocr_carea' id='block_1_40' title="bbox 620 3858 2193 3930">
    <p class='ocr_par' dir='ltr' id='par_1_40' title="bbox 620 3858 2193 3930">
     <span class='ocr_line' id='line_1_40' title="bbox 620 3858 2193 3930; baseline 0.001 -13"><span class='ocrx_word' id='word_1_268' title='bbox 620 3861 1009 3930; x_wconf 81' lang='lat' dir='ltr'><strong>intelliguntur,</strong></span> <span class='ocrx_word' id='word_1_269' title='bbox 1046 3861 1099 3916; x_wconf 89' lang='lat' dir='ltr'><strong>in</strong></span> <span class='ocrx_word' id='word_1_270' title='bbox 1130 3858 1388 3916; x_wconf 88' lang='lat' dir='ltr'><strong>Ecclesiis</strong></span> <span class='ocrx_word' id='word_1_271' title='bbox 1409 3863 1679 3930; x_wconf 90' lang='lat' dir='ltr'><strong>quomodo</strong></span> <span class='ocrx_word' id='word_1_272' title='bbox 1709 3877 2029 3918; x_wconf 89' lang='lat' dir='ltr'><strong>veneremur</strong></span> <span class='ocrx_word' id='word_1_273' title='bbox 2051 3865 2193 3919; x_wconf 91' lang='lat' dir='ltr'><strong>docti</strong></span> 
     </span>
    </p>
   </div>
   <div class='ocr_carea' id='block_1_41' title="bbox 616 3949 2189 4023">
    <p class='ocr_par' dir='ltr' id='par_1_41' title="bbox 616 3949 2189 4023">
     <span class='ocr_line' id='line_1_41' title="bbox 616 3949 2189 4023; baseline 0.001 -17"><span class='ocrx_word' id='word_1_274' title='bbox 616 3966 820 4016; x_wconf 78' lang='lat' dir='ltr'><strong>smnus,</strong></span> <span class='ocrx_word' id='word_1_275' title='bbox 874 3965 971 4020; x_wconf 90' lang='lat' dir='ltr'><strong>pro</strong></span> <span class='ocrx_word' id='word_1_276' title='bbox 1007 3949 1271 4007; x_wconf 84' lang='lat' dir='ltr'><strong>lebetibus</strong></span> <span class='ocrx_word' id='word_1_277' title='bbox 1315 3951 1438 4006; x_wconf 90' lang='lat' dir='ltr'><strong>aliis</strong></span> <span class='ocrx_word' id='word_1_278' title='bbox 1484 3952 1632 4006; x_wconf 86' lang='lat' dir='ltr'><strong>vasis</strong></span> <span class='ocrx_word' id='word_1_279' title='bbox 1685 3955 1914 4019; x_wconf 89' lang='lat' dir='ltr'><strong>utimur,</strong></span> <span class='ocrx_word' id='word_1_280' title='bbox 1957 3970 2093 4023; x_wconf 89' lang='lat' dir='ltr'><strong>quas</strong></span> <span class='ocrx_word' id='word_1_281' title='bbox 2140 3966 2189 4010; x_wconf 93' lang='lat' dir='ltr'><strong>et</strong></span> 
     </span>
    </p>
   </div>
   <div class='ocr_carea' id='block_1_42' title="bbox 617 4041 2192 4113">
    <p class='ocr_par' dir='ltr' id='par_1_42' title="bbox 617 4041 2192 4113">
     <span class='ocr_line' id='line_1_42' title="bbox 617 4041 2192 4113; baseline 0.004 -17"><span class='ocrx_word' id='word_1_282' title='bbox 617 4042 824 4112; x_wconf 87' lang='lat' dir='ltr'><strong>phialas</strong></span> <span class='ocrx_word' id='word_1_283' title='bbox 865 4043 1130 4112; x_wconf 84' lang='lat' dir='ltr'><strong>propheta</strong></span> <span class='ocrx_word' id='word_1_284' title='bbox 1183 4044 1285 4098; x_wconf 88' lang='lat' dir='ltr'><strong>hoc</strong></span> <span class='ocrx_word' id='word_1_285' title='bbox 1323 4041 1447 4098; x_wconf 85' lang='lat' dir='ltr'><strong>ioco</strong></span> <span class='ocrx_word' id='word_1_286' title='bbox 1498 4044 1648 4100; x_wconf 90' lang='lat' dir='ltr'><strong>dicit.</strong></span> <span class='ocrx_word' id='word_1_287' title='bbox 1698 4043 1821 4100; x_wconf 67' lang='lat' dir='ltr'><strong>llaec</strong></span> <span class='ocrx_word' id='word_1_288' title='bbox 1869 4060 2031 4113; x_wconf 88' lang='lat' dir='ltr'><strong>porro</strong></span> <span class='ocrx_word' id='word_1_289' title='bbox 2066 4063 2192 4102; x_wconf 86' lang='lat' dir='ltr'><strong>vasa</strong></span> 
     </span>
    </p>
   </div>
   <div class='ocr_carea' id='block_1_43' title="bbox 616 4135 2194 4210">
    <p class='ocr_par' dir='ltr' id='par_1_43' title="bbox 616 4135 2194 4210">
     <span class='ocr_line' id='line_1_43' title="bbox 616 4135 2194 4210; baseline 0.003 -20"><span class='ocrx_word' id='word_1_290' title='bbox 616 4135 923 4191; x_wconf 85' lang='lat' dir='ltr'><strong>bibentibus</strong></span> <span class='ocrx_word' id='word_1_291' title='bbox 978 4135 1419 4192; x_wconf 90' lang='lat' dir='ltr'><strong>commodissima</strong></span> <span class='ocrx_word' id='word_1_292' title='bbox 1454 4145 1552 4192; x_wconf 90' lang='lat' dir='ltr'><strong>:et</strong></span> <span class='ocrx_word' id='word_1_293' title='bbox 1603 4137 1865 4210; x_wconf 73' lang='lat' dir='ltr'><strong>intelliget</strong></span> <span class='ocrx_word' id='word_1_294' title='bbox 1897 4142 2056 4210; x_wconf 89' lang='lat' dir='ltr'><strong>plane</strong></span> <span class='ocrx_word' id='word_1_295' title='bbox 2104 4156 2194 4196; x_wconf 85' lang='lat' dir='ltr'><strong>sa-</strong></span> 
     </span>
    </p>
   </div>
   <div class='ocr_carea' id='block_1_44' title="bbox 616 4227 2192 4299">
    <p class='ocr_par' dir='ltr' id='par_1_44' title="bbox 616 4227 2192 4299">
     <span class='ocr_line' id='line_1_44' title="bbox 616 4227 2192 4299; baseline 0.006 -18"><span class='ocrx_word' id='word_1_296' title='bbox 616 4230 770 4299; x_wconf 88' lang='lat' dir='ltr'><strong>piens</strong></span> <span class='ocrx_word' id='word_1_297' title='bbox 805 4227 1016 4283; x_wconf 87' lang='lat' dir='ltr'><strong>auditor</strong></span> <span class='ocrx_word' id='word_1_298' title='bbox 1049 4228 1181 4298; x_wconf 87' lang='lat' dir='ltr'><strong>quid</strong></span> <span class='ocrx_word' id='word_1_299' title='bbox 1227 4229 1586 4299; x_wconf 79' lang='lat' dir='ltr'><strong>signiﬁcetur,</strong></span> <span class='ocrx_word' id='word_1_300' title='bbox 1637 4234 1851 4288; x_wconf 82' lang='lat' dir='ltr'><strong>tametsi</strong></span> <span class='ocrx_word' id='word_1_301' title='bbox 1904 4236 2192 4291; x_wconf 88' lang='lat' dir='ltr'><strong>obscurius</strong></span> 
     </span>
    </p>
   </div>
   <div class='ocr_carea' id='block_1_45' title="bbox 617 4321 2190 4392">
    <p class='ocr_par' dir='ltr' id='par_1_45' title="bbox 617 4321 2190 4392">
     <span class='ocr_line' id='line_1_45' title="bbox 617 4321 2190 4392; baseline 0.005 -20"><span class='ocrx_word' id='word_1_302' title='bbox 617 4335 777 4389; x_wconf 76' lang='lat' dir='ltr'><strong>quam</strong></span> <span class='ocrx_word' id='word_1_303' title='bbox 800 4329 1013 4390; x_wconf 88' lang='lat' dir='ltr'><strong>oportet</strong></span> <span class='ocrx_word' id='word_1_304' title='bbox 1050 4321 1100 4374; x_wconf 91' lang='lat' dir='ltr'><strong>id</strong></span> <span class='ocrx_word' id='word_1_305' title='bbox 1119 4335 1148 4374; x_wconf 92' lang='lat' dir='ltr'><strong>a</strong></span> <span class='ocrx_word' id='word_1_306' title='bbox 1173 4321 1326 4376; x_wconf 90' lang='lat' dir='ltr'><strong>nobis</strong></span> <span class='ocrx_word' id='word_1_307' title='bbox 1354 4321 1556 4376; x_wconf 87' lang='lat' dir='ltr'><strong>dictum</strong></span> <span class='ocrx_word' id='word_1_308' title='bbox 1580 4323 1673 4388; x_wconf 88' lang='lat' dir='ltr'><strong>sit,</strong></span> <span class='ocrx_word' id='word_1_309' title='bbox 1699 4325 1952 4392; x_wconf 86' lang='lat' dir='ltr'><strong>quoniam</strong></span> <span class='ocrx_word' id='word_1_310' title='bbox 1984 4326 2038 4378; x_wconf 92' lang='lat' dir='ltr'><strong>in</strong></span> <span class='ocrx_word' id='word_1_311' title='bbox 2065 4326 2190 4380; x_wconf 89' lang='lat' dir='ltr'><strong>abs-</strong></span> 
     </span>
    </p>
   </div>
   <div class='ocr_carea' id='block_1_46' title="bbox 617 4411 2192 4489">
    <p class='ocr_par' dir='ltr' id='par_1_46' title="bbox 617 4411 2192 4489">
     <span class='ocr_line' id='line_1_46' title="bbox 617 4411 2192 4489; baseline 0.007 -27"><span class='ocrx_word' id='word_1_312' title='bbox 617 4411 850 4464; x_wconf 89' lang='lat' dir='ltr'><strong>conditis</strong></span> <span class='ocrx_word' id='word_1_313' title='bbox 903 4412 1188 4466; x_wconf 90' lang='lat' dir='ltr'><strong>narrandis</strong></span> <span class='ocrx_word' id='word_1_314' title='bbox 1225 4411 1503 4469; x_wconf 85' lang='lat' dir='ltr'><strong>breviores</strong></span> <span class='ocrx_word' id='word_1_315' title='bbox 1551 4428 1672 4470; x_wconf 85' lang='lat' dir='ltr'><strong>esse</strong></span> <span class='ocrx_word' id='word_1_316' title='bbox 1717 4415 1996 4472; x_wconf 80' lang='lat' dir='ltr'><strong>debemus.</strong></span> <span class='ocrx_word' id='word_1_317' title='bbox 2050 4419 2192 4489; x_wconf 86' lang='lat' dir='ltr'><strong>Ergo</strong></span> 
     </span>
    </p>
   </div>
   <div class='ocr_carea' id='block_1_47' title="bbox 619 4499 2190 4579">
    <p class='ocr_par' dir='ltr' id='par_1_47' title="bbox 619 4499 2190 4579">
     <span class='ocr_line' id='line_1_47' title="bbox 619 4499 2190 4579; baseline 0.007 -25"><span class='ocrx_word' id='word_1_318' title='bbox 619 4509 747 4554; x_wconf 90' lang='lat' dir='ltr'><strong>tunc</strong></span> <span class='ocrx_word' id='word_1_319' title='bbox 774 4499 992 4568; x_wconf 89' lang='lat' dir='ltr'><strong>quidem</strong></span> <span class='ocrx_word' id='word_1_320' title='bbox 1037 4510 1193 4556; x_wconf 89' lang='lat' dir='ltr'><strong>erant</strong></span> <span class='ocrx_word' id='word_1_321' title='bbox 1240 4502 1444 4561; x_wconf 88' lang='lat' dir='ltr'><strong>lebetes</strong></span> <span class='ocrx_word' id='word_1_322' title='bbox 1486 4521 1672 4561; x_wconf 90' lang='lat' dir='ltr'><strong>:uunc</strong></span> <span class='ocrx_word' id='word_1_323' title='bbox 1715 4517 1896 4564; x_wconf 89' lang='lat' dir='ltr'><strong>autem</strong></span> <span class='ocrx_word' id='word_1_324' title='bbox 1947 4527 1966 4562; x_wconf 80' lang='grc' dir='ltr'>ι</span> <span class='ocrx_word' id='word_1_325' title='bbox 1996 4511 2190 4579; x_wconf 70' lang='lat' dir='ltr'><strong>phialae</strong></span> 
     </span>
    </p>
   </div>
   <div class='ocr_carea' id='block_1_48' title="bbox 616 4591 1265 4649">
    <p class='ocr_par' dir='ltr' id='par_1_48' title="bbox 616 4591 1265 4649">
     <span class='ocr_line' id='line_1_48' title="bbox 616 4591 1265 4649; baseline 0 -3"><span class='ocrx_word' id='word_1_326' title='bbox 616 4600 742 4646; x_wconf 89' lang='lat' dir='ltr'><strong>ante</strong></span> <span class='ocrx_word' id='word_1_327' title='bbox 771 4591 961 4647; x_wconf 83' lang='lat' dir='ltr'><strong>faciem</strong></span> <span class='ocrx_word' id='word_1_328' title='bbox 999 4593 1207 4649; x_wconf 88' lang='lat' dir='ltr'><strong>altaris.</strong></span> <span class='ocrx_word' id='word_1_329' title='bbox 1243 4603 1265 4646; x_wconf 66' lang='grc' dir='ltr'>ι</span> 
     </span>
    </p>
   </div>
   <div class='ocr_carea' id='block_1_49' title="bbox 689 4863 2188 4940">
    <p class='ocr_par' dir='ltr' id='par_1_49' title="bbox 689 4863 2188 4940">
     <span class='ocr_line' id='line_1_49' title="bbox 689 4863 2188 4940; baseline 0.006 -20"><span class='ocrx_word' id='word_1_330' title='bbox 689 4866 851 4920; x_wconf 71' lang='lat' dir='ltr'><strong>Vens.</strong></span> <span class='ocrx_word' id='word_1_331' title='bbox 881 4864 972 4918; x_wconf 73' lang='lat'><strong>2|.</strong></span> <span class='ocrx_word' id='word_1_332' title='bbox 1015 4863 1084 4917; x_wconf 81' lang='lat' dir='ltr'><strong>Et</strong></span> <span class='ocrx_word' id='word_1_333' title='bbox 1134 4867 1236 4920; x_wconf 86' lang='lat' dir='ltr'><strong>erit</strong></span> <span class='ocrx_word' id='word_1_334' title='bbox 1284 4870 1456 4923; x_wconf 82' lang='lat' dir='ltr'><strong>omnis</strong></span> <span class='ocrx_word' id='word_1_335' title='bbox 1502 4869 1637 4925; x_wconf 73' lang='lat' dir='ltr'><strong>lebes</strong></span> <span class='ocrx_word' id='word_1_336' title='bbox 1685 4870 1739 4923; x_wconf 85' lang='lat' dir='ltr'><strong>in</strong></span> <span class='ocrx_word' id='word_1_337' title='bbox 1781 4869 2101 4940; x_wconf 80' lang='lat' dir='ltr'><strong>Jerusalem,</strong></span> <span class='ocrx_word' id='word_1_338' title='bbox 2141 4888 2188 4929; x_wconf 88' lang='lat' dir='ltr'><strong>et</strong></span> 
     </span>
    </p>
   </div>
   <div class='ocr_carea' id='block_1_50' title="bbox 609 4955 2187 5030">
    <p class='ocr_par' dir='ltr' id='par_1_50' title="bbox 609 4955 2187 5030">
     <span class='ocr_line' id='line_1_50' title="bbox 609 4955 2187 5030; baseline 0.007 -22"><span class='ocrx_word' id='word_1_339' title='bbox 609 4957 664 5008; x_wconf 81' lang='lat' dir='ltr'><strong>in</strong></span> <span class='ocrx_word' id='word_1_340' title='bbox 719 4955 865 5009; x_wconf 83' lang='lat' dir='ltr'><strong>Juda</strong></span> <span class='ocrx_word' id='word_1_341' title='bbox 912 4967 1124 5011; x_wconf 76' lang='lat' dir='ltr'><strong>sanctus</strong></span> <span class='ocrx_word' id='word_1_342' title='bbox 1175 4957 1400 5011; x_wconf 89' lang='lat' dir='ltr'><strong>Domino</strong></span> <span class='ocrx_word' id='word_1_343' title='bbox 1453 4963 1819 5030; x_wconf 76' lang='lat' dir='ltr'><strong>omnipotenti.</strong></span> <span class='ocrx_word' id='word_1_344' title='bbox 1879 4963 1944 5015; x_wconf 82' lang='lat' dir='ltr'><strong>Et</strong></span> <span class='ocrx_word' id='word_1_345' title='bbox 1987 4967 2187 5020; x_wconf 73' lang='lat' dir='ltr'><strong>venient</strong></span> 
     </span>
    </p>
   </div>
   <div class='ocr_carea' id='block_1_51' title="bbox 614 5049 2182 5126">
    <p class='ocr_par' dir='ltr' id='par_1_51' title="bbox 614 5049 2182 5126">
     <span class='ocr_line' id='line_1_51' title="bbox 614 5049 2182 5126; baseline 0.008 -26"><span class='ocrx_word' id='word_1_346' title='bbox 614 5063 790 5102; x_wconf 77' lang='lat' dir='ltr'><strong>omnes</strong></span> <span class='ocrx_word' id='word_1_347' title='bbox 832 5049 1196 5115; x_wconf 78' lang='lat' dir='ltr'><strong>immolantes,</strong></span> <span class='ocrx_word' id='word_1_348' title='bbox 1243 5060 1291 5104; x_wconf 92' lang='lat' dir='ltr'><strong>et</strong></span> <span class='ocrx_word' id='word_1_349' title='bbox 1327 5060 1529 5104; x_wconf 80' lang='lat' dir='ltr'><strong>sument</strong></span> <span class='ocrx_word' id='word_1_350' title='bbox 1571 5069 1636 5106; x_wconf 75' lang='lat' dir='ltr'><strong>ea;</strong></span> <span class='ocrx_word' id='word_1_351' title='bbox 1669 5055 1792 5122; x_wconf 78' lang='lat' dir='ltr'><strong>ipsis</strong></span> <span class='ocrx_word' id='word_1_352' title='bbox 1816 5093 1831 5120; x_wconf 93' lang='lat'><strong>,</strong></span> <span class='ocrx_word' id='word_1_353' title='bbox 1882 5066 1928 5108; x_wconf 86' lang='lat' dir='ltr'><strong>et</strong></span> <span class='ocrx_word' id='word_1_354' title='bbox 1966 5069 2182 5126; x_wconf 71' lang='lat' dir='ltr'><strong>coquant</strong></span> 
     </span>
    </p>
   </div>
   <div class='ocr_carea' id='block_1_52' title="bbox 614 5153 801 5192">
    <p class='ocr_par' dir='ltr' id='par_1_52' title="bbox 614 5153 801 5192">
     <span class='ocr_line' id='line_1_52' title="bbox 614 5153 801 5192; baseline 0.011 -3"><span class='ocrx_word' id='word_1_355' title='bbox 614 5153 669 5190; x_wconf 85' lang='grc' dir='ltr'><strong>ιη</strong></span> <span class='ocrx_word' id='word_1_356' title='bbox 704 5154 801 5192; x_wconf 75' lang='grc' dir='ltr'>ιω.</span> 
     </span>
    </p>
   </div>
   <div class='ocr_carea' id='block_1_53' title="bbox 684 5226 2187 5296">
    <p class='ocr_par' dir='ltr' id='par_1_53' title="bbox 684 5226 2187 5296">
     <span class='ocr_line' id='line_1_53' title="bbox 684 5226 2187 5296; baseline 0.011 -16"><span class='ocrx_word' id='word_1_357' title='bbox 684 5226 868 5282; x_wconf 70' lang='lat' dir='ltr'><strong>CXVI.</strong></span> <span class='ocrx_word' id='word_1_358' title='bbox 914 5226 1141 5284; x_wconf 89' lang='lat' dir='ltr'><strong>Lebetas</strong></span> <span class='ocrx_word' id='word_1_359' title='bbox 1169 5238 1346 5294; x_wconf 87' lang='lat' dir='ltr'><strong>vocat,</strong></span> <span class='ocrx_word' id='word_1_360' title='bbox 1382 5233 1656 5287; x_wconf 87' lang='lat' dir='ltr'><strong>veteribus</strong></span> <span class='ocrx_word' id='word_1_361' title='bbox 1680 5234 1851 5290; x_wconf 90' lang='lat' dir='ltr'><strong>adhuc</strong></span> <span class='ocrx_word' id='word_1_362' title='bbox 1879 5238 2187 5296; x_wconf 88' lang='lat' dir='ltr'><strong>nominibus</strong></span> 
     </span>
    </p>
   </div>
   <div class='ocr_carea' id='block_1_54' title="bbox 619 5322 2182 5396">
    <p class='ocr_par' dir='ltr' id='par_1_54' title="bbox 619 5322 2182 5396">
     <span class='ocr_line' id='line_1_54' title="bbox 619 5322 2182 5396; baseline 0.008 -20"><span class='ocrx_word' id='word_1_363' title='bbox 619 5336 772 5386; x_wconf 84' lang='lat' dir='ltr'><strong>usus,</strong></span> <span class='ocrx_word' id='word_1_364' title='bbox 806 5335 932 5375; x_wconf 90' lang='lat' dir='ltr'><strong>vasa</strong></span> <span class='ocrx_word' id='word_1_365' title='bbox 969 5322 1218 5392; x_wconf 80' lang='lat' dir='ltr'><strong>mystica,</strong></span> <span class='ocrx_word' id='word_1_366' title='bbox 1241 5339 1360 5393; x_wconf 73' lang='lat' dir='ltr'><strong>qua:</strong></span> <span class='ocrx_word' id='word_1_367' title='bbox 1393 5333 1448 5378; x_wconf 90' lang='lat' dir='ltr'><strong>et</strong></span> <span class='ocrx_word' id='word_1_368' title='bbox 1472 5334 1657 5378; x_wconf 85' lang='lat' dir='ltr'><strong>sancta</strong></span> <span class='ocrx_word' id='word_1_369' title='bbox 1685 5339 1830 5394; x_wconf 87' lang='lat' dir='ltr'><strong>sunt,</strong></span> <span class='ocrx_word' id='word_1_370' title='bbox 1859 5326 2182 5396; x_wconf 81' lang='lat' dir='ltr'><strong>veneranda,</strong></span> 
     </span>
    </p>
   </div>
   <div class='ocr_carea' id='block_1_55' title="bbox 615 5413 2184 5487">
    <p class='ocr_par' dir='ltr' id='par_1_55' title="bbox 615 5413 2184 5487">
     <span class='ocr_line' id='line_1_55' title="bbox 615 5413 2184 5487; baseline 0.008 -19"><span class='ocrx_word' id='word_1_371' title='bbox 615 5423 671 5468; x_wconf 90' lang='lat' dir='ltr'><strong>et</strong></span> <span class='ocrx_word' id='word_1_372' title='bbox 705 5413 941 5482; x_wconf 87' lang='lat' dir='ltr'><strong>pretiosa</strong></span> <span class='ocrx_word' id='word_1_373' title='bbox 980 5415 1143 5468; x_wconf 86' lang='lat' dir='ltr'><strong>etiam</strong></span> <span class='ocrx_word' id='word_1_374' title='bbox 1183 5415 1312 5484; x_wconf 88' lang='lat' dir='ltr'><strong>ipsis</strong></span> <span class='ocrx_word' id='word_1_375' title='bbox 1347 5416 1438 5485; x_wconf 91' lang='lat' dir='ltr'><strong>qui</strong></span> <span class='ocrx_word' id='word_1_376' title='bbox 1484 5417 1535 5469; x_wconf 90' lang='lat' dir='ltr'><strong>in</strong></span> <span class='ocrx_word' id='word_1_377' title='bbox 1568 5415 1888 5487; x_wconf 76' lang='lat' dir='ltr'><strong>Jerusalem,</strong></span> <span class='ocrx_word' id='word_1_378' title='bbox 1926 5423 1978 5477; x_wconf 87' lang='lat' dir='ltr'><strong>id</strong></span> <span class='ocrx_word' id='word_1_379' title='bbox 2021 5429 2184 5480; x_wconf 89' lang='lat' dir='ltr'><strong>estin</strong></span> 
     </span>
    </p>
   </div>
   <div class='ocr_carea' id='block_1_56' title="bbox 613 5502 2183 5575">
    <p class='ocr_par' dir='ltr' id='par_1_56' title="bbox 613 5502 2183 5575">
     <span class='ocr_line' id='line_1_56' title="bbox 613 5502 2183 5575; baseline 0.007 -14"><span class='ocrx_word' id='word_1_380' title='bbox 613 5502 859 5561; x_wconf 86' lang='lat' dir='ltr'><strong>Ecclesia</strong></span> <span class='ocrx_word' id='word_1_381' title='bbox 903 5513 1050 5570; x_wconf 92' lang='lat' dir='ltr'><strong>sunt,</strong></span> <span class='ocrx_word' id='word_1_382' title='bbox 1085 5505 1272 5575; x_wconf 90' lang='lat' dir='ltr'><strong>utique</strong></span> <span class='ocrx_word' id='word_1_383' title='bbox 1302 5506 1500 5563; x_wconf 87' lang='lat' dir='ltr'><strong>divinis</strong></span> <span class='ocrx_word' id='word_1_384' title='bbox 1523 5511 1900 5570; x_wconf 85' lang='lat' dir='ltr'><strong>sacerdmibus</strong></span> <span class='ocrx_word' id='word_1_385' title='bbox 1931 5526 1983 5571; x_wconf 92' lang='lat' dir='ltr'><strong>et</strong></span> <span class='ocrx_word' id='word_1_386' title='bbox 2023 5518 2183 5571; x_wconf 87' lang='lat' dir='ltr'><strong>mini-</strong></span> 
     </span>
    </p>
   </div>
   <div class='ocr_carea' id='block_1_57' title="bbox 684 5680 1396 5755">
    <p class='ocr_par' dir='ltr' id='par_1_57' title="bbox 684 5680 1396 5755">
     <span class='ocr_line' id='line_1_57' title="bbox 684 5680 1396 5755; baseline 0.008 -22"><span class='ocrx_word' id='word_1_387' title='bbox 684 5683 726 5716; x_wconf 82' lang='grc'>¹¹</span> <span class='ocrx_word' id='word_1_388' title='bbox 767 5680 830 5736; x_wconf 90' lang='grc' dir='ltr'><strong>ΙΙΙ</strong></span> <span class='ocrx_word' id='word_1_389' title='bbox 863 5683 992 5754; x_wconf 79' lang='lat' dir='ltr'><strong>Reg.</strong></span> <span class='ocrx_word' id='word_1_390' title='bbox 1034 5699 1153 5749; x_wconf 81' lang='lat' dir='ltr'><strong>xm,</strong></span> <span class='ocrx_word' id='word_1_391' title='bbox 1182 5685 1216 5737; x_wconf 74' lang='lat'><strong>2</strong></span> <span class='ocrx_word' id='word_1_392' title='bbox 1244 5701 1396 5755; x_wconf 89' lang='lat' dir='ltr'><strong>seqq.</strong></span> 
     </span>
    </p>
   </div>
   <div class='ocr_carea' id='block_1_58' title="bbox 2303 665 3906 743">
    <p class='ocr_par' dir='ltr' id='par_1_58' title="bbox 2303 665 3906 743">
     <span class='ocr_line' id='line_1_58' title="bbox 2303 665 3906 743; baseline 0.001 -23"><span class='ocrx_word' id='word_1_393' title='bbox 2303 667 2401 737; x_wconf 80' lang='grc' dir='ltr'>τῆς</span> <span class='ocrx_word' id='word_1_394' title='bbox 2439 665 2778 738; x_wconf 78' lang='grc' dir='ltr'>προφητείας</span> <span class='ocrx_word' id='word_1_395' title='bbox 2807 665 2905 736; x_wconf 82' lang='grc' dir='ltr'>τὴν</span> <span class='ocrx_word' id='word_1_396' title='bbox 2937 665 3188 734; x_wconf 86' lang='grc' dir='ltr'>δύναμιν.</span> <span class='ocrx_word' id='word_1_397' title='bbox 3216 667 3356 721; x_wconf 79' lang='grc' dir='ltr'>Φασὶ</span> <span class='ocrx_word' id='word_1_398' title='bbox 3397 669 3622 738; x_wconf 79' lang='grc' dir='ltr'>γὰρ’ὂτι</span> <span class='ocrx_word' id='word_1_399' title='bbox 3665 672 3906 743; x_wconf 71' lang='grc' dir='ltr'>εὕρηται</span> 
     </span>
    </p>
   </div>
   <div class='ocr_carea' id='block_1_59' title="bbox 2304 754 3906 831">
    <p class='ocr_par' dir='ltr' id='par_1_59' title="bbox 2304 754 3906 831">
     <span class='ocr_line' id='line_1_59' title="bbox 2304 754 3906 831; baseline 0.002 -21"><span class='ocrx_word' id='word_1_400' title='bbox 2304 759 2404 828; x_wconf 86' lang='grc' dir='ltr'>μὲν</span> <span class='ocrx_word' id='word_1_401' title='bbox 2443 757 2585 810; x_wconf 86' lang='grc' dir='ltr'><strong>κατά</strong></span> <span class='ocrx_word' id='word_1_402' title='bbox 2617 756 2842 827; x_wconf 80' lang='grc' dir='ltr'>καιροὺς</span> <span class='ocrx_word' id='word_1_403' title='bbox 2873 755 2935 809; x_wconf 83' lang='grc' dir='ltr'>τὸ</span> <span class='ocrx_word' id='word_1_404' title='bbox 2970 755 3065 808; x_wconf 82' lang='grc' dir='ltr'>τοῦ</span> <span class='ocrx_word' id='word_1_405' title='bbox 3109 754 3348 828; x_wconf 80' lang='grc' dir='ltr'>σταυροῦ</span> <span class='ocrx_word' id='word_1_406' title='bbox 3383 755 3557 824; x_wconf 82' lang='grc' dir='ltr'>ξύλον,</span> <span class='ocrx_word' id='word_1_407' title='bbox 3604 760 3906 831; x_wconf 81' lang='grc' dir='ltr'>ἐμπεπαρ-</span> 
     </span>
    </p>
   </div>
   <div class='ocr_carea' id='block_1_60' title="bbox 2305 841 3905 924">
    <p class='ocr_par' dir='ltr' id='par_1_60' title="bbox 2305 841 3905 924">
     <span class='ocr_line' id='line_1_60' title="bbox 2305 841 3905 924; baseline 0.002 -22"><span class='ocrx_word' id='word_1_408' title='bbox 2305 849 2496 920; x_wconf 88' lang='grc' dir='ltr'>μένους</span> <span class='ocrx_word' id='word_1_409' title='bbox 2525 848 2604 901; x_wconf 79' lang='grc' dir='ltr'>ἔτι</span> <span class='ocrx_word' id='word_1_410' title='bbox 2627 849 2753 911; x_wconf 86' lang='grc' dir='ltr'><strong>τούς</strong></span> <span class='ocrx_word' id='word_1_411' title='bbox 2784 847 2948 918; x_wconf 70' lang='grc' dir='ltr'>ἥλους</span> <span class='ocrx_word' id='word_1_412' title='bbox 2981 845 3132 916; x_wconf 66' lang='grc' dir='ltr'><strong>ἔχοιθ’</strong></span> <span class='ocrx_word' id='word_1_413' title='bbox 3169 841 3245 900; x_wconf 82' lang='grc' dir='ltr'>ὧν</span> <span class='ocrx_word' id='word_1_414' title='bbox 3273 847 3366 900; x_wconf 73' lang='grc' dir='ltr'>ἕνα</span> <span class='ocrx_word' id='word_1_415' title='bbox 3396 847 3576 902; x_wconf 86' lang='grc' dir='ltr'>λαϐὼν</span> <span class='ocrx_word' id='word_1_416' title='bbox 3606 853 3636 902; x_wconf 86' lang='grc' dir='ltr'><strong>ό</strong></span> <span class='ocrx_word' id='word_1_417' title='bbox 3661 852 3905 924; x_wconf 77' lang='grc' dir='ltr'>εὐσεϐὴς</span> 
     </span>
    </p>
   </div>
   <div class='ocr_carea' id='block_1_61' title="bbox 2303 940 3906 1014">
    <p class='ocr_par' dir='ltr' id='par_1_61' title="bbox 2303 940 3906 1014">
     <span class='ocr_line' id='line_1_61' title="bbox 2303 940 3906 1014; baseline -0.002 -16"><span class='ocrx_word' id='word_1_418' title='bbox 2303 945 2727 1007; x_wconf 83' lang='grc' dir='ltr'>Κωνσταντῖνος,</span> <span class='ocrx_word' id='word_1_419' title='bbox 2756 941 2848 994; x_wconf 72' lang='grc' dir='ltr'><strong>ἐπὶ</strong></span> <span class='ocrx_word' id='word_1_420' title='bbox 2876 940 3093 1010; x_wconf 82' lang='grc' dir='ltr'>χαλινὸν</span> <span class='ocrx_word' id='word_1_421' title='bbox 3115 941 3371 1008; x_wconf 86' lang='grc' dir='ltr'>γενέσθαι</span> <span class='ocrx_word' id='word_1_422' title='bbox 3399 941 3476 1012; x_wconf 83' lang='grc' dir='ltr'>τῷ</span> <span class='ocrx_word' id='word_1_423' title='bbox 3499 943 3651 1014; x_wconf 79' lang='grc' dir='ltr'>ἵππῳ</span> <span class='ocrx_word' id='word_1_424' title='bbox 3671 942 3752 1014; x_wconf 81' lang='grc' dir='ltr'><strong>τῷ</strong></span> <span class='ocrx_word' id='word_1_425' title='bbox 3784 944 3906 1014; x_wconf 69' lang='grc' dir='ltr'>ἰδίῳ</span> 
     </span>
    </p>
   </div>
   <div class='ocr_carea' id='block_1_62' title="bbox 2302 1033 3903 1108">
    <p class='ocr_par' dir='ltr' id='par_1_62' title="bbox 2302 1033 3903 1108">
     <span class='ocr_line' id='line_1_62' title="bbox 2302 1033 3903 1108; baseline 0.001 -19"><span class='ocrx_word' id='word_1_426' title='bbox 2302 1038 2729 1108; x_wconf 83' lang='grc' dir='ltr'>παρεσκεύασεν,</span> <span class='ocrx_word' id='word_1_427' title='bbox 2758 1034 3098 1102; x_wconf 80' lang='grc' dir='ltr'>εὐλογεῖσθαι</span> <span class='ocrx_word' id='word_1_428' title='bbox 3127 1033 3279 1104; x_wconf 84' lang='grc' dir='ltr'><strong>παρά</strong></span> <span class='ocrx_word' id='word_1_429' title='bbox 3308 1034 3440 1086; x_wconf 76' lang='grc' dir='ltr'>Θεοῦ</span> <span class='ocrx_word' id='word_1_430' title='bbox 3469 1036 3563 1088; x_wconf 70' lang='grc' dir='ltr'><strong>καλ⁸</strong></span> <span class='ocrx_word' id='word_1_431' title='bbox 3588 1036 3677 1089; x_wconf 85' lang='grc' dir='ltr'><strong>διὰ</strong></span> <span class='ocrx_word' id='word_1_432' title='bbox 3700 1037 3903 1090; x_wconf 69' lang='grc' dir='ltr'>τούτου</span> 
     </span>
    </p>
   </div>
   <div class='ocr_carea' id='block_1_63' title="bbox 2299 1125 3908 1199">
    <p class='ocr_par' dir='ltr' id='par_1_63' title="bbox 2299 1125 3908 1199">
     <span class='ocr_line' id='line_1_63' title="bbox 2299 1125 3908 1199; baseline 0.001 -19"><span class='ocrx_word' id='word_1_433' title='bbox 2299 1127 2701 1190; x_wconf 73' lang='grc' dir='ltr'>πεπιστευκώς,</span> <span class='ocrx_word' id='word_1_434' title='bbox 2745 1126 2860 1179; x_wconf 87' lang='grc' dir='ltr'><strong>Οὐκ</strong></span> <span class='ocrx_word' id='word_1_435' title='bbox 2895 1126 3156 1179; x_wconf 82' lang='grc' dir='ltr'>ἀπίθανον</span> <span class='ocrx_word' id='word_1_436' title='bbox 3200 1125 3257 1178; x_wconf 82' lang='grc' dir='ltr'>δὲ</span> <span class='ocrx_word' id='word_1_437' title='bbox 3293 1125 3355 1178; x_wconf 82' lang='grc' dir='ltr'>τὸ</span> <span class='ocrx_word' id='word_1_438' title='bbox 3397 1126 3587 1196; x_wconf 82' lang='grc' dir='ltr'>χρῆμα</span> <span class='ocrx_word' id='word_1_439' title='bbox 3637 1129 3772 1199; x_wconf 86' lang='grc' dir='ltr'>φαίη</span> <span class='ocrx_word' id='word_1_440' title='bbox 3816 1147 3908 1193; x_wconf 83' lang='grc' dir='ltr'><strong>τις</strong></span> 
     </span>
    </p>
   </div>
   <div class='ocr_carea' id='block_1_64' title="bbox 2298 1208 3905 1290">
    <p class='ocr_par' dir='ltr' id='par_1_64' title="bbox 2298 1208 3905 1290">
     <span class='ocr_line' id='line_1_64' title="bbox 2298 1208 3905 1290; baseline 0 -22"><span class='ocrx_word' id='word_1_441' title='bbox 2298 1215 2384 1280; x_wconf 85' lang='grc' dir='ltr'>ἂν,</span> <span class='ocrx_word' id='word_1_442' title='bbox 2433 1215 2592 1287; x_wconf 84' lang='grc' dir='ltr'>εἴπερ</span> <span class='ocrx_word' id='word_1_443' title='bbox 2623 1208 2725 1267; x_wconf 81' lang='grc' dir='ltr'>ὦδε</span> <span class='ocrx_word' id='word_1_444' title='bbox 2763 1214 2914 1286; x_wconf 75' lang='grc' dir='ltr'>ἔχει,</span> <span class='ocrx_word' id='word_1_445' title='bbox 2965 1215 3061 1268; x_wconf 78' lang='grc' dir='ltr'>καὶ</span> <span class='ocrx_word' id='word_1_446' title='bbox 3107 1215 3208 1268; x_wconf 87' lang='grc' dir='ltr'><strong>οὐκ</strong></span> <span class='ocrx_word' id='word_1_447' title='bbox 3237 1214 3346 1280; x_wconf 76' lang='grc' dir='ltr'><strong>ἔξω</strong></span> <span class='ocrx_word' id='word_1_448' title='bbox 3379 1214 3538 1282; x_wconf 81' lang='grc' dir='ltr'>λόγου</span> <span class='ocrx_word' id='word_1_449' title='bbox 3590 1217 3905 1290; x_wconf 77' lang='grc' dir='ltr'>πρέποντος</span> 
     </span>
    </p>
   </div>
   <div class='ocr_carea' id='block_1_65' title="bbox 2299 1292 3907 1380">
    <p class='ocr_par' dir='ltr' id='par_1_65' title="bbox 2299 1292 3907 1380">
     <span class='ocr_line' id='line_1_65' title="bbox 2299 1292 3907 1380; baseline 0.003 -22"><span class='ocrx_word' id='word_1_450' title='bbox 2299 1308 2457 1358; x_wconf 79' lang='grc' dir='ltr'>νοοῖτ’</span> <span class='ocrx_word' id='word_1_451' title='bbox 2485 1305 2551 1358; x_wconf 85' lang='grc' dir='ltr'>ἂν</span> <span class='ocrx_word' id='word_1_452' title='bbox 2579 1306 2826 1371; x_wconf 74' lang='grc' dir='ltr'>εἰκότως,</span> <span class='ocrx_word' id='word_1_453' title='bbox 2851 1306 2910 1359; x_wconf 82' lang='grc' dir='ltr'>τὸ</span> <span class='ocrx_word' id='word_1_454' title='bbox 2944 1306 3040 1360; x_wconf 76' lang='grc' dir='ltr'>καὶ</span> <span class='ocrx_word' id='word_1_455' title='bbox 3063 1307 3122 1359; x_wconf 82' lang='grc' dir='ltr'>ὲν</span> <span class='ocrx_word' id='word_1_456' title='bbox 3149 1306 3342 1377; x_wconf 83' lang='grc' dir='ltr'>μνήμῃ</span> <span class='ocrx_word' id='word_1_457' title='bbox 3369 1292 3624 1374; x_wconf 84' lang='grc' dir='ltr'>γενέσθαι</span> <span class='ocrx_word' id='word_1_458' title='bbox 3647 1312 3716 1380; x_wconf 79' lang='grc' dir='ltr'>τῇ</span> <span class='ocrx_word' id='word_1_459' title='bbox 3746 1310 3907 1380; x_wconf 78' lang='grc' dir='ltr'><strong>παρά</strong></span> 
     </span>
    </p>
   </div>
   <div class='ocr_carea' id='block_1_66' title="bbox 2299 1397 3905 1470">
    <p class='ocr_par' dir='ltr' id='par_1_66' title="bbox 2299 1397 3905 1470">
     <span class='ocr_line' id='line_1_66' title="bbox 2299 1397 3905 1470; baseline 0.002 -21"><span class='ocrx_word' id='word_1_460' title='bbox 2299 1397 2437 1466; x_wconf 81' lang='grc' dir='ltr'>Θεῷ,</span> <span class='ocrx_word' id='word_1_461' title='bbox 2458 1397 2552 1450; x_wconf 79' lang='grc' dir='ltr'><strong>καὶ</strong></span> <span class='ocrx_word' id='word_1_462' title='bbox 2571 1399 2627 1450; x_wconf 81' lang='grc' dir='ltr'>ἐν</span> <span class='ocrx_word' id='word_1_463' title='bbox 2653 1398 2955 1469; x_wconf 75' lang='grc' dir='ltr'>προρρήσει</span> <span class='ocrx_word' id='word_1_464' title='bbox 2975 1397 3304 1468; x_wconf 82' lang='grc' dir='ltr'><strong>τετιμῆσθαι</strong></span> <span class='ocrx_word' id='word_1_465' title='bbox 3331 1403 3639 1469; x_wconf 78' lang='grc' dir='ltr'>προφητικῇ</span> <span class='ocrx_word' id='word_1_466' title='bbox 3667 1399 3905 1470; x_wconf 77' lang='grc' dir='ltr'>βασιλέα</span> 
     </span>
    </p>
   </div>
   <div class='ocr_carea' id='block_1_67' title="bbox 2299 1487 3906 1559">
    <p class='ocr_par' dir='ltr' id='par_1_67' title="bbox 2299 1487 3906 1559">
     <span class='ocr_line' id='line_1_67' title="bbox 2299 1487 3906 1559; baseline 0.002 -20"><span class='ocrx_word' id='word_1_467' title='bbox 2299 1489 2390 1539; x_wconf 81' lang='grc' dir='ltr'>τὸν</span> <span class='ocrx_word' id='word_1_468' title='bbox 2440 1487 2851 1542; x_wconf 88' lang='grc' dir='ltr'>εὐσεϐέστατον.</span> <span class='ocrx_word' id='word_1_469' title='bbox 2907 1487 3182 1542; x_wconf 84' lang='grc' dir='ltr'>Πλείστων</span> <span class='ocrx_word' id='word_1_470' title='bbox 3241 1487 3351 1558; x_wconf 78' lang='grc' dir='ltr'><strong>γὰρ</strong></span> <span class='ocrx_word' id='word_1_471' title='bbox 3405 1489 3545 1542; x_wconf 81' lang='grc' dir='ltr'>ὅσων</span> <span class='ocrx_word' id='word_1_472' title='bbox 3597 1491 3906 1559; x_wconf 77' lang='grc' dir='ltr'>ἐποιήσατο</span> 
     </span>
    </p>
   </div>
   <div class='ocr_carea' id='block_1_68' title="bbox 2301 1577 3905 1652">
    <p class='ocr_par' dir='ltr' id='par_1_68' title="bbox 2301 1577 3905 1652">
     <span class='ocr_line' id='line_1_68' title="bbox 2301 1577 3905 1652; baseline 0.001 -20"><span class='ocrx_word' id='word_1_473' title='bbox 2301 1580 2523 1648; x_wconf 83' lang='grc' dir='ltr'><strong>μνήμην</strong></span> <span class='ocrx_word' id='word_1_474' title='bbox 2548 1581 2642 1632; x_wconf 79' lang='grc' dir='ltr'>καὶ</span> <span class='ocrx_word' id='word_1_475' title='bbox 2668 1577 3125 1652; x_wconf 81' lang='grc' dir='ltr'>προαναφώνησιν</span> <span class='ocrx_word' id='word_1_476' title='bbox 3149 1579 3288 1632; x_wconf 84' lang='grc' dir='ltr'>κατὰ</span> <span class='ocrx_word' id='word_1_477' title='bbox 3315 1580 3542 1652; x_wconf 78' lang='grc' dir='ltr'>καιροὺς</span> <span class='ocrx_word' id='word_1_478' title='bbox 3586 1581 3695 1633; x_wconf 85' lang='grc' dir='ltr'>τῶν</span> <span class='ocrx_word' id='word_1_479' title='bbox 3723 1581 3905 1648; x_wconf 74' lang='grc' dir='ltr'>ἁγίων</span> 
     </span>
    </p>
   </div>
   <div class='ocr_carea' id='block_1_69' title="bbox 2298 1669 3906 1741">
    <p class='ocr_par' dir='ltr' id='par_1_69' title="bbox 2298 1669 3906 1741">
     <span class='ocr_line' id='line_1_69' title="bbox 2298 1669 3906 1741; baseline 0.002 -21"><span class='ocrx_word' id='word_1_480' title='bbox 2298 1669 2590 1740; x_wconf 72' lang='grc' dir='ltr'>προφητῶν</span> <span class='ocrx_word' id='word_1_481' title='bbox 2636 1671 2663 1722; x_wconf 90' lang='lat'><strong>6</strong></span> <span class='ocrx_word' id='word_1_482' title='bbox 2699 1669 2888 1737; x_wconf 80' lang='grc' dir='ltr'>λόγος,</span> <span class='ocrx_word' id='word_1_483' title='bbox 2924 1669 3174 1741; x_wconf 84' lang='grc' dir='ltr'>καθάπερ</span> <span class='ocrx_word' id='word_1_484' title='bbox 3206 1670 3398 1740; x_wconf 83' lang='grc' dir='ltr'>ἀμέλει</span> <span class='ocrx_word' id='word_1_485' title='bbox 3434 1673 3528 1724; x_wconf 79' lang='grc' dir='ltr'>καὶ</span> <span class='ocrx_word' id='word_1_486' title='bbox 3563 1671 3774 1723; x_wconf 81' lang='grc' dir='ltr'>Ἰωσίου</span> <span class='ocrx_word' id='word_1_487' title='bbox 3809 1672 3906 1724; x_wconf 69' lang='lat' dir='ltr'><strong>xui.</strong></span> 
     </span>
    </p>
   </div>
   <div class='ocr_carea' id='block_1_70' title="bbox 2297 1759 3904 1832">
    <p class='ocr_par' dir='ltr' id='par_1_70' title="bbox 2297 1759 3904 1832">
     <span class='ocr_line' id='line_1_70' title="bbox 2297 1759 3904 1832; baseline 0.001 -20"><span class='ocrx_word' id='word_1_488' title='bbox 2297 1761 2502 1829; x_wconf 78' lang='grc' dir='ltr'>ἐτέρων</span> <span class='ocrx_word' id='word_1_489' title='bbox 2530 1761 2712 1814; x_wconf 80' lang='grc' dir='ltr'>τινῶν.</span> <span class='ocrx_word' id='word_1_490' title='bbox 2743 1759 2895 1812; x_wconf 81' lang='grc' dir='ltr'><strong>Ἐσο’</strong></span> <span class='ocrx_word' id='word_1_491' title='bbox 2927 1761 3015 1812; x_wconf 81' lang='grc' dir='ltr'>ὅτε</span> <span class='ocrx_word' id='word_1_492' title='bbox 3045 1761 3102 1813; x_wconf 76' lang='grc' dir='ltr'>δὲ</span> <span class='ocrx_word' id='word_1_493' title='bbox 3132 1760 3226 1813; x_wconf 75' lang='grc' dir='ltr'>καὶ</span> <span class='ocrx_word' id='word_1_494' title='bbox 3270 1762 3304 1832; x_wconf 84' lang='grc' dir='ltr'><strong>ή</strong></span> <span class='ocrx_word' id='word_1_495' title='bbox 3342 1760 3450 1814; x_wconf 84' lang='grc' dir='ltr'><strong>τῶν</strong></span> <span class='ocrx_word' id='word_1_496' title='bbox 3496 1761 3708 1832; x_wconf 86' lang='grc' dir='ltr'>καιρῶν</span> <span class='ocrx_word' id='word_1_497' title='bbox 3754 1764 3904 1831; x_wconf 74' lang='grc' dir='ltr'>ήμεο</span> 
     </span>
    </p>
   </div>
   <div class='ocr_carea' id='block_1_71' title="bbox 2291 1851 3908 1924">
    <p class='ocr_par' dir='ltr' id='par_1_71' title="bbox 2291 1851 3908 1924">
     <span class='ocr_line' id='line_1_71' title="bbox 2291 1851 3908 1924; baseline -0.001 -19"><span class='ocrx_word' id='word_1_498' title='bbox 2291 1853 2463 1923; x_wconf 71' lang='grc' dir='ltr'>,ρότης</span> <span class='ocrx_word' id='word_1_499' title='bbox 2516 1852 2607 1905; x_wconf 76' lang='grc' dir='ltr'>καὶ</span> <span class='ocrx_word' id='word_1_500' title='bbox 2645 1851 2894 1904; x_wconf 82' lang='grc' dir='ltr'>εὐσέϐεια</span> <span class='ocrx_word' id='word_1_501' title='bbox 2939 1851 3028 1904; x_wconf 85' lang='grc' dir='ltr'>διὰ</span> <span class='ocrx_word' id='word_1_502' title='bbox 3062 1852 3170 1906; x_wconf 85' lang='grc' dir='ltr'>τῶν</span> <span class='ocrx_word' id='word_1_503' title='bbox 3211 1853 3268 1905; x_wconf 84' lang='grc' dir='ltr'><strong>έν</strong></span> <span class='ocrx_word' id='word_1_504' title='bbox 3315 1853 3499 1915; x_wconf 83' lang='grc' dir='ltr'>αὐτοῖς</span> <span class='ocrx_word' id='word_1_505' title='bbox 3543 1852 3908 1924; x_wconf 71' lang='grc' dir='ltr'>κρατούντων</span> 
     </span>
    </p>
   </div>
   <div class='ocr_carea' id='block_1_72' title="bbox 2297 1944 3903 2017">
    <p class='ocr_par' dir='ltr' id='par_1_72' title="bbox 2297 1944 3903 2017">
     <span class='ocr_line' id='line_1_72' title="bbox 2297 1944 3903 2017; baseline 0.002 -22"><span class='ocrx_word' id='word_1_506' title='bbox 2297 1944 2642 2013; x_wconf 85' lang='grc' dir='ltr'>σημαίνεται.</span> <span class='ocrx_word' id='word_1_507' title='bbox 2687 1944 2852 1998; x_wconf 79' lang='grc' dir='ltr'>Οὐδὲν</span> <span class='ocrx_word' id='word_1_508' title='bbox 2895 1944 3005 2015; x_wconf 78' lang='grc' dir='ltr'>ἄρα</span> <span class='ocrx_word' id='word_1_509' title='bbox 3047 1945 3107 1997; x_wconf 85' lang='grc' dir='ltr'>τὸ</span> <span class='ocrx_word' id='word_1_510' title='bbox 3149 1945 3393 2010; x_wconf 77' lang='grc' dir='ltr'>ἀπεικὸς,</span> <span class='ocrx_word' id='word_1_511' title='bbox 3432 1946 3480 1997; x_wconf 88' lang='grc' dir='ltr'>εἰ</span> <span class='ocrx_word' id='word_1_512' title='bbox 3523 1945 3903 2017; x_wconf 72' lang='grc' dir='ltr'>διαμέμνηται</span> 
     </span>
    </p>
   </div>
   <div class='ocr_carea' id='block_1_73' title="bbox 2295 2034 3905 2106">
    <p class='ocr_par' dir='ltr' id='par_1_73' title="bbox 2295 2034 3905 2106">
     <span class='ocr_line' id='line_1_73' title="bbox 2295 2034 3905 2106; baseline 0.001 -19"><span class='ocrx_word' id='word_1_513' title='bbox 2295 2036 2388 2088; x_wconf 80' lang='grc' dir='ltr'>καὶ</span> <span class='ocrx_word' id='word_1_514' title='bbox 2422 2034 2516 2087; x_wconf 76' lang='grc' dir='ltr'>νῦν</span> <span class='ocrx_word' id='word_1_515' title='bbox 2553 2037 2581 2088; x_wconf 97' lang='lat'><strong>6</strong></span> <span class='ocrx_word' id='word_1_516' title='bbox 2615 2035 2902 2106; x_wconf 81' lang='grc' dir='ltr'>προφήτης</span> <span class='ocrx_word' id='word_1_517' title='bbox 2941 2036 3217 2106; x_wconf 77' lang='grc' dir='ltr'>Ζαχαρίας</span> <span class='ocrx_word' id='word_1_518' title='bbox 3243 2035 3673 2104; x_wconf 77' lang='grc' dir='ltr'>ἀξιολογωτάτου</span> <span class='ocrx_word' id='word_1_519' title='bbox 3707 2035 3905 2105; x_wconf 77' lang='grc' dir='ltr'>πράγ-</span> 
     </span>
    </p>
   </div>
   <div class='ocr_carea' id='block_1_74' title="bbox 2299 2122 3906 2194">
    <p class='ocr_par' dir='ltr' id='par_1_74' title="bbox 2299 2122 3906 2194">
     <span class='ocr_line' id='line_1_74' title="bbox 2299 2122 3906 2194; baseline -0.002 -17"><span class='ocrx_word' id='word_1_520' title='bbox 2299 2142 2487 2194; x_wconf 84' lang='grc' dir='ltr'>ματος,</span> <span class='ocrx_word' id='word_1_521' title='bbox 2544 2126 2637 2177; x_wconf 74' lang='grc' dir='ltr'>καὶ</span> <span class='ocrx_word' id='word_1_522' title='bbox 2669 2123 2952 2192; x_wconf 78' lang='grc' dir='ltr'>θεοφιλοῦς</span> <span class='ocrx_word' id='word_1_523' title='bbox 2987 2123 3280 2193; x_wconf 78' lang='grc' dir='ltr'>βασιλέως,</span> <span class='ocrx_word' id='word_1_524' title='bbox 3315 2123 3550 2193; x_wconf 73' lang='grc' dir='ltr'>ἀληθοῦς</span> <span class='ocrx_word' id='word_1_525' title='bbox 3584 2140 3642 2174; x_wconf 83' lang='grc' dir='ltr'><strong>τε</strong></span> <span class='ocrx_word' id='word_1_526' title='bbox 3673 2123 3777 2174; x_wconf 75' lang='grc' dir='ltr'>καὶ</span> <span class='ocrx_word' id='word_1_527' title='bbox 3809 2122 3906 2173; x_wconf 77' lang='grc' dir='ltr'>εὐο</span> 
     </span>
    </p>
   </div>
   <div class='ocr_carea' id='block_1_75' title="bbox 2296 2213 3904 2288">
    <p class='ocr_par' dir='ltr' id='par_1_75' title="bbox 2296 2213 3904 2288">
     <span class='ocr_line' id='line_1_75' title="bbox 2296 2213 3904 2288; baseline -0.004 -18"><span class='ocrx_word' id='word_1_528' title='bbox 2296 2217 2522 2284; x_wconf 82' lang='grc' dir='ltr'>σεϐοὐς,</span> <span class='ocrx_word' id='word_1_529' title='bbox 2573 2218 2670 2270; x_wconf 74' lang='grc' dir='ltr'><strong>καὶ</strong></span> <span class='ocrx_word' id='word_1_530' title='bbox 2717 2234 2926 2288; x_wconf 36' lang='grc' dir='ltr'>και-ρων</span> <span class='ocrx_word' id='word_1_531' title='bbox 2973 2215 3352 2285; x_wconf 82' lang='grc' dir='ltr'>ἀνακειμένων</span> <span class='ocrx_word' id='word_1_532' title='bbox 3407 2219 3472 2286; x_wconf 81' lang='grc' dir='ltr'><strong>τῇ</strong></span> <span class='ocrx_word' id='word_1_533' title='bbox 3528 2218 3607 2279; x_wconf 83' lang='grc' dir='ltr'>εἰς</span> <span class='ocrx_word' id='word_1_534' title='bbox 3653 2213 3904 2286; x_wconf 78' lang='grc' dir='ltr'>Χριστὸν</span> 
     </span>
    </p>
   </div>
   <div class='ocr_carea' id='block_1_76' title="bbox 2295 2307 3904 2379">
    <p class='ocr_par' dir='ltr' id='par_1_76' title="bbox 2295 2307 3904 2379">
     <span class='ocr_line' id='line_1_76' title="bbox 2295 2307 3904 2379; baseline -0.002 -17"><span class='ocrx_word' id='word_1_535' title='bbox 2295 2309 2503 2378; x_wconf 81' lang='grc' dir='ltr'><strong>ἀγάπῃ.</strong></span> <span class='ocrx_word' id='word_1_536' title='bbox 2535 2308 2608 2360; x_wconf 86' lang='grc' dir='ltr'>Τὸ</span> <span class='ocrx_word' id='word_1_537' title='bbox 2640 2307 2749 2378; x_wconf 81' lang='grc' dir='ltr'><strong>γὰρ</strong></span> <span class='ocrx_word' id='word_1_538' title='bbox 2796 2308 2860 2379; x_wconf 76' lang='grc' dir='ltr'>δὴ</span> <span class='ocrx_word' id='word_1_539' title='bbox 2908 2307 3002 2360; x_wconf 71' lang='grc' dir='ltr'>καὶ</span> <span class='ocrx_word' id='word_1_540' title='bbox 3040 2307 3304 2378; x_wconf 85' lang='grc' dir='ltr'>βασιλέων</span> <span class='ocrx_word' id='word_1_541' title='bbox 3355 2307 3542 2371; x_wconf 80' lang='grc' dir='ltr'>ἵπποις</span> <span class='ocrx_word' id='word_1_542' title='bbox 3582 2307 3904 2377; x_wconf 78' lang='grc' dir='ltr'>ἐμπρέπειν</span> 
     </span>
    </p>
   </div>
   <div class='ocr_carea' id='block_1_77' title="bbox 2293 2397 3906 2474">
    <p class='ocr_par' dir='ltr' id='par_1_77' title="bbox 2293 2397 3906 2474">
     <span class='ocr_line' id='line_1_77' title="bbox 2293 2397 3906 2474; baseline -0.003 -19"><span class='ocrx_word' id='word_1_543' title='bbox 2293 2403 2383 2456; x_wconf 78' lang='grc' dir='ltr'><strong>τὸν</strong></span> <span class='ocrx_word' id='word_1_544' title='bbox 2412 2397 2540 2474; x_wconf 76' lang='grc' dir='ltr'>ἧλον</span> <span class='ocrx_word' id='word_1_545' title='bbox 2581 2402 2691 2455; x_wconf 75' lang='grc' dir='ltr'><strong>ἀπὸ</strong></span> <span class='ocrx_word' id='word_1_546' title='bbox 2722 2401 2816 2455; x_wconf 80' lang='grc' dir='ltr'>τοῦ</span> <span class='ocrx_word' id='word_1_547' title='bbox 2866 2401 3048 2472; x_wconf 81' lang='grc' dir='ltr'>τιμίου</span> <span class='ocrx_word' id='word_1_548' title='bbox 3092 2399 3365 2470; x_wconf 76' lang='grc' dir='ltr'>ληφθέντα</span> <span class='ocrx_word' id='word_1_549' title='bbox 3394 2399 3656 2469; x_wconf 76' lang='grc' dir='ltr'>σταυροῦ,</span> <span class='ocrx_word' id='word_1_550' title='bbox 3685 2399 3747 2451; x_wconf 83' lang='grc' dir='ltr'><strong>τί</strong></span> <span class='ocrx_word' id='word_1_551' title='bbox 3782 2399 3906 2450; x_wconf 81' lang='grc' dir='ltr'>ἓτε-</span> 
     </span>
    </p>
   </div>
   <div class='ocr_carea' id='block_1_78' title="bbox 2297 2489 3903 2566">
    <p class='ocr_par' dir='ltr' id='par_1_78' title="bbox 2297 2489 3903 2566">
     <span class='ocr_line' id='line_1_78' title="bbox 2297 2489 3903 2566; baseline -0.004 -19"><span class='ocrx_word' id='word_1_552' title='bbox 2297 2511 2387 2566; x_wconf 91' lang='grc' dir='ltr'><strong>ρον</strong></span> <span class='ocrx_word' id='word_1_553' title='bbox 2416 2496 2550 2565; x_wconf 80' lang='grc' dir='ltr'>ήμῖν</span> <span class='ocrx_word' id='word_1_554' title='bbox 2590 2494 2962 2563; x_wconf 81' lang='grc' dir='ltr'>ὐπεμφήνειεν</span> <span class='ocrx_word' id='word_1_555' title='bbox 2994 2492 3082 2556; x_wconf 85' lang='grc' dir='ltr'>ἂν,</span> <span class='ocrx_word' id='word_1_556' title='bbox 3113 2491 3144 2561; x_wconf 79' lang='grc' dir='ltr'>ἢ</span> <span class='ocrx_word' id='word_1_557' title='bbox 3191 2490 3446 2556; x_wconf 79' lang='grc' dir='ltr'>πλείστην</span> <span class='ocrx_word' id='word_1_558' title='bbox 3476 2491 3606 2559; x_wconf 87' lang='grc' dir='ltr'>ὃσην</span> <span class='ocrx_word' id='word_1_559' title='bbox 3640 2491 3737 2542; x_wconf 72' lang='grc' dir='ltr'><strong>καὶ</strong></span> <span class='ocrx_word' id='word_1_560' title='bbox 3783 2489 3903 2554; x_wconf 76' lang='grc' dir='ltr'>ἀξι-</span> 
     </span>
    </p>
   </div>
   <div class='ocr_carea' id='block_1_79' title="bbox 2294 2581 3632 2654">
    <p class='ocr_par' dir='ltr' id='par_1_79' title="bbox 2294 2581 3632 2654">
     <span class='ocr_line' id='line_1_79' title="bbox 2294 2581 3632 2654; baseline -0.004 -16"><span class='ocrx_word' id='word_1_561' title='bbox 2294 2587 2529 2654; x_wconf 86' lang='grc' dir='ltr'>άγαστον</span> <span class='ocrx_word' id='word_1_562' title='bbox 2559 2584 2774 2654; x_wconf 81' lang='grc' dir='ltr'>ἀληθῶς</span> <span class='ocrx_word' id='word_1_563' title='bbox 2799 2583 2906 2636; x_wconf 85' lang='grc' dir='ltr'><strong>τῶν</strong></span> <span class='ocrx_word' id='word_1_564' title='bbox 2937 2582 3280 2653; x_wconf 85' lang='grc' dir='ltr'>κρατούντων</span> <span class='ocrx_word' id='word_1_565' title='bbox 3311 2581 3632 2644; x_wconf 81' lang='grc' dir='ltr'>εὐσέϐειαν;</span> 
     </span>
    </p>
   </div>
   <div class='ocr_carea' id='block_1_80' title="bbox 2366 2668 3904 2739">
    <p class='ocr_par' dir='ltr' id='par_1_80' title="bbox 2366 2668 3904 2739">
     <span class='ocr_line' id='line_1_80' title="bbox 2366 2668 3904 2739; baseline -0.005 -10"><span class='ocrx_word' id='word_1_566' title='bbox 2366 2675 2478 2730; x_wconf 81' lang='grc' dir='ltr'><strong>Καὶ</strong></span> <span class='ocrx_word' id='word_1_567' title='bbox 2505 2674 2749 2729; x_wconf 75' lang='grc' dir='ltr'>ἔσονται</span> <span class='ocrx_word' id='word_1_568' title='bbox 2793 2676 2846 2727; x_wconf 86' lang='grc' dir='ltr'>οἱ</span> <span class='ocrx_word' id='word_1_569' title='bbox 2881 2672 3132 2739; x_wconf 76' lang='grc' dir='ltr'>λέϐητες</span> <span class='ocrx_word' id='word_1_570' title='bbox 3158 2675 3210 2725; x_wconf 87' lang='lat' dir='ltr'><strong>ol</strong></span> <span class='ocrx_word' id='word_1_571' title='bbox 3243 2671 3310 2724; x_wconf 78' lang='grc' dir='ltr'><strong>ἐν</strong></span> <span class='ocrx_word' id='word_1_572' title='bbox 3343 2669 3420 2736; x_wconf 86' lang='grc' dir='ltr'>τῷ</span> <span class='ocrx_word' id='word_1_573' title='bbox 3449 2671 3589 2733; x_wconf 79' lang='grc' dir='ltr'>οἴκῳ</span> <span class='ocrx_word' id='word_1_574' title='bbox 3621 2668 3727 2722; x_wconf 82' lang='grc' dir='ltr'>τοῦ</span> <span class='ocrx_word' id='word_1_575' title='bbox 3781 2673 3904 2722; x_wconf 69' lang='grc' dir='ltr'><strong>Κιν-</strong></span> 
     </span>
    </p>
   </div>
   <div class='ocr_carea' id='block_1_81' title="bbox 2287 2762 3902 2835">
    <p class='ocr_par' dir='ltr' id='par_1_81' title="bbox 2287 2762 3902 2835">
     <span class='ocr_line' id='line_1_81' title="bbox 2287 2762 3902 2835; baseline -0.004 -15"><span class='ocrx_word' id='word_1_576' title='bbox 2287 2769 2427 2835; x_wconf 76' lang='grc' dir='ltr'>ρίου</span> <span class='ocrx_word' id='word_1_577' title='bbox 2470 2767 2553 2833; x_wconf 86' lang='grc' dir='ltr'>ὡς</span> <span class='ocrx_word' id='word_1_578' title='bbox 2598 2765 2808 2835; x_wconf 72' lang='grc' dir='ltr'>φιάλαι</span> <span class='ocrx_word' id='word_1_579' title='bbox 2863 2763 2975 2832; x_wconf 81' lang='grc' dir='ltr'>πρὸ</span> <span class='ocrx_word' id='word_1_580' title='bbox 3027 2762 3351 2832; x_wconf 83' lang='grc' dir='ltr'>προσώπου</span> <span class='ocrx_word' id='word_1_581' title='bbox 3403 2763 3509 2816; x_wconf 84' lang='grc' dir='ltr'>τοῦ</span> <span class='ocrx_word' id='word_1_582' title='bbox 3556 2765 3902 2829; x_wconf 75' lang='grc' dir='ltr'>θυσιαστη-</span> 
     </span>
    </p>
   </div>
   <div class='ocr_carea' id='block_1_82' title="bbox 2289 2861 2446 2927">
    <p class='ocr_par' dir='ltr' id='par_1_82' title="bbox 2289 2861 2446 2927">
     <span class='ocr_line' id='line_1_82' title="bbox 2289 2861 2446 2927; baseline -0.006 -15"><span class='ocrx_word' id='word_1_583' title='bbox 2289 2861 2446 2927; x_wconf 81' lang='grc' dir='ltr'>ρίου.</span> 
     </span>
    </p>
   </div>
   <div class='ocr_carea' id='block_1_83' title="bbox 2365 2945 3907 3021">
    <p class='ocr_par' dir='ltr' id='par_1_83' title="bbox 2365 2945 3907 3021">
     <span class='ocr_line' id='line_1_83' title="bbox 2365 2945 3907 3021; baseline -0.004 -17"><span class='ocrx_word' id='word_1_584' title='bbox 2365 2951 2512 3006; x_wconf 85' lang='grc' dir='ltr'><strong>Ρ1Ε’.</strong></span> <span class='ocrx_word' id='word_1_585' title='bbox 2555 2950 2796 3020; x_wconf 84' lang='grc' dir='ltr'>Λέϐητες</span> <span class='ocrx_word' id='word_1_586' title='bbox 2828 2945 2968 3021; x_wconf 75' lang='grc' dir='ltr'>ἦσαν</span> <span class='ocrx_word' id='word_1_587' title='bbox 3001 2951 3058 3002; x_wconf 79' lang='grc' dir='ltr'>ἐν</span> <span class='ocrx_word' id='word_1_588' title='bbox 3093 2952 3158 3021; x_wconf 85' lang='grc' dir='ltr'><strong>τῇ</strong></span> <span class='ocrx_word' id='word_1_589' title='bbox 3192 2949 3322 3020; x_wconf 78' lang='grc' dir='ltr'>ἁγίᾳ</span> <span class='ocrx_word' id='word_1_590' title='bbox 3363 2951 3534 3019; x_wconf 80' lang='grc' dir='ltr'>σκηνῇ</span> <span class='ocrx_word' id='word_1_591' title='bbox 3577 2948 3668 3001; x_wconf 68' lang='grc' dir='ltr'>καὶ</span> <span class='ocrx_word' id='word_1_592' title='bbox 3704 2950 3775 3000; x_wconf 78' lang='grc' dir='ltr'>ὲν</span> <span class='ocrx_word' id='word_1_593' title='bbox 3827 2947 3907 3017; x_wconf 64' lang='grc' dir='ltr'>τῷ</span> 
     </span>
    </p>
   </div>
   <div class='ocr_carea' id='block_1_84' title="bbox 2297 3035 3904 3115">
    <p class='ocr_par' dir='ltr' id='par_1_84' title="bbox 2297 3035 3904 3115">
     <span class='ocr_line' id='line_1_84' title="bbox 2297 3035 3904 3115; baseline -0.006 -17"><span class='ocrx_word' id='word_1_594' title='bbox 2297 3045 2437 3115; x_wconf 84' lang='grc' dir='ltr'><strong>μετά</strong></span> <span class='ocrx_word' id='word_1_595' title='bbox 2475 3044 2646 3097; x_wconf 82' lang='grc' dir='ltr'>ταῦτα</span> <span class='ocrx_word' id='word_1_596' title='bbox 2695 3042 3189 3112; x_wconf 77' lang='grc' dir='ltr'>κατεσκευασμένῳ</span> <span class='ocrx_word' id='word_1_597' title='bbox 3241 3041 3376 3111; x_wconf 83' lang='grc' dir='ltr'>ναῷ,</span> <span class='ocrx_word' id='word_1_598' title='bbox 3432 3043 3491 3094; x_wconf 84' lang='grc' dir='ltr'><strong>έν</strong></span> <span class='ocrx_word' id='word_1_599' title='bbox 3534 3035 3614 3104; x_wconf 73' lang='grc' dir='ltr'>οἷς</span> <span class='ocrx_word' id='word_1_600' title='bbox 3659 3041 3733 3094; x_wconf 71' lang='grc' dir='ltr'><strong>τὰ</strong></span> <span class='ocrx_word' id='word_1_601' title='bbox 3788 3039 3904 3091; x_wconf 80' lang='grc' dir='ltr'>τῶν</span> 
     </span>
    </p>
   </div>
   <div class='ocr_carea' id='block_1_85' title="bbox 2293 3131 3906 3206">
    <p class='ocr_par' dir='ltr' id='par_1_85' title="bbox 2293 3131 3906 3206">
     <span class='ocr_line' id='line_1_85' title="bbox 2293 3131 3906 3206; baseline -0.005 -16"><span class='ocrx_word' id='word_1_602' title='bbox 2293 3135 2488 3190; x_wconf 85' lang='grc' dir='ltr'>θυσιῶν</span> <span class='ocrx_word' id='word_1_603' title='bbox 2519 3135 2690 3206; x_wconf 69' lang='grc' dir='ltr'>ἥψετο</span> <span class='ocrx_word' id='word_1_604' title='bbox 2711 3135 2871 3206; x_wconf 86' lang='grc' dir='ltr'>κρέα,</span> <span class='ocrx_word' id='word_1_605' title='bbox 2901 3133 3264 3187; x_wconf 83' lang='grc' dir='ltr'>δαπανώντων</span> <span class='ocrx_word' id='word_1_606' title='bbox 3293 3133 3433 3185; x_wconf 86' lang='grc' dir='ltr'><strong>αὐτά</strong></span> <span class='ocrx_word' id='word_1_607' title='bbox 3467 3131 3574 3184; x_wconf 80' lang='grc' dir='ltr'><strong>τῶν</strong></span> <span class='ocrx_word' id='word_1_608' title='bbox 3603 3131 3816 3202; x_wconf 80' lang='grc' dir='ltr'>ἱερέων</span> <span class='ocrx_word' id='word_1_609' title='bbox 3847 3133 3906 3183; x_wconf 78' lang='grc' dir='ltr'>ἐν</span> 
     </span>
    </p>
   </div>
   <div class='ocr_carea' id='block_1_86' title="bbox 2301 3221 3904 3298">
    <p class='ocr_par' dir='ltr' id='par_1_86' title="bbox 2301 3221 3904 3298">
     <span class='ocr_line' id='line_1_86' title="bbox 2301 3221 3904 3298; baseline -0.004 -19"><span class='ocrx_word' id='word_1_610' title='bbox 2301 3226 2452 3298; x_wconf 82' lang='grc' dir='ltr'>τόπῳ</span> <span class='ocrx_word' id='word_1_611' title='bbox 2479 3225 2638 3295; x_wconf 80' lang='grc' dir='ltr'>ἁγίῳ,</span> <span class='ocrx_word' id='word_1_612' title='bbox 2669 3225 2762 3278; x_wconf 72' lang='grc' dir='ltr'><strong>καὶ</strong></span> <span class='ocrx_word' id='word_1_613' title='bbox 2790 3222 2945 3276; x_wconf 77' lang='grc' dir='ltr'>τοῦτο</span> <span class='ocrx_word' id='word_1_614' title='bbox 2977 3223 3068 3276; x_wconf 77' lang='grc' dir='ltr'>τοῦ</span> <span class='ocrx_word' id='word_1_615' title='bbox 3095 3223 3260 3293; x_wconf 88' lang='grc' dir='ltr'>νόμου</span> <span class='ocrx_word' id='word_1_616' title='bbox 3284 3221 3553 3274; x_wconf 83' lang='grc' dir='ltr'>τελεῖσθαι</span> <span class='ocrx_word' id='word_1_617' title='bbox 3576 3236 3904 3290; x_wconf 83' lang='grc' dir='ltr'>προστετα-</span> 
     </span>
    </p>
   </div>
   <div class='ocr_carea' id='block_1_87' title="bbox 2303 3312 3906 3389">
    <p class='ocr_par' dir='ltr' id='par_1_87' title="bbox 2303 3312 3906 3389">
     <span class='ocr_line' id='line_1_87' title="bbox 2303 3312 3906 3389; baseline -0.004 -18"><span class='ocrx_word' id='word_1_618' title='bbox 2303 3319 2479 3389; x_wconf 83' lang='grc' dir='ltr'>χότος,</span> <span class='ocrx_word' id='word_1_619' title='bbox 2507 3318 2582 3382; x_wconf 83' lang='grc' dir='ltr'><strong>ὡς</strong></span> <span class='ocrx_word' id='word_1_620' title='bbox 2621 3317 2688 3370; x_wconf 83' lang='grc' dir='ltr'>ἂν</span> <span class='ocrx_word' id='word_1_621' title='bbox 2738 3316 2812 3388; x_wconf 75' lang='grc' dir='ltr'>μὴ</span> <span class='ocrx_word' id='word_1_622' title='bbox 2859 3315 2963 3381; x_wconf 76' lang='grc' dir='ltr'><strong>ἔξω</strong></span> <span class='ocrx_word' id='word_1_623' title='bbox 2999 3335 3100 3370; x_wconf 88' lang='grc' dir='ltr'><strong>που</strong></span> <span class='ocrx_word' id='word_1_624' title='bbox 3147 3316 3254 3369; x_wconf 79' lang='grc' dir='ltr'>τῶν</span> <span class='ocrx_word' id='word_1_625' title='bbox 3303 3314 3463 3388; x_wconf 76' lang='grc' dir='ltr'>ἱερῶν</span> <span class='ocrx_word' id='word_1_626' title='bbox 3507 3312 3906 3383; x_wconf 74' lang='grc' dir='ltr'>ὲκκομίζοιντο</span> 
     </span>
    </p>
   </div>
   <div class='ocr_carea' id='block_1_88' title="bbox 2300 3402 3904 3481">
    <p class='ocr_par' dir='ltr' id='par_1_88' title="bbox 2300 3402 3904 3481">
     <span class='ocr_line' id='line_1_88' title="bbox 2300 3402 3904 3481; baseline -0.006 -19"><span class='ocrx_word' id='word_1_627' title='bbox 2300 3409 2492 3481; x_wconf 84' lang='grc' dir='ltr'>χώρων</span> <span class='ocrx_word' id='word_1_628' title='bbox 2519 3409 2588 3462; x_wconf 87' lang='grc' dir='ltr'><strong>τά</strong></span> <span class='ocrx_word' id='word_1_629' title='bbox 2618 3407 2951 3479; x_wconf 85' lang='grc' dir='ltr'>ήγιασμένα.</span> <span class='ocrx_word' id='word_1_630' title='bbox 2992 3407 3210 3477; x_wconf 80' lang='grc' dir='ltr'>Ἐπειδὴ</span> <span class='ocrx_word' id='word_1_631' title='bbox 3241 3405 3297 3459; x_wconf 84' lang='grc' dir='ltr'>δὲ</span> <span class='ocrx_word' id='word_1_632' title='bbox 3324 3404 3432 3458; x_wconf 84' lang='grc' dir='ltr'><strong>τῶν</strong></span> <span class='ocrx_word' id='word_1_633' title='bbox 3464 3403 3701 3475; x_wconf 82' lang='grc' dir='ltr'>ἀρχαίων</span> <span class='ocrx_word' id='word_1_634' title='bbox 3740 3402 3904 3455; x_wconf 80' lang='grc' dir='ltr'>ἐκεί-</span> 
     </span>
    </p>
   </div>
   <div class='ocr_carea' id='block_1_89' title="bbox 2299 3495 3905 3571">
    <p class='ocr_par' dir='ltr' id='par_1_89' title="bbox 2299 3495 3905 3571">
     <span class='ocr_line' id='line_1_89' title="bbox 2299 3495 3905 3571; baseline -0.006 -16"><span class='ocrx_word' id='word_1_635' title='bbox 2299 3521 2404 3556; x_wconf 88' lang='grc' dir='ltr'><strong>νων</strong></span> <span class='ocrx_word' id='word_1_636' title='bbox 2430 3501 2565 3555; x_wconf 82' lang='grc' dir='ltr'><strong>ὲθῶν</strong></span> <span class='ocrx_word' id='word_1_637' title='bbox 2594 3501 3090 3571; x_wconf 84' lang='grc' dir='ltr'>ἀποπεπαυμένων,</span> <span class='ocrx_word' id='word_1_638' title='bbox 3122 3501 3200 3564; x_wconf 88' lang='grc' dir='ltr'><strong>εἰς</strong></span> <span class='ocrx_word' id='word_1_639' title='bbox 3237 3499 3421 3570; x_wconf 71' lang='grc' dir='ltr'>ἕτερον</span> <span class='ocrx_word' id='word_1_640' title='bbox 3465 3499 3594 3569; x_wconf 81' lang='grc' dir='ltr'>ἡμῖν</span> <span class='ocrx_word' id='word_1_641' title='bbox 3619 3495 3905 3566; x_wconf 83' lang='grc' dir='ltr'>λατρείας</span> 
     </span>
    </p>
   </div>
   <div class='ocr_carea' id='block_1_90' title="bbox 2297 3584 3905 3663">
    <p class='ocr_par' dir='ltr' id='par_1_90' title="bbox 2297 3584 3905 3663">
     <span class='ocr_line' id='line_1_90' title="bbox 2297 3584 3905 3663; baseline -0.005 -19"><span class='ocrx_word' id='word_1_642' title='bbox 2297 3591 2500 3663; x_wconf 84' lang='grc' dir='ltr'>τρόπον</span> <span class='ocrx_word' id='word_1_643' title='bbox 2531 3589 2957 3662; x_wconf 74' lang='grc' dir='ltr'>μετακεχὼρηκε</span> <span class='ocrx_word' id='word_1_644' title='bbox 3009 3589 3076 3642; x_wconf 83' lang='grc' dir='ltr'><strong>τά</strong></span> <span class='ocrx_word' id='word_1_645' title='bbox 3111 3588 3409 3660; x_wconf 77' lang='grc' dir='ltr'>μυστήρια,</span> <span class='ocrx_word' id='word_1_646' title='bbox 3460 3587 3554 3640; x_wconf 72' lang='grc' dir='ltr'>καὶ</span> <span class='ocrx_word' id='word_1_647' title='bbox 3595 3584 3905 3656; x_wconf 70' lang='grc' dir='ltr'>μηλοσφα-</span> 
     </span>
    </p>
   </div>
   <div class='ocr_carea' id='block_1_91' title="bbox 2298 3675 3904 3755">
    <p class='ocr_par' dir='ltr' id='par_1_91' title="bbox 2298 3675 3904 3755">
     <span class='ocr_line' id='line_1_91' title="bbox 2298 3675 3904 3755; baseline -0.006 -17"><span class='ocrx_word' id='word_1_648' title='bbox 2298 3684 2444 3752; x_wconf 81' lang='grc' dir='ltr'>γίαις</span> <span class='ocrx_word' id='word_1_649' title='bbox 2482 3684 2579 3755; x_wconf 83' lang='grc' dir='ltr'>μὲν</span> <span class='ocrx_word' id='word_1_650' title='bbox 2621 3684 2804 3736; x_wconf 87' lang='grc' dir='ltr'>οὐκέτι</span> <span class='ocrx_word' id='word_1_651' title='bbox 2844 3685 2940 3737; x_wconf 63' lang='grc' dir='ltr'><strong>καὶ⁸</strong></span> <span class='ocrx_word' id='word_1_652' title='bbox 2975 3683 3313 3744; x_wconf 82' lang='grc' dir='ltr'>λιϐανωτοῖς,</span> <span class='ocrx_word' id='word_1_653' title='bbox 3348 3678 3556 3740; x_wconf 81' lang='grc' dir='ltr'>θυσίαις</span> <span class='ocrx_word' id='word_1_654' title='bbox 3583 3677 3636 3730; x_wconf 83' lang='grc' dir='ltr'>δὲ</span> <span class='ocrx_word' id='word_1_655' title='bbox 3675 3675 3904 3746; x_wconf 78' lang='grc' dir='ltr'>μᾶλλον</span> 
     </span>
    </p>
   </div>
   <div class='ocr_carea' id='block_1_92' title="bbox 2294 3766 3902 3846">
    <p class='ocr_par' dir='ltr' id='par_1_92' title="bbox 2294 3766 3902 3846">
     <span class='ocr_line' id='line_1_92' title="bbox 2294 3766 3902 3846; baseline -0.007 -18"><span class='ocrx_word' id='word_1_656' title='bbox 2294 3777 2415 3838; x_wconf 82' lang='grc' dir='ltr'>ταῖς</span> <span class='ocrx_word' id='word_1_657' title='bbox 2437 3774 2794 3846; x_wconf 82' lang='grc' dir='ltr'>ἀναιμάκτοις</span> <span class='ocrx_word' id='word_1_658' title='bbox 2814 3773 2903 3827; x_wconf 81' lang='grc' dir='ltr'>τὸν</span> <span class='ocrx_word' id='word_1_659' title='bbox 2927 3774 3035 3827; x_wconf 83' lang='grc' dir='ltr'><strong>τῶν</strong></span> <span class='ocrx_word' id='word_1_660' title='bbox 3050 3773 3186 3827; x_wconf 83' lang='grc' dir='ltr'>ὅλων</span> <span class='ocrx_word' id='word_1_661' title='bbox 3216 3769 3636 3840; x_wconf 84' lang='grc' dir='ltr'>καταγεραίρειν</span> <span class='ocrx_word' id='word_1_662' title='bbox 3654 3766 3810 3820; x_wconf 79' lang='grc' dir='ltr'>Θεὸν</span> <span class='ocrx_word' id='word_1_663' title='bbox 3825 3766 3902 3840; x_wconf 75' lang='grc' dir='ltr'><strong>[ὅ]</strong></span> 
     </span>
    </p>
   </div>
   <div class='ocr_carea' id='block_1_93' title="bbox 2295 3858 3904 3936">
    <p class='ocr_par' dir='ltr' id='par_1_93' title="bbox 2295 3858 3904 3936">
     <span class='ocr_line' id='line_1_93' title="bbox 2295 3858 3904 3936; baseline -0.007 -16"><span class='ocrx_word' id='word_1_664' title='bbox 2295 3868 2386 3921; x_wconf 84' lang='grc' dir='ltr'>διὰ</span> <span class='ocrx_word' id='word_1_665' title='bbox 2411 3867 2648 3930; x_wconf 86' lang='grc' dir='ltr'>πίστεως</span> <span class='ocrx_word' id='word_1_666' title='bbox 2677 3864 3038 3936; x_wconf 80' lang='grc' dir='ltr'>δεδιδάγμεθα</span> <span class='ocrx_word' id='word_1_667' title='bbox 3064 3906 3080 3931; x_wconf 93' lang='grc'><strong>,</strong></span> <span class='ocrx_word' id='word_1_668' title='bbox 3115 3863 3209 3917; x_wconf 73' lang='grc' dir='ltr'>καὶ</span> <span class='ocrx_word' id='word_1_669' title='bbox 3234 3861 3397 3916; x_wconf 82' lang='grc' dir='ltr'>αὐτὸν</span> <span class='ocrx_word' id='word_1_670' title='bbox 3431 3858 3628 3930; x_wconf 82' lang='grc' dir='ltr'>νοητῶς</span> <span class='ocrx_word' id='word_1_671' title='bbox 3663 3861 3904 3928; x_wconf 76' lang='grc' dir='ltr'>ἱερουρο</span> 
     </span>
    </p>
   </div>
   <div class='ocr_carea' id='block_1_94' title="bbox 2295 3955 3898 4030">
    <p class='ocr_par' dir='ltr' id='par_1_94' title="bbox 2295 3955 3898 4030">
     <span class='ocr_line' id='line_1_94' title="bbox 2295 3955 3898 4030; baseline -0.005 -17"><span class='ocrx_word' id='word_1_672' title='bbox 2295 3959 2390 4030; x_wconf 80' lang='grc' dir='ltr'><strong>γού</strong></span> <span class='ocrx_word' id='word_1_673' title='bbox 2400 3977 2516 4024; x_wconf 84' lang='grc' dir='ltr'>ντες</span> <span class='ocrx_word' id='word_1_674' title='bbox 2543 3962 2599 4012; x_wconf 86' lang='grc' dir='ltr'><strong>έν</strong></span> <span class='ocrx_word' id='word_1_675' title='bbox 2618 3959 2967 4028; x_wconf 84' lang='grc' dir='ltr'>Ἑκκλησίαις</span> <span class='ocrx_word' id='word_1_676' title='bbox 2989 3959 3081 4013; x_wconf 82' lang='grc' dir='ltr'>τὸν</span> <span class='ocrx_word' id='word_1_677' title='bbox 3103 3956 3211 4011; x_wconf 82' lang='grc' dir='ltr'><strong>τῶν</strong></span> <span class='ocrx_word' id='word_1_678' title='bbox 3232 3955 3367 4009; x_wconf 84' lang='grc' dir='ltr'>ὅλων</span> <span class='ocrx_word' id='word_1_679' title='bbox 3385 3955 3898 4026; x_wconf 81' lang='grc' dir='ltr'>ΣωτῆραΧριστόν·</span> 
     </span>
    </p>
   </div>
   <div class='ocr_carea' id='block_1_95' title="bbox 2293 4043 3900 4120">
    <p class='ocr_par' dir='ltr' id='par_1_95' title="bbox 2293 4043 3900 4120">
     <span class='ocr_line' id='line_1_95' title="bbox 2293 4043 3900 4120; baseline -0.005 -16"><span class='ocrx_word' id='word_1_680' title='bbox 2293 4051 2417 4105; x_wconf 72' lang='grc' dir='ltr'>ἀντὶ</span> <span class='ocrx_word' id='word_1_681' title='bbox 2440 4050 2548 4104; x_wconf 86' lang='grc' dir='ltr'><strong>τῶν</strong></span> <span class='ocrx_word' id='word_1_682' title='bbox 2569 4049 2814 4120; x_wconf 88' lang='grc' dir='ltr'>λεϐήτων</span> <span class='ocrx_word' id='word_1_683' title='bbox 2835 4049 3043 4120; x_wconf 81' lang='grc' dir='ltr'>ἑτέροις</span> <span class='ocrx_word' id='word_1_684' title='bbox 3070 4045 3386 4119; x_wconf 86' lang='grc' dir='ltr'>κεχρήμεθα</span> <span class='ocrx_word' id='word_1_685' title='bbox 3409 4043 3655 4097; x_wconf 89' lang='grc' dir='ltr'>σκεύεσιν</span> <span class='ocrx_word' id='word_1_686' title='bbox 3683 4044 3900 4112; x_wconf 74' lang='grc' dir='ltr'>ἱεροῖς,</span> 
     </span>
    </p>
   </div>
   <div class='ocr_carea' id='block_1_96' title="bbox 2293 4131 3902 4214">
    <p class='ocr_par' dir='ltr' id='par_1_96' title="bbox 2293 4131 3902 4214">
     <span class='ocr_line' id='line_1_96' title="bbox 2293 4131 3902 4214; baseline -0.008 -17"><span class='ocrx_word' id='word_1_687' title='bbox 2293 4142 2328 4196; x_wconf 81' lang='grc' dir='ltr'><strong>δι</strong></span> <span class='ocrx_word' id='word_1_688' title='bbox 2353 4142 2417 4214; x_wconf 85' lang='grc' dir='ltr'>δὴ</span> <span class='ocrx_word' id='word_1_689' title='bbox 2450 4142 2545 4196; x_wconf 79' lang='grc' dir='ltr'>καὶ</span> <span class='ocrx_word' id='word_1_690' title='bbox 2571 4141 2766 4210; x_wconf 84' lang='grc' dir='ltr'>φιάλας</span> <span class='ocrx_word' id='word_1_691' title='bbox 2799 4138 2985 4193; x_wconf 75' lang='grc' dir='ltr'>ἐνθάδε</span> <span class='ocrx_word' id='word_1_692' title='bbox 3011 4139 3177 4208; x_wconf 79' lang='grc' dir='ltr'>φησὶν</span> <span class='ocrx_word' id='word_1_693' title='bbox 3203 4139 3235 4189; x_wconf 92' lang='lat'><strong>6</strong></span> <span class='ocrx_word' id='word_1_694' title='bbox 3265 4136 3569 4206; x_wconf 80' lang='grc' dir='ltr'>προφήτης.</span> <span class='ocrx_word' id='word_1_695' title='bbox 3605 4131 3800 4202; x_wconf 76' lang='grc' dir='ltr'>Σκεὺη</span> <span class='ocrx_word' id='word_1_696' title='bbox 3842 4134 3902 4185; x_wconf 82' lang='grc' dir='ltr'>δὲ</span> 
     </span>
    </p>
   </div>
   <div class='ocr_carea' id='block_1_97' title="bbox 2293 4226 3902 4302">
    <p class='ocr_par' dir='ltr' id='par_1_97' title="bbox 2293 4226 3902 4302">
     <span class='ocr_line' id='line_1_97' title="bbox 2293 4226 3902 4302; baseline -0.007 -14"><span class='ocrx_word' id='word_1_697' title='bbox 2293 4236 2466 4290; x_wconf 80' lang='grc' dir='ltr'>ταῦτα</span> <span class='ocrx_word' id='word_1_698' title='bbox 2497 4237 2610 4298; x_wconf 79' lang='grc' dir='ltr'>τοῖς</span> <span class='ocrx_word' id='word_1_699' title='bbox 2640 4233 2857 4286; x_wconf 85' lang='grc' dir='ltr'>πίνουσι</span> <span class='ocrx_word' id='word_1_700' title='bbox 2887 4232 3308 4302; x_wconf 86' lang='grc' dir='ltr'>χρειωδέστατα,</span> <span class='ocrx_word' id='word_1_701' title='bbox 3349 4229 3443 4281; x_wconf 73' lang='grc' dir='ltr'>καὶ</span> <span class='ocrx_word' id='word_1_702' title='bbox 3474 4226 3690 4296; x_wconf 88' lang='grc' dir='ltr'>συνήσει</span> <span class='ocrx_word' id='word_1_703' title='bbox 3738 4227 3902 4280; x_wconf 80' lang='grc' dir='ltr'>πάν-</span> 
     </span>
    </p>
   </div>
   <div class='ocr_carea' id='block_1_98' title="bbox 2293 4316 3900 4396">
    <p class='ocr_par' dir='ltr' id='par_1_98' title="bbox 2293 4316 3900 4396">
     <span class='ocr_line' id='line_1_98' title="bbox 2293 4316 3900 4396; baseline -0.007 -16"><span class='ocrx_word' id='word_1_704' title='bbox 2293 4344 2400 4390; x_wconf 88' lang='grc' dir='ltr'><strong>τως</strong></span> <span class='ocrx_word' id='word_1_705' title='bbox 2421 4328 2448 4379; x_wconf 89' lang='grc' dir='ltr'><strong>ό</strong></span> <span class='ocrx_word' id='word_1_706' title='bbox 2472 4325 2635 4393; x_wconf 79' lang='grc' dir='ltr'>σοφὸς</span> <span class='ocrx_word' id='word_1_707' title='bbox 2661 4325 2936 4396; x_wconf 83' lang='grc' dir='ltr'>ἀκροατὴς</span> <span class='ocrx_word' id='word_1_708' title='bbox 2959 4321 3054 4374; x_wconf 83' lang='grc' dir='ltr'>τοῦ</span> <span class='ocrx_word' id='word_1_709' title='bbox 3080 4319 3480 4392; x_wconf 74' lang='grc' dir='ltr'>σημαινομένου</span> <span class='ocrx_word' id='word_1_710' title='bbox 3502 4317 3598 4388; x_wconf 80' lang='grc' dir='ltr'>τὴν</span> <span class='ocrx_word' id='word_1_711' title='bbox 3619 4316 3679 4369; x_wconf 80' lang='grc' dir='ltr'><strong>δύ</strong></span> <span class='ocrx_word' id='word_1_712' title='bbox 3694 4333 3900 4388; x_wconf 65' lang='grc' dir='ltr'>θαμιν,</span> 
     </span>
    </p>
   </div>
   <div class='ocr_carea' id='block_1_99' title="bbox 2294 4408 3904 4489">
    <p class='ocr_par' dir='ltr' id='par_1_99' title="bbox 2294 4408 3904 4489">
     <span class='ocr_line' id='line_1_99' title="bbox 2294 4408 3904 4489; baseline -0.012 -16"><span class='ocrx_word' id='word_1_713' title='bbox 2294 4422 2396 4473; x_wconf 85' lang='grc' dir='ltr'>κᾶν</span> <span class='ocrx_word' id='word_1_714' title='bbox 2444 4421 2494 4472; x_wconf 82' lang='grc' dir='ltr'>εἰ</span> <span class='ocrx_word' id='word_1_715' title='bbox 2529 4415 2898 4489; x_wconf 86' lang='grc' dir='ltr'>ἀμυδρότερόν</span> <span class='ocrx_word' id='word_1_716' title='bbox 2941 4431 3058 4478; x_wconf 88' lang='grc' dir='ltr'><strong>πως</strong></span> <span class='ocrx_word' id='word_1_717' title='bbox 3104 4413 3138 4484; x_wconf 74' lang='grc' dir='ltr'>ἦ</span> <span class='ocrx_word' id='word_1_718' title='bbox 3181 4413 3286 4484; x_wconf 84' lang='grc' dir='ltr'><strong>χρὴ</strong></span> <span class='ocrx_word' id='word_1_719' title='bbox 3334 4411 3362 4464; x_wconf 87' lang='lat'><strong>6</strong></span> <span class='ocrx_word' id='word_1_720' title='bbox 3417 4411 3546 4480; x_wconf 84' lang='grc' dir='ltr'>παρ’</span> <span class='ocrx_word' id='word_1_721' title='bbox 3581 4408 3735 4480; x_wconf 84' lang='grc' dir='ltr'>ήμῶν</span> <span class='ocrx_word' id='word_1_722' title='bbox 3796 4428 3904 4463; x_wconf 82' lang='grc' dir='ltr'>πε-</span> 
     </span>
    </p>
   </div>
   <div class='ocr_carea' id='block_1_100' title="bbox 2294 4501 3904 4579">
    <p class='ocr_par' dir='ltr' id='par_1_100' title="bbox 2294 4501 3904 4579">
     <span class='ocr_line' id='line_1_100' title="bbox 2294 4501 3904 4579; baseline -0.005 -17"><span class='ocrx_word' id='word_1_723' title='bbox 2294 4511 2514 4579; x_wconf 82' lang='grc' dir='ltr'>ποίηται</span> <span class='ocrx_word' id='word_1_724' title='bbox 2537 4510 2716 4578; x_wconf 81' lang='grc' dir='ltr'>λόγος,</span> <span class='ocrx_word' id='word_1_725' title='bbox 2747 4509 2836 4562; x_wconf 79' lang='grc' dir='ltr'>διὰ</span> <span class='ocrx_word' id='word_1_726' title='bbox 2867 4525 2949 4560; x_wconf 89' lang='grc' dir='ltr'><strong>τοι</strong></span> <span class='ocrx_word' id='word_1_727' title='bbox 2975 4507 3036 4558; x_wconf 87' lang='grc' dir='ltr'>τὸ</span> <span class='ocrx_word' id='word_1_728' title='bbox 3063 4505 3172 4558; x_wconf 84' lang='grc' dir='ltr'>δεῖν</span> <span class='ocrx_word' id='word_1_729' title='bbox 3203 4501 3676 4574; x_wconf 85' lang='grc' dir='ltr'>περιεσταλμένως</span> <span class='ocrx_word' id='word_1_730' title='bbox 3705 4505 3904 4554; x_wconf 74' lang='grc' dir='ltr'>ποιεί-</span> 
     </span>
    </p>
   </div>
   <div class='ocr_carea' id='block_1_101' title="bbox 2220 4588 3899 4670">
    <p class='ocr_par' dir='ltr' id='par_1_101' title="bbox 2220 4588 3899 4670">
     <span class='ocr_line' id='line_1_101' title="bbox 2220 4588 3899 4670; baseline -0.005 -20"><span class='ocrx_word' id='word_1_731' title='bbox 2220 4593 2268 4650; x_wconf 83' lang='lat' dir='ltr'><strong>D</strong></span> <span class='ocrx_word' id='word_1_732' title='bbox 2297 4600 2420 4653; x_wconf 89' lang='grc' dir='ltr'>σθαι</span> <span class='ocrx_word' id='word_1_733' title='bbox 2453 4599 2552 4670; x_wconf 82' lang='grc' dir='ltr'>τὴν</span> <span class='ocrx_word' id='word_1_734' title='bbox 2583 4599 2693 4652; x_wconf 84' lang='grc' dir='ltr'><strong>τῶν</strong></span> <span class='ocrx_word' id='word_1_735' title='bbox 2730 4597 3131 4668; x_wconf 84' lang='grc' dir='ltr'>κεκρυμμένων</span> <span class='ocrx_word' id='word_1_736' title='bbox 3173 4594 3468 4664; x_wconf 78' lang='grc' dir='ltr'>ἀφήγησιν.</span> <span class='ocrx_word' id='word_1_737' title='bbox 3516 4588 3721 4645; x_wconf 77' lang='grc' dir='ltr'>Οὐκοῦν</span> <span class='ocrx_word' id='word_1_738' title='bbox 3755 4591 3899 4643; x_wconf 82' lang='grc' dir='ltr'>τότε.</span> 
     </span>
    </p>
   </div>
   <div class='ocr_carea' id='block_1_102' title="bbox 2298 4679 3897 4762">
    <p class='ocr_par' dir='ltr' id='par_1_102' title="bbox 2298 4679 3897 4762">
     <span class='ocr_line' id='line_1_102' title="bbox 2298 4679 3897 4762; baseline -0.004 -20"><span class='ocrx_word' id='word_1_739' title='bbox 2298 4691 2396 4762; x_wconf 79' lang='grc' dir='ltr'>μὲν</span> <span class='ocrx_word' id='word_1_740' title='bbox 2416 4685 2556 4760; x_wconf 84' lang='grc' dir='ltr'>ἦσαν</span> <span class='ocrx_word' id='word_1_741' title='bbox 2577 4691 2627 4742; x_wconf 79' lang='grc' dir='ltr'>οἱ</span> <span class='ocrx_word' id='word_1_742' title='bbox 2651 4689 2875 4760; x_wconf 89' lang='grc' dir='ltr'>λέϐητες</span> <span class='ocrx_word' id='word_1_743' title='bbox 2894 4705 2906 4718; x_wconf 85' lang='lat'><strong><em>°</em></strong></span> <span class='ocrx_word' id='word_1_744' title='bbox 2930 4687 3048 4740; x_wconf 78' lang='grc' dir='ltr'>νυνὶ</span> <span class='ocrx_word' id='word_1_745' title='bbox 3077 4687 3133 4740; x_wconf 86' lang='grc' dir='ltr'>δὲ</span> <span class='ocrx_word' id='word_1_746' title='bbox 3171 4704 3189 4738; x_wconf 86' lang='grc' dir='ltr'>ι</span> <span class='ocrx_word' id='word_1_747' title='bbox 3225 4684 3411 4754; x_wconf 84' lang='grc' dir='ltr'>φιάλαι</span> <span class='ocrx_word' id='word_1_748' title='bbox 3445 4681 3552 4754; x_wconf 82' lang='grc' dir='ltr'>πρὸ</span> <span class='ocrx_word' id='word_1_749' title='bbox 3580 4679 3897 4751; x_wconf 77' lang='grc' dir='ltr'>προσώπου</span> 
     </span>
    </p>
   </div>
   <div class='ocr_carea' id='block_1_103' title="bbox 2296 4782 2900 4853">
    <p class='ocr_par' dir='ltr' id='par_1_103' title="bbox 2296 4782 2900 4853">
     <span class='ocr_line' id='line_1_103' title="bbox 2296 4782 2900 4853; baseline -0.007 -17"><span class='ocrx_word' id='word_1_750' title='bbox 2296 4783 2392 4836; x_wconf 81' lang='grc' dir='ltr'>τοῦ</span> <span class='ocrx_word' id='word_1_751' title='bbox 2424 4782 2832 4853; x_wconf 80' lang='grc' dir='ltr'>θυσιαστηρίου.</span> <span class='ocrx_word' id='word_1_752' title='bbox 2883 4799 2900 4832; x_wconf 73' lang='grc' dir='ltr'>ι</span> 
     </span>
    </p>
   </div>
   <div class='ocr_carea' id='block_1_104' title="bbox 2367 4865 3902 4941">
    <p class='ocr_par' dir='ltr' id='par_1_104' title="bbox 2367 4865 3902 4941">
     <span class='ocr_line' id='line_1_104' title="bbox 2367 4865 3902 4941; baseline -0.008 -12"><span class='ocrx_word' id='word_1_753' title='bbox 2367 4875 2476 4929; x_wconf 86' lang='lat' dir='ltr'><strong>Kal</strong></span> <span class='ocrx_word' id='word_1_754' title='bbox 2508 4875 2678 4928; x_wconf 74' lang='grc' dir='ltr'>ἔσται</span> <span class='ocrx_word' id='word_1_755' title='bbox 2722 4873 2842 4941; x_wconf 82' lang='grc' dir='ltr'>πᾶς</span> <span class='ocrx_word' id='word_1_756' title='bbox 2872 4873 3056 4940; x_wconf 79' lang='grc' dir='ltr'>λέϐης</span> <span class='ocrx_word' id='word_1_757' title='bbox 3098 4872 3168 4924; x_wconf 76' lang='grc' dir='ltr'><strong>ἐν</strong></span> <span class='ocrx_word' id='word_1_758' title='bbox 3216 4866 3634 4936; x_wconf 67' lang='grc' dir='ltr'>Ἰερουσαλὴμ,</span> <span class='ocrx_word' id='word_1_759' title='bbox 3678 4865 3784 4917; x_wconf 75' lang='grc' dir='ltr'>καὶ</span> <span class='ocrx_word' id='word_1_760' title='bbox 3825 4866 3902 4921; x_wconf 70' lang='grc' dir='ltr'><strong>ἐν</strong></span> 
     </span>
    </p>
   </div>
   <div class='ocr_carea' id='block_1_105' title="bbox 2296 4955 3899 5036">
    <p class='ocr_par' dir='ltr' id='par_1_105' title="bbox 2296 4955 3899 5036">
     <span class='ocr_line' id='line_1_105' title="bbox 2296 4955 3899 5036; baseline -0.007 -16"><span class='ocrx_word' id='word_1_761' title='bbox 2296 4965 2376 5032; x_wconf 83' lang='grc' dir='ltr'>τῷ</span> <span class='ocrx_word' id='word_1_762' title='bbox 2441 4966 2635 5034; x_wconf 73' lang='grc' dir='ltr'>Ἰούδᾳ</span> <span class='ocrx_word' id='word_1_763' title='bbox 2689 4966 2852 5036; x_wconf 79' lang='grc' dir='ltr'>ἅγιος</span> <span class='ocrx_word' id='word_1_764' title='bbox 2901 4963 2982 5029; x_wconf 84' lang='grc' dir='ltr'>τῷ</span> <span class='ocrx_word' id='word_1_765' title='bbox 3029 4963 3223 5030; x_wconf 80' lang='grc' dir='ltr'>Κυρίῳ</span> <span class='ocrx_word' id='word_1_766' title='bbox 3272 4956 3721 5027; x_wconf 78' lang='grc' dir='ltr'>παντοκράτορι.</span> <span class='ocrx_word' id='word_1_767' title='bbox 3770 4955 3899 5009; x_wconf 76' lang='grc' dir='ltr'><strong>Καὶ</strong></span> 
     </span>
    </p>
   </div>
   <div class='ocr_carea' id='block_1_106' title="bbox 2297 5048 3898 5126">
    <p class='ocr_par' dir='ltr' id='par_1_106' title="bbox 2297 5048 3898 5126">
     <span class='ocr_line' id='line_1_106' title="bbox 2297 5048 3898 5126; baseline -0.006 -16"><span class='ocrx_word' id='word_1_768' title='bbox 2297 5058 2518 5126; x_wconf 75' lang='grc' dir='ltr'>ἥξουσι</span> <span class='ocrx_word' id='word_1_769' title='bbox 2547 5057 2770 5122; x_wconf 80' lang='grc' dir='ltr'>πάντες</span> <span class='ocrx_word' id='word_1_770' title='bbox 2812 5060 2865 5111; x_wconf 88' lang='grc' dir='ltr'>οἱ</span> <span class='ocrx_word' id='word_1_771' title='bbox 2905 5053 3306 5118; x_wconf 68' lang='grc' dir='ltr'>θυσιάζοντες,</span> <span class='ocrx_word' id='word_1_772' title='bbox 3339 5049 3438 5104; x_wconf 80' lang='grc' dir='ltr'>καὶ</span> <span class='ocrx_word' id='word_1_773' title='bbox 3465 5049 3773 5117; x_wconf 72' lang='grc' dir='ltr'>λήψονται</span> <span class='ocrx_word' id='word_1_774' title='bbox 3820 5048 3898 5110; x_wconf 82' lang='grc' dir='ltr'><strong>ἐξ</strong></span> 
     </span>
    </p>
   </div>
   <div class='ocr_carea' id='block_1_107' title="bbox 2294 5143 3380 5218">
    <p class='ocr_par' dir='ltr' id='par_1_107' title="bbox 2294 5143 3380 5218">
     <span class='ocr_line' id='line_1_107' title="bbox 2294 5143 3380 5218; baseline -0.009 -12"><span class='ocrx_word' id='word_1_775' title='bbox 2294 5152 2512 5218; x_wconf 78' lang='grc' dir='ltr'>αὐτῶν,</span> <span class='ocrx_word' id='word_1_776' title='bbox 2549 5149 2646 5204; x_wconf 81' lang='lat' dir='ltr'><strong>zeal</strong></span> <span class='ocrx_word' id='word_1_777' title='bbox 2673 5147 3022 5218; x_wconf 72' lang='grc' dir='ltr'>ἐψήσουσιν</span> <span class='ocrx_word' id='word_1_778' title='bbox 3051 5147 3120 5200; x_wconf 79' lang='grc' dir='ltr'><strong>ἐν</strong></span> <span class='ocrx_word' id='word_1_779' title='bbox 3160 5143 3380 5209; x_wconf 86' lang='grc' dir='ltr'>αὺτοῖς.</span> 
     </span>
    </p>
   </div>
   <div class='ocr_carea' id='block_1_108' title="bbox 2365 5229 3896 5312">
    <p class='ocr_par' dir='ltr' id='par_1_108' title="bbox 2365 5229 3896 5312">
     <span class='ocr_line' id='line_1_108' title="bbox 2365 5229 3896 5312; baseline -0.009 -16"><span class='ocrx_word' id='word_1_780' title='bbox 2365 5245 2528 5310; x_wconf 69' lang='grc' dir='ltr'><strong>Ριςν.</strong></span> <span class='ocrx_word' id='word_1_781' title='bbox 2570 5241 2818 5312; x_wconf 85' lang='grc' dir='ltr'>Λέϐητας</span> <span class='ocrx_word' id='word_1_782' title='bbox 2861 5239 3149 5302; x_wconf 81' lang='grc' dir='ltr'>ἀποκαλεῖ,</span> <span class='ocrx_word' id='word_1_783' title='bbox 3191 5239 3302 5300; x_wconf 88' lang='grc' dir='ltr'>τοῖς</span> <span class='ocrx_word' id='word_1_784' title='bbox 3350 5233 3600 5306; x_wconf 83' lang='grc' dir='ltr'>ἀρχαίοις</span> <span class='ocrx_word' id='word_1_785' title='bbox 3648 5229 3896 5299; x_wconf 83' lang='grc' dir='ltr'>ὀνόμασι</span> 
     </span>
    </p>
   </div>
   <div class='ocr_carea' id='block_1_109' title="bbox 2293 5321 3896 5406">
    <p class='ocr_par' dir='ltr' id='par_1_109' title="bbox 2293 5321 3896 5406">
     <span class='ocr_line' id='line_1_109' title="bbox 2293 5321 3896 5406; baseline -0.023 2"><span class='ocrx_word' id='word_1_786' title='bbox 2293 5335 2638 5406; x_wconf 78' lang='grc' dir='ltr'>χρησάμενος</span> <span class='ocrx_word' id='word_1_787' title='bbox 2671 5332 2772 5397; x_wconf 75' lang='grc' dir='ltr'>ἔτι,</span> <span class='ocrx_word' id='word_1_788' title='bbox 2808 5330 2877 5384; x_wconf 80' lang='grc' dir='ltr'>τὰ</span> <span class='ocrx_word' id='word_1_789' title='bbox 2905 5331 3073 5400; x_wconf 86' lang='grc' dir='ltr'>σκεύη</span> <span class='ocrx_word' id='word_1_790' title='bbox 3107 5328 3175 5381; x_wconf 86' lang='grc' dir='ltr'><strong>τά</strong></span> <span class='ocrx_word' id='word_1_791' title='bbox 3224 5327 3482 5398; x_wconf 85' lang='grc' dir='ltr'>μυστικὰ,</span> <span class='ocrx_word' id='word_1_792' title='bbox 3512 5324 3547 5378; x_wconf 77' lang='grc' dir='ltr'><strong>ὃ.</strong></span> <span class='ocrx_word' id='word_1_793' title='bbox 3591 5322 3685 5376; x_wconf 68' lang='grc' dir='ltr'>καὶ</span> <span class='ocrx_word' id='word_1_794' title='bbox 3730 5321 3896 5375; x_wconf 81' lang='grc' dir='ltr'>ἔστιν</span> 
     </span>
    </p>
   </div>
   <div class='ocr_carea' id='block_1_110' title="bbox 2294 5415 3890 5495">
    <p class='ocr_par' dir='ltr' id='par_1_110' title="bbox 2294 5415 3890 5495">
     <span class='ocr_line' id='line_1_110' title="bbox 2294 5415 3890 5495; baseline -0.011 -14"><span class='ocrx_word' id='word_1_795' title='bbox 2294 5427 2457 5495; x_wconf 79' lang='grc' dir='ltr'>ἅγια,</span> <span class='ocrx_word' id='word_1_796' title='bbox 2511 5426 2686 5479; x_wconf 84' lang='grc' dir='ltr'>σεπτά</span> <span class='ocrx_word' id='word_1_797' title='bbox 2728 5442 2788 5476; x_wconf 90' lang='grc' dir='ltr'><strong>τε</strong></span> <span class='ocrx_word' id='word_1_798' title='bbox 2844 5424 2936 5476; x_wconf 75' lang='grc' dir='ltr'>καὶ</span> <span class='ocrx_word' id='word_1_799' title='bbox 2977 5423 3135 5493; x_wconf 88' lang='grc' dir='ltr'>τίμια</span> <span class='ocrx_word' id='word_1_800' title='bbox 3175 5421 3270 5473; x_wconf 74' lang='grc' dir='ltr'>καὶ</span> <span class='ocrx_word' id='word_1_801' title='bbox 3303 5421 3489 5480; x_wconf 88' lang='grc' dir='ltr'>αὐτοῖς</span> <span class='ocrx_word' id='word_1_802' title='bbox 3534 5419 3651 5480; x_wconf 83' lang='grc' dir='ltr'>τοῖς</span> <span class='ocrx_word' id='word_1_803' title='bbox 3706 5415 3764 5466; x_wconf 80' lang='grc' dir='ltr'>ὲν</span> <span class='ocrx_word' id='word_1_804' title='bbox 3815 5416 3890 5484; x_wconf 83' lang='grc' dir='ltr'><strong>τῇ</strong></span> 
     </span>
    </p>
   </div>
   <div class='ocr_carea' id='block_1_111' title="bbox 2305 5505 3894 5590">
    <p class='ocr_par' dir='ltr' id='par_1_111' title="bbox 2305 5505 3894 5590">
     <span class='ocr_line' id='line_1_111' title="bbox 2305 5505 3894 5590; baseline -0.009 -20"><span class='ocrx_word' id='word_1_805' title='bbox 2305 5517 2683 5590; x_wconf 82' lang='grc' dir='ltr'>Ἰερουσαλὴμ,</span> <span class='ocrx_word' id='word_1_806' title='bbox 2715 5518 2884 5588; x_wconf 75' lang='grc' dir='ltr'>ἤγουν</span> <span class='ocrx_word' id='word_1_807' title='bbox 2917 5518 2983 5584; x_wconf 84' lang='grc' dir='ltr'><strong>τῇ</strong></span> <span class='ocrx_word' id='word_1_808' title='bbox 3028 5511 3348 5584; x_wconf 71' lang='grc' dir='ltr'>Ἐκκλησία,</span> <span class='ocrx_word' id='word_1_809' title='bbox 3386 5509 3546 5579; x_wconf 84' lang='grc' dir='ltr'>δῆλον</span> <span class='ocrx_word' id='word_1_810' title='bbox 3574 5508 3630 5560; x_wconf 80' lang='grc' dir='ltr'>δὲ</span> <span class='ocrx_word' id='word_1_811' title='bbox 3655 5506 3736 5558; x_wconf 85' lang='grc' dir='ltr'>ὃτι</span> <span class='ocrx_word' id='word_1_812' title='bbox 3761 5505 3894 5565; x_wconf 81' lang='grc' dir='ltr'>τοῖς</span> 
     </span>
    </p>
   </div>
  </div>
