4070 6536
158 465 268 521 27⁸5

980 463 1530 524 COMMENTARIUS
1565 470 1632 524 IN
1673 471 2074 528 ZACIIARIMI
2118 471 2561 533 PIIOI’IIETAM.
3313 489 3420 543 ιιτι

161 579 326 642 Θείοις
373 578 705 650 ίερουργοῖς,
757 579 853 632 καὶ
903 579 1030 650 παρ’
1085 579 1235 650 αὐτῷ
1284 581 1342 634 δὲ
1396 583 1474 653 τῷ
1547 586 1739 656 Ἰούδᾳ,

1864 580 1994 644 uris.
2025 588 2090 642 Et
2118 603 2330 643 rursum
2364 591 2503 658 apud
2536 591 2708 661 ipsum
2745 591 2905 662 Juda,
2939 593 2990 648 id
3026 602 3128 662 est,
3164 597 3423 666 spiritua-

162 668 415 721 τουτέστι
447 668 631 732 πάλιν,
666 670 779 731 τοῖς
805 668 907 740 τὴν
937 669 996 723 ὲν
1030 671 1299 742 πνεύματι
1327 672 1553 742 λαχοῦσι
1590 693 1744 744 περιο

162 763 368 831 τομήν-
422 755 532 814 εἷεν
583 761 628 815 δ’
677 762 745 815 ἂν
791 756 939 816 οὗτοι
987 763 1148 818 πάλιν
1203 767 1250 817 oi
1297 767 1743 830 πεπιστευκότες.

1849 678 1951 731 lem
2002 678 2470 734 circumcisionem
2519 683 2764 746 sortitos,
2811 683 2901 752 qui
2952 685 3078 738 item
3109 685 3277 760 814
3305 705 3422 746 cre-

1850 767 2036 823 dentes
2084 783 2205 823 esse
2250 779 2496 839 possunt.
2565 770 2611 823 Α
2669 770 2818 825 nullo
2869 769 3013 826 enim
3072 787 3294 841 prorsus
3356 779 3422 832 ad

166 852 300 921 ηερ
328 850 543 914 οὐδενὸς
567 851 677 922 γὰρ
704 851 843 914 ὅλως
867 853 948 915 είς
978 851 1163 923 κοινὴν
1184 853 1522 924 λαμϐάνεται
1551 857 1747 927 χρείαν

1864 873 2189 915 :ommuncm
2243 875 2397 915 usum
2449 862 2590 916 sacri
2654 862 2840 918 altaris
2898 878 3025 919 vasa
3080 865 3424 933 adhibentur,

165 940 257 995 cui}
308 943 463 1012 ἁγίου
514 943 899 1014 Θυσιαστηρίου
947 943 1016 997 τά
1062 944 1251 1016 σκεύη,
1287 945 1402 999 ἀλλ’
1451 947 1618 1014 ἔστιν,
1671 948 1747 1012 ὼς

166 1034 324 1105 ἔφην,
378 1034 533 1102 ἅγια,
589 1035 684 1088 καὶ
729 1037 810 1098 εἰς
852 1034 1012 1101 δόξαν
1059 1035 1195 1088 Θεοῦ
1226 1039 1594 1110 τετηρημένα,
1654 1039 1748 1094 καὶ

167 1124 359 1195 μόναις
401 1128 524 1189 ταῖς
571 1126 786 1196 χρείαις
821 1127 1116 1198 ὑπηρετεὲν
1163 1129 1390 1182 εἰωθότα
1437 1129 1538 1198 τῆς
1586 1131 1751 1199 ἁγίας

165 1217 464 1289 τραπέζης,
498 1218 566 1272 δι’
599 1218 779 1272 αὐτῶν
806 1236 866 1272 τε
908 1219 1004 1272 καὶ
1049 1220 1108 1273 ὲν
1138 1221 1322 1284 αὐτοῖς
1357 1223 1414 1275 αἱ
1447 1220 1553 1273 τῶν
1584 1237 1750 1292 προσ-

163 1310 408 1378 αγόντων
457 1310 740 1363 τελοῦνται
801 1310 1006 1376 Θυσίαι,
1059 1312 1158 1381 οὐχ
1203 1313 1435 1365 ἑκάστου
1492 1313 1750 1382 φέροντος

167 1403 298 1454 ἴδιον
331 1400 527 1465 σκεῦος
547 1441 562 1466 ,
592 1402 849 1457 ἁπάντων
885 1402 943 1456 δὲ
980 1403 1162 1474 μόνοις
1187 1405 1300 1467 τοῖς
1345 1405 1510 1474 ἱεροῖς
1549 1420 1752 1475 κεχρη-

167 1494 367 1564 μένων.
411 1513 429 1545 ι
467 1496 584 1559 Πᾶς
608 1495 718 1567 γὰρ
744 1494 908 1566 λέϐης
942 1497 1097 1565 ἀγιος
1137 1496 1311 1562 ἔσται,
1347 1496 1499 1568 φησὶ,
1525 1496 1602 1565 τῷ
1632 1498 1748 1548 Κυ-

167 1590 287 1661 ρίῳ.
337 1608 354 1641 ι
393 1590 604 1644 Οὐκοῦν
645 1590 953 1657 διαλέγεται
1006 1589 1107 1659 μὲν
1149 1591 1179 1642 6
1224 1590 1509 1659 προφήτης
1547 1589 1623 1652 ὡς
1656 1588 1750 1642 ἐπὶ

162 1680 367 1734 θυσιῶν
389 1681 470 1734 ἔτι
486 1681 595 1734 τῶν
613 1681 756 1734 κατὰ
779 1681 946 1750 νόμον
969 1719 984 1745 ,
1013 1681 1270 1749 λέϐητάς
1283 1697 1342 1732 τε
1365 1680 1460 1734 καὶ
1488 1680 1752 1748 ἕψουσιν

163 1772 455 1844 ὀνομάζεισ
511 1774 779 1844 νοήσομεν
829 1774 886 1827 δὲ
932 1773 1248 1845 πρέποντως
1300 1773 1460 1843 ἡμεῖς
1505 1773 1618 1834 τοῖς
1663 1772 1753 1825 διὰ

165 1861 408 1928 Χριστοῦ
441 1864 674 1933 καιροῖς.
714 1863 1088 1934 Οἰκονομικῶς
1132 1863 1188 1915 δέ
1226 1879 1408 1933 φαμεν
1453 1863 1750 1934 ἀσυμφανῆ

1849 950 1942 1005 sed
1974 959 2122 1018 sunt,
2157 960 2218 1006 ut
2238 952 2370 1020 dixi,
2399 963 2609 1018 sancta,
2633 962 2689 1009 et
2719 957 2785 1009 ad
2819 955 2907 1010 Dei
2937 956 3162 1024 gloriam
3187 967 3426 1026 servata,

1850 1050 1906 1097 et:
1947 1042 2077 1098 solis
2104 1044 2291 1099 usibus
2321 1059 2490 1100 sacrae
2522 1061 2722 1101 mensa:
2755 1048 3068 1104 ministrare
3093 1050 3251 1104 solita
3283 1065 3302 1105 :
3333 1065 3430 1120 per

1851 1134 2074 1202 ipsaque
2119 1135 2259 1189 etin
2309 1135 2442 1205 ipsis
2491 1134 2839 1191 offerentium
2887 1137 3155 1193 sacriﬁcia
3186 1154 3433 1192 consum-

1852 1233 2088 1289 mantur,
2137 1240 2240 1280 non
2289 1241 2615 1296 unoquoque
2667 1242 2822 1281 suum
2876 1243 2970 1284 vas
3004 1227 3286 1293 all‘erente,
3333 1229 3431 1283 sed

1849 1314 2102 1368 omnibus
2135 1315 2266 1369 solis
2295 1317 2466 1370 sacris
2511 1317 2808 1371 utentibus.
2847 1337 2866 1370 ‹
2899 1319 3087 1372 Omnis
3112 1320 3256 1374 enim
3286 1318 3432 1373 lebes

1851 1415 2075 1461 sanctus
2131 1407 2236 1461 erit
2299 1409 2568 1474 Domino,
2618 1428 2637 1460 ι
2711 1410 2906 1479 inquit.
2967 1411 3152 1480 Itaque
3213 1410 3432 1465 disserit

1851 1497 2068 1567 quidem
2106 1499 2364 1569 propheta
2401 1510 2459 1554 ut
2494 1503 2560 1556 de
2603 1503 2889 1556 sacriﬁciis
2930 1503 3106 1557 adlmc
3149 1503 3430 1571 legalibus,

1851 1589 2043 1644 lebetas
2086 1599 2288 1656 autem,
2338 1601 2391 1645 et
2444 1605 2663 1662 coquant
2717 1595 2870 1660 dicit,
2905 1597 3046 1664 quod
3101 1610 3198 1648 nos
3237 1608 3433 1647 conve-

1853 1679 2066 1735 nienter
2109 1683 2444 1751 temporibus
2493 1683 2698 1739 Christi
2746 1685 3130 1756 intelligemus.
3187 1685 3435 1740 (Econo-

1855 1775 1995 1828 mice
2023 1789 2192 1843 porro
2216 1783 2536 1830 sanctorum
2565 1778 2955 1846 prophetarum
2989 1791 3298 1831 sermonem
3335 1775 3433 1828 ob-

1855 1878 2102 1931 scurum,
2129 1875 2186 1920 et
2213 1881 2326 1919 non
2349 1865 2668 1935 simpliciter
2702 1868 2958 1922 omnibus
3007 1867 3251 1936 planum,
3300 1865 3436 1919 diei-

164 1953 440 2022 γενέσθαι,
474 1956 566 2008 καὶ
594 1956 654 2008 οὐ
702 1957 868 2010 πᾶσιν
897 1955 1083 2020 ἁπλῶς
1108 1957 1424 2026 ἐκκείμενον
1449 1955 1564 2008 τῶν·
1581 1953 1752 2023 ἁγίων

1864 1969 1997 2022 mus,
2031 1970 2099 2010 ne
2128 1955 2422 2027 projiciaut
2446 1971 2571 2010 eum
2610 1959 2837 2014 canibus
2865 1960 2911 1990 "
2936 2000 2949 2024 ,
2990 1973 3164 2028 neque
3196 1955 3438 2026 profanis

164 2046 466 2117 προφητῶν
497 2048 589 2101 τὸν
616 2047 794 2116 λόγον,
818 2049 905 2102 ἵνα
937 2047 1011 2118 μὴ
1050 2045 1358 2118 βάλ[λ]ηται
1399 2046 1536 2118 πρὸς
1572 2044 1750 2100 αὐτῶν

162 2142 276 2202 τοῖς
313 2141 460 2200 κυσὶ,
495 2140 632 2210 μήτε
667 2139 774 2208 μὴν
793 2142 906 2203 τοῖς
929 2138 1176 2210 βεϐήλοις
1199 2139 1293 2192 καὶ
1328 2138 1752 2209 βδελυρωτάτοις

161 2233 190 2282 6
223 2231 412 2300 μόνοις
438 2231 664 2301 πρέπων
702 2231 877 2300 ἁγίοις
913 2229 1326 2300 ὲκκαλύπτηται
1355 2232 1532 2300 λόγος.

232 2323 349 2376 Καὶ
380 2325 492 2376 οὐκ
521 2322 696 2376 ἔσται
731 2324 1065 2390 Χαναναῖος
1100 2327 1212 2378 οὐκ
1249 2325 1336 2378 ἔτι
1364 2325 1434 2378 ὲν
1456 2324 1605 2388 οἴκῳ
1636 2326 1753 2377 Ku-

155 2414 296 2481 ρίου
344 2411 827 2483 παντοκράτορος
852 2415 923 2468 ἐν
953 2414 1026 2484 τῇ
1067 2413 1255 2484 ἡμέρᾳ
1278 2415 1503 2481 ἐκείνῃ.

235 2509 391 2560 ΡΙΖτ.
429 2505 640 2576 Σαθρόνμ
673 2522 734 2558 τε
782 2507 874 2560 καὶ
904 2506 1289 2560 εὐδιάκλαστον
1332 2507 1440 2558 τῶν
1472 2502 1758 2576 ἀρχαιοτέ-

164 2617 275 2670 ρων
303 2600 399 2652 τὸν
430 2597 785 2654 νῷν-κατίδοι
813 2616 898 2662 τις
925 2598 1017 2664 ἂν,
1044 2600 1140 2652 ml.
1163 2598 1511 2669 ταλαίπωρον
1534 2596 1753 2666 κομιδῇ.

165 2691 552 2764 Λελύτρωνται
602 2693 700 2762 μὲν
751 2691 812 2758 ἐξ
861 2691 1138 2760 Αἰγύπτου
1188 2691 1277 2743 διὰ
1318 2689 1560 2752 Μωσέως
1601 2691 1652 2741 οἱ
1699 2690 1760 2756 ἐξ

176 2785 422 2856 Ἰσραὴλ,
457 2786 550 2838 καὶ
585 2785 687 2854 τῆς
715 2785 990 2855 ἀφορήτου
1021 2784 1266 2846 δουλείας
1311 2784 1630 2838 ἀπεσείοντο
1667 2784 1759 2836 τὸν

166 2878 334 2947 ζυγὸν
357 2921 371 2942 ,
417 2877 682 2932 πλείστων
711 2894 769 2930 τε
801 2878 940 2931 ὅσων
968 2879 1062 2929 καὶ
1093 2875 1436 2944 άξιαγάστων
1465 2878 1551 2930 ἐπ’
1578 2876 1761 2939 αὐτοῖς

163 2970 571 3039 τετελεσμένων
594 2969 856 3040 σημείων,
880 2968 1109 3039 ἐξῄεσαν
1139 2969 1311 3038 μόλις·
1341 2968 1762 3038 διεὸιϐάσθησαν

163 3061 220 3114 δὲ
268 3061 371 3114 καὶ
417 3060 506 3114 διὰ
555 3060 832 3130 θαλάσσης
877 3059 1070 3130 αὐτῆς,
1126 3059 1516 3131 κατεδηδόκασι
1563 3077 1626 3112 τε
1673 3059 1762 3113 τὸν

165 3155 342 3224 ἄρτου
371 3152 461 3206 τὸν
488 3153 549 3217 ἐξ
571 3153 823 3224 οὐρανοῦ,
853 3153 948 3206 καὶ
976 3151 1120 3222 ὕδωρ
1151 3154 1214 3205 ὲκ
1244 3153 1450 3222 πέτρας
1481 3153 1762 3222 ἀδοκήτως

166 3243 582 3311 ὲκκομισθὲνὲν
607 3244 674 3312 τῇ
705 3243 899 3311 ἐρήμῳ
934 3239 1245 3294 πεπώκασι.
1278 3239 1342 3292 Τί
1383 3234 1475 3292 οὖν
1507 3239 1556 3290 οἱ
1601 3237 1763 3292 τάλα-

1854 2053 1906 2101 et
1946 2046 2285 2102 detestandis
2321 2047 2591 2103 reveletur
2614 2051 2861 2116 verbum,
2890 2049 3032 2120 quod
3059 2049 3200 2104 solos
3223 2055 3438 2102 sanctos

1853 2137 2024 2194 decet».

1924 2317 1995 2370 Ει
2043 2333 2154 2372 non
2201 2319 2300 2372 erit
2341 2318 2481 2372 ultra
2525 2318 2862 2373 Chanmurus
2920 2321 2971 2371 in
3019 2320 3173 2370 dmnn
3230 2317 3437 2370 Donum

1856 2413 2226 2480 omnipotentis
2261 2413 2316 2466 in
2348 2413 2432 2467 die
2457 2411 2574 2466 illa.

1927 2502 2133 2559 CXVII.
2172 2502 2470 2572 Inﬁrmam,
2514 2513 2569 2560 et
2607 2505 2854 2576 fragilem
2903 2513 3144 2558 veterum
3181 2512 3439 2568 mentem,

1857 2603 1912 2648 et
1935 2595 2189 2652 miseram
2223 2596 2376 2653 valde
2409 2597 2596 2651 videre
2625 2611 2814 2666 queas.
2860 2595 3099 2652 Liberali
3134 2605 3262 2650 sunt
3296 2595 3437 2649 enim

1859 2703 1924 2744 ex
1984 2687 2219 2760 AEgypto
2271 2703 2371 2758 per
2419 2687 2602 2744 Mosen
2657 2688 2939 2753 Israelita»,
2991 2697 3043 2742 et
3105 2687 3441 2742 intolerabile

1861 2781 2142 2835 servitutis
2166 2780 2356 2850 jugqu
2391 2790 2774 2848 excusserunt,
2813 2781 3078 2851 longeque
3109 2779 3356 2849 plurimis
3389 2788 3444 2834 et

1863 2870 2275 2926 admirabilibus
2323 2872 2494 2941 signis
2537 2873 2590 2926 in
2626 2886 2685 2926 se
2729 2871 2890 2926 editis
2924 2871 3138 2925 tandem
3169 2871 3440 2938 exierunt,

1863 2964 2308 3033 trausieruntque
2337 2981 2433 3034 per
2459 2979 2608 3018 mare
2641 2965 2838 3033 ipsum,
2866 2964 3220 3017 comederunt
3250 2977 3442 3031 panem

1864 3056 1931 3110 de
1963 3056 2124 3119 etelo,
2162 3065 2216 3111 et
2251 3072 2445 3124 aquam
2479 3057 2544 3110 de
2583 3063 2735 3124 petra
2787 3057 3161 3123 inexspectato
3194 3055 3441 3108 eductam

1867 3147 1918 3200 in
1967 3146 2259 3200 solitudine
2295 3147 2631 3201 biberunt".
2662 3147 2802 3214 Quid
2843 3148 3006 3216 igitur
3040 3147 3268 3202 miseri?
3293 3148 3444 3200 Mosc

1868 3238 2114 3300 absente,
2138 3237 2360 3291 vitulum
2388 3237 2691 3292 eonﬁarunt
2715 3237 2780 3301 “,
2802 3247 2854 3292 et
2875 3249 2927 3290 ut
2954 3238 3212 3307 propheta
3243 3237 3402 3292 habet
3427 3250 3444 3290 :

167 3353 288 3401 νες;
343 3333 901 3403 Μεμοσχοποιήκασιν
948 3331 1181 3394 ἀπόντος
1229 3329 1493 3393 Μωσέως,
1541 3329 1636 3381 καὶ
1687 3329 1760 3391 ὡς

1874 3349 1892 3380 ‹
1926 3328 2295 3398 Susceperunt
2349 3329 2754 3383 tabernaculum
2801 3329 3030 3392 Molocb,
3074 3340 3128 3383 et
3165 3331 3312 3384 sidus
3354 3329 3443 3382 Dei

168 3430 196 3479 6
239 3428 532 3497 προφήτης
581 3425 768 3496 φησὶν,
827 3442 846 3475 ι
917 3420 1206 3474 Ἀνέλαΰον
1259 3421 1358 3487 τὴν
1407 3420 1613 3491 σκηνὴν
1666 3419 1761 3472 τοῦ

169 3518 375 3588 ιιολὸχ,
421 3519 516 3571 καὶ
552 3515 625 3569 τδ-
647 3515 846 3586 ἄστρον
877 3512 979 3567 τοῦ
1002 3513 1136 3565 Θεοῦ
1164 3510 1342 3564 αὐτῶν
1385 3511 1604 3580 Ῥεφάν,
1635 3510 1764 3574 τοὺς

167 3610 378 3674 τύπους
422 3608 514 3672 οὒς
549 3608 881 3678 πεποιήκασι
934 3606 1257 3676 προσκυνεῖν
1298 3604 1500 3666 αὐτοῖς.
1550 3623 1568 3656 ι
1623 3602 1762 3654 Ἀλλ’

167 3706 376 3758 ἐκεῖνοι
427 3703 526 3773 μὲν
575 3699 880 3755 διολώλασι.
943 3718 960 3749 ι
1029 3697 1292 3750 Πέπτωκε
1333 3695 1443 3766 γὰρ
1495 3693 1564 3747 τὰ
1615 3694 1763 3747 κῶλα

168 3797 362 3852 αὐτῶν
389 3798 447 3848 ὲν
486 3797 550 3866 τῇ
589 3795 801 3866 ἐρήμῳ,
844 3811 862 3843 ι
899 3790 1042 3845 καΟά
1070 3789 1400 3860 γέγραπται.
1449 3787 1669 3858 Ἐπειδὴ
1707 3788 1765 3840 δὲ

167 3888 436 3958 διέϐησαν
459 3885 548 3938 τὸν
582 3884 852 3954 Ἰορδάνην
874 3883 924 3935 οἱ
950 3880 1065 3952 μετ’
1085 3880 1302 3942 αὐτοὺς,
1329 3878 1763 3949 στρατηγοῦντος

181 3977 391 4050 Ἰησοῦ,
438 3975 597 4030 πάλιν
646 3973 741 4027 τοῦ
787 3971 979 4043 χρόνου
1026 3969 1433 4041 προϐαίνοντος,
1477 3967 1764 4035 γεγονότες

171 4071 279 4125 ὑπὸ
326 4067 543 4141 κριτὰς,
574 4065 968 4137 λελατρεύκασι
1000 4064 1112 4124 τοῖς
1155 4059 1412 4124 εἰδώλοις.
1464 4059 1626 4114 Ἀλλά
1669 4060 1767 4113 καὶ

170 4168 231 4219 ὲν
280 4165 500 4235 καιροῖς
543 4161 651 4215 τῶν
679 4157 846 4227 ἁγίων
881 4155 1176 4228 προφητῶν
1218 4152 1481 4206 τεθύκασι
1522 4155 1644 4214 ταῖς
1675 4151 1768 4205 δα-

174 4257 382 4328 μάλεσι
414 4257 533 4317 ταῖς
561 4254 809 4324 χρυσαῖς,
845 4249 910 4312 ἃς
947 4247 1247 4316 πεποίηκεν
1283 4247 1465 4310 αὐτοίς
1496 4247 1524 4299 6
1556 4245 1768 4314 ἑττόιρα⁹

171 4367 265 4413 τος
309 4346 614 4419 Ἱεροὼάμ.
653 4344 761 4397 Καὶ
796 4342 932 4412 πρὸς
967 4339 1176 4402 τούτοις
1218 4337 1297 4392 ἔτι
1327 4338 1530 4409 τεμένη
1574 4355 1633 4390 τε
1673 4337 1770 4390 καὶ

175 4443 405 4514 βωμοὺς
437 4439 773 4502 ἀνιστάντες,
808 4435 960 4488 οὐδὲν
985 4428 1148 4504 ἦττον
1184 4432 1666 4501 προσκεκυνήκασι
1692 4429 1769 4499 τῷ

174 4537 348 4601 Βαὰλ,
383 4535 460 4606 τῷ
483 4531 710 4604 Χαμὼς,
743 4533 809 4602 τῇ
853 4527 1145 4598 Ἀστάρτῃ,
1176 4526 1254 4596 τῷ
1283 4521 1626 4594 Βεελφεγὼρ.
1660 4523 1769 4577 Καὶ

171 4631 235 4683 τὸ
266 4627 479 4682 τούτων
510 4625 765 4678 ἐπέκεινα
795 4622 903 4675 τῶν
935 4621 1142 4681 κακῶν,
1183 4619 1245 4671 οὐ
1279 4615 1388 4688 γάρ
1424 4616 1488 4686 δὴ
1516 4616 1616 4686 τὴν
1642 4615 1771 4682 ἀγε-

172 4723 342 4777 λαίαν
383 4720 476 4774 καὶ
517 4715 833 4788 συρφετώδη
878 4712 1092 4783 πληθὺν
1133 4710 1300 4781 μόνην
1346 4710 1403 4761 ὲν
1432 4707 1642 4769 τούτοις
1672 4723 1766 4774 γε-

172 4811 372 4865 νέσθαι
406 4807 584 4878 φαμὲν
605 4849 620 4873 ,
652 4806 786 4859 άλλά
815 4803 926 4874 γάρ
954 4803 1048 4856 καὶ
1091 4800 1152 4865 ἐξ
1197 4799 1374 4853 αὐτῶν
1413 4799 1523 4851 τῶν
1576 4798 1766 4869 ἱερέων

172 4900 573 4962 ὲκκεκλικότας
631 4896 860 4959 πολλοὺς
934 4894 1258 4964 εὑρήσομεν.
1322 4888 1612 4960 Τοιγάρτοι
1673 4887 1768 4941 καὶ⁴

175 4997 389 5064 ἔφασκε
421 4991 507 5046 διὰ
537 4988 633 5042 τοῦ
676 4987 958 5058 προφήτου
1001 4987 1028 5038 6
1079 4983 1245 5046 Θεός·
1293 4999 1311 5031 ι
1350 4983 1411 5034 Ol
1450 4982 1612 5050 ἱερεῖς
1667 4979 1768 5031 οὐκ

173 5084 344 5140 εἶπαν
366 5102 379 5115 ·
412 5081 522 5137 Ποῦ
566 5085 682 5135 ἐστι
724 5079 927 5150 Κύριος
954 5095 967 5143 ;
1019 5075 1112 5129 καὶ
1142 5076 1190 5127 οἱ
1223 5074 1570 5143 ἀντεχόμενοι
1599 5074 1765 5142 νόμου

173 5178 283 5230 οὐκ
316 5173 616 5244 ἠπίσταντό
648 5187 736 5242 με,
778 5169 872 5222 καὶ
895 5171 942 5221 οἱ
973 5166 1230 5236 ποιμένες
1259 5164 1490 5234 ἠσέϐουν
1528 5163 1606 5225 εἰς
1643 5161 1764 5230 ἐμὲ,

175 5270 278 5322 καὶ
317 5269 369 5321 οἱ
413 5266 689 5337 προφῆται
737 5261 1108 5332 προεφήτευον
1148 5261 1214 5329 τῇ
1260 5256 1426 5320 Βαάλ,
1462 5256 1558 5309 καὶ
1592 5254 1769 5306 ὀπίσω

175 5359 498 5431 ἀνωφελοῦς
553 5355 946 5427 ἐπορεύθησαν.
990 5371 1008 5403 ι
1057 5351 1320 5404 Τεθέαται
1363 5349 1419 5402 δὲ
1447 5349 1542 5401 καὶ
1576 5348 1603 5400 ὁ
1641 5363 1774 5416 προ·

177 5458 370 5526 φήτης
409 5450 668 5521 Ἱεζεχιὴλ
695 5449 770 5511 ὡς
797 5449 968 5500 εῐκοσι
1008 5446 1103 5499 καὶ
1145 5445 1305 5496 πέντε
1347 5442 1545 5513 ἄνδρας
1575 5441 1639 5493 ἐκ
1666 5438 1774 5493 τῶν

177 5541 577 5614 πρεσῦυτέρων
640 5536 878 5609 Ἰσραὴλ,
937 5534 1005 5588 τά
1059 5533 1281 5587 ὀπίσθια
1342 5532 1500 5602 μόνον
1555 5530 1778 5600 ἔχοντας

179 5637 326 5707 πρὸς
358 5634 452 5689 τὸν
486 5633 612 5689 ναδν
645 5631 874 5701 Κυρίου,
911 5628 1004 5682 καὶ
1037 5627 1105 5680 τὰ
1143 5626 1412 5696 πρόσωπα
1441 5622 1621 5676 αὐτῶν
1669 5622 1778 5675 ἀπ-

1866 3421 2106 3492 ipsorum
2149 3421 2453 3491 Rhempha,
2509 3422 2710 3492 ﬁguras
2747 3438 2885 3490 quas
2925 3421 3168 3477 fecerunt
3214 3423 3445 3477 adorare

1867 3529 1958 3568 cas
1980 3515 2044 3568 ’⁵.
2078 3532 2096 3564 ι
2125 3511 2232 3567 Sed
2255 3513 2327 3567 illi
2349 3514 2562 3584 quidem
2585 3515 2879 3585 perierunt.
2907 3536 2924 3565 ‹
2951 3516 3272 3570 Ceciderunt
3301 3516 3444 3570 enim

1869 3606 2108 3659 membra
2180 3621 2366 3660 eorum
2435 3608 2485 3660 in
2573 3609 2826 3672 deserto,
2881 3629 2898 3660 ι
2971 3609 3112 3662 sicut
3179 3609 3442 3676 scriptum

1868 3698 2037 3752 est".
2074 3697 2168 3752 Ast
2198 3698 2286 3751 ubi
2324 3700 2524 3767 posteri
2552 3716 2736 3754 eorum
2767 3700 3055 3754 Jordauem
3091 3701 3446 3766 transierunt,

1868 3789 2002 3844 duce
2032 3789 2218 3853 Iosue,
2253 3791 2446 3845 deinde
2478 3794 2803 3858 procedente
2849 3803 3092 3861 tempore
3125 3795 3227 3847 sub
3248 3793 3443 3863 judici-

1868 3881 1968 3935 bus
2005 3881 2242 3946 fuerunt,
2297 3883 2605 3938 servierunt
2643 3885 2820 3938 idolis.
2856 3885 2960 3939 Sed
3008 3895 3060 3938 et
3119 3885 3450 3952 temporibus

1869 3982 2184 4027 sanctorum
2229 3975 2612 4043 prophetarum
2659 3977 3104 4031 sacriﬁcaverunt
3135 3976 3319 4030 vitulis
3353 3990 3451 4029 au-

1871 4062 1998 4124 reis,
2045 4079 2184 4132 quos
2209 4064 2288 4117 eis
2323 4064 2450 4119 fecit
2491 4065 2811 4122 maledictus
2836 4065 3209 4120 Jerohoam".
3247 4065 3311 4116 Et
3360 4065 3445 4118 in-

1869 4171 2035 4224 super
2060 4157 2307 4222 delubra,
2342 4169 2395 4210 et
2433 4174 2557 4213 aras
2593 4159 2887 4226 erigentes,
2925 4157 3273 4212 nihilominus
3302 4158 3447 4221 Baal,

1871 4245 2130 4310 Cbamos,
2169 4247 2445 4309 Astarten,
2481 4246 2812 4316 Beelphegor
2851 4247 3169 4300 adorahant.
3215 4249 3279 4302 Et
3309 4249 3449 4317 quod

1872 4338 2031 4392 malis
2063 4338 2182 4392 istis
2221 4339 2395 4407 pejus,
2448 4354 2552 4391 non
2588 4337 2857 4405 plebeium
2906 4347 2958 4391 et
2995 4339 3229 4406 ignobile
3259 4342 3450 4410 vulgus

1875 4439 2082 4482 tantum
2132 4431 2184 4482 in
2219 4430 2302 4484 his
2338 4429 2508 4484 fuisse
2539 4431 2788 4494 dicimus,
2840 4432 2934 4485 sed
2970 4447 3034 4484 cx
3087 4432 3202 4499 ipso
3238 4447 3451 4502 quoque

1872 4520 2216 4576 sacerdotum
2245 4522 2438 4577 ordine
2466 4524 2667 4576 multos
2698 4521 2984 4577 deflexisse
3013 4533 3246 4577 constat.
3273 4523 3450 4590 Quare

1874 4621 1930 4667 et
1963 4619 2059 4680 per
2093 4611 2412 4682 prophetam
2448 4613 2663 4668 dicebat
2697 4613 2837 4667 Deus
2872 4631 2885 4666 :
2921 4632 2938 4664 ι
2973 4614 3296 4668 Sacerdotes
3347 4630 3451 4667 non

1875 4706 2169 4760 dixerunt:
2205 4706 2306 4760 Ubi
2358 4716 2441 4761 est
2487 4707 2787 4760 Dominus?
2819 4716 2872 4761 et
2915 4708 3231 4775 proﬁtentes
3279 4707 3451 4776 legem

1873 4814 1978 4852 non
2019 4800 2384 4866 agnoscebant
2428 4814 2532 4863 me,
2562 4807 2614 4853 et
2640 4799 2803 4868 815
2830 4809 3076 4868 pastores
3129 4799 3292 4866 impie
3325 4814 3451 4867 age-

1875 4892 2006 4946 bant
2033 4891 2085 4944 in
2124 4905 2227 4957 me,
2263 4901 2318 4945 et
2345 4891 2621 4960 pr0pheta‘.
2649 4891 3044 4961 pruphetabant
3075 4890 3224 4956 Baal,
3253 4900 3305 4945 et
3330 4899 3454 4961 post

1879 4983 2067 5036 inutile
2098 4973 2351 5036 abierunt
2372 4983 2439 5034 ’⁸.
2476 5001 2495 5035 ι
2528 4983 2674 5038 Vidit
2706 4985 2869 5038 etiam
2901 4985 3161 5053 propheta
3196 4983 3452 5038 Ezechiel

1876 5073 2096 5128 circiter
2135 5072 2323 5144 viginti
2356 5073 2595 5142 quinque
2637 5073 2787 5128 viros
2837 5073 2905 5127 de
2937 5074 3246 5127 senioribus
3287 5071 3451 5126 Israel

1878 5173 2028 5236 terga
2064 5176 2272 5221 tantum
2298 5167 2646 5222 obvertentes
2679 5165 2880 5234 templo
2918 5166 3153 5230 Domini,
3187 5173 3242 5220 et
3273 5165 3453 5218 vultus

1877 5260 2208 5316 avertentes,
2246 5265 2310 5306 ac
2350 5250 2519 5306 solem
2547 5265 2737 5306 versus
2766 5249 3033 5304 orientem
3071 5249 3360 5302 adorantes
3381 5249 3449 5301 ”.

1872 5345 1940 5399 Et
1981 5344 2352 5412 hujuscemodi
2389 5344 2618 5414 plurima
2666 5343 3013 5398 accumulare
3057 5341 3194 5395 nihil
3230 5349 3313 5394 est
3362 5353 3456 5394 ne-

1875 5435 2026 5504 gotii.
2067 5433 2398 5489 Suffecerint
2425 5442 2629 5498 autem,
2669 5434 2883 5502 opinor,
2913 5440 2968 5485 et
3014 5433 3129 5484 haec
3169 5430 3233 5481 ad
3265 5444 3452 5482 eorum

1877 5525 2166 5580 ruditalcm
2233 5525 2679 5580 convincendum.
2745 5522 2884 5592 Erga
2948 5520 3246 5574 Iluetuabat
3304 5535 3457 5574 mens

1881 5629 2152 5684 veterum,
2191 5628 2248 5672 ct
2291 5617 2556 5674 delirabat
2605 5602 2951 5684 magnopere.
2989 5613 3258 5679 Quocirca
3293 5620 3349 5666 et
3393 5612 3460 5666 de

261 5840 308 5873 ²¹
342 5838 531 5893 Matth.
557 5854 649 5900 vn,
680 5837 732 5890 6.
800 5835 844 5866 ³³
881 5833 1047 5888 Exod.
1084 5848 1191 5892 xw,
1223 5832 1239 5884 I
1273 5846 1422 5898 seqq.
1455 5846 1468 5890 ς
1507 5845 1615 5900 svi.
1671 5829 1686 5881 l
1731 5845 1760 5881 si

1869 5844 1904 5885 .;
1939 5825 2094 5877 Num.
2127 5840 2190 5900 sx
2217 5865 2227 5885 ,
2258 5823 2398 5900 l-_~lf_i_.
2462 5822 2508 5900 “_
2540 5819 2705 5874 Exod.
2733 5835 2909 5900 svnt,
2940 5820 2960 5874 I
3000 5837 3149 5892 seqq.
3216 5821 3260 5854 ³⁸
3293 5819 3459 5873 Amos

183 5928 243 5972 ν,
278 5910 370 5964 ‘16.
449 5899 678 5965 “Hebr.
714 5923 794 5972 tn,
837 5905 920 5959 l7.
1000 5905 1044 5936 ⁸⁷
1080 5901 1144 5959 Ill
1176 5902 1303 5973 Reg.
1341 5899 1648 5966 xu,‘28-55.

1730 5900 1771 5930 "‘
1808 5898 2002 5952 Jerem.
2041 5910 2098 5960 ll,
2132 5896 2181 5946 8.

2278 5896 2320 5925 ²ε³
2356 5893 2549 5945 Ιοέιοριι.
2585 5906 2699 5956 vm,
2731 5892 2812 5945 Ib'.
