4070 6524
2538 340 2583 351 μισ
2630 341 2637 345 ·

680 455 790 510 275
1672 457 1730 508 δ.
1772 455 2048 505 ιῐιίιιιι
2087 454 2287 506 ΑΒΕΧΑ

2300 454 2561 510 ιΝιπιιΝι
2604 451 2923 507 ARClllEP.
3832 468 3907 525 m

683 569 819 640 ipsis
844 565 1019 621 aiebat
1046 565 1185 619 Deus
1216 583 1229 619 :
1261 581 1280 615 ι
1316 564 1637 620 Dilexerunt
1669 581 1889 620 movere
1913 565 2080 634 pedes
2106 580 2253 629 suos,
2287 621 2290 630 ς

2296 576 2331 631 Α
2360 568 2564 631 ἐναντι,
2614 564 3056 637 προσκυνοῦντάς
3102 581 3160 616 τε
3207 563 3360 619 κατὰ
3403 564 3667 631 ἀνατολὰς
3696 569 3766 640 τῷ
3790 573 3903 646 ἡλίῳ,

683 670 737 714 et
785 673 889 712 non
955 665 1343 725 pepercerunt,
1387 664 1443 709 et
1500 657 1612 711 Deo
1662 672 1768 711 non
1823 655 2152 723 complacuit
2205 656 2257 709 in

2364 661 2472 714 Καὶ
2503 660 2729 713 πλεῖστα
2763 658 2861 727 μὲν
2888 658 2945 709 ὲν
2977 655 3188 718 τούτοις
3216 655 3593 725 ἐπισωρεύειν
3623 656 3773 729 ἕτερα
3796 666 3906 732 χαλε.

685 750 768 804 eis
792 748 857 799 ”.
893 766 912 798 ι
952 745 1134 800 Facile
1175 747 1317 799 enim
1355 741 1407 799 in
1443 755 1612 800 tetras
1658 745 1997 802 idololatrias
2026 744 2261 799 abduce-

2364 750 2465 804 πὸν
2510 750 2701 804 οὐδέν’
2777 748 3032 822 ἀρκέσειν
3079 747 3135 800 δὲ
3199 744 3366 817 οἶμαι
3434 747 3531 800 καὶ
3590 748 3752 803 ταῦτα
3808 757 3904 824 πρὸς

687 841 905 902 bantur,
938 844 993 889 et
1038 851 1157 891 cum
1205 845 1391 890 essent
1430 836 1643 891 oriundi
1690 852 1720 892 e
1767 837 2031 906 sanguine
2074 835 2260 899 Israel,

2364 840 2584 911 ἔλεγχον
2608 841 2709 909 τῆς
2739 840 2964 907 ἐνούσης
2989 837 3171 900 αὐτοῖς
3204 834 3611 907 ἁφιλομαθίας.
3639 838 3823 891 Οὐκοῦν
3847 861 3905 894 σε·

689 928 1023 998 alienigenas
1062 928 1396 982 Chananaeos
1448 928 1647 981 imitari
1693 927 2053 982 conabantur.
2113 927 2264 982 Post-

2366 931 2592 985 σάλευτο
2634 931 2732 1001 μὲν
2759 930 2867 982 τῶν
2899 929 3275 1000 ἀρχαιοτέρων
3310 928 3341 979 ὁ
3376 923 3527 992 νοῦς⁹
3558 925 3652 980 καὶ
3678 923 3739 997 ἦν
3773 934 3902 1000 περὶ.

687 1035 849 1089 quam
890 1028 1071 1073 autem
1103 1019 1439 1087 unigenitum
1475 1019 1569 1073 Dei
1597 1018 1834 1074 Verbum
1884 1019 2055 1074 nostri
2086 1021 2263 1075 simile

2366 1040 2529 1093 φορος
2560 1021 2776 1091 κομιδῇ.
2820 1021 3109 1089 Τοιγάρτοι
3140 1020 3235 1071 καὶ
3283 1017 3420 1087 περὶ
3452 1017 3632 1069 αὐτων
3661 1016 3755 1088 ἔφη
3779 1019 3902 1083 856;-

687 1112 892 1165 factum
935 1121 1019 1163 est
1043 1108 1114 1175 ³¹,
1150 1118 1205 1163 et
1247 1110 1576 1178 justiﬁeatos
1614 1110 1718 1165 fide
1752 1109 1797 1141 ³²
1833 1120 2024 1165 sancto
2056 1110 2261 1181 Spiritu

2371 1133 2390 1165 ι
2434 1113 2756 1182 Ἠγάπησαν
2785 1114 2956 1165 κινεῖν
2985 1110 3153 1171 πόδας
3172 1107 3382 1170 αὐτῶν,
3408 1106 3506 1159 καὶ
3531 1106 3631 1159 οὐκ
3656 1107 3900 1175 ἐφείσαντο,

689 1201 753 1252 ad
788 1213 846 1254 se
875 1201 1195 1254 accedentes
1218 1200 1524 1269 obsignavit
1553 1200 1671 1270 ejus
1697 1200 1894 1268 gratia,
1929 1214 2083 1255 mens
2111 1201 2265 1258 nobis

2366 1205 2461 1258 καὶ
2484 1206 2512 1257 ὁ
2533 1203 2663 1266 Θεὸς
2681 1203 2780 1255 οὐκ
2802 1201 3101 1273 ηὐδόκησεν
3126 1203 3183 1253 ὲν
3212 1200 3429 1260 αὐτοῖς.
3470 1216 3490 1247 ι
3524 1198 3904 1268 Παρεκομίζοντο

688 1291 935 1354 stabilts,
978 1292 1299 1346 inconcussa
1344 1300 1400 1345 et
1454 1292 1667 1344 ﬁrmata
1720 1292 1771 1344 in
1820 1292 2022 1360 pietate
2067 1293 2262 1348 evasit.

2365 1293 2475 1364 γὰρ
2491 1292 2726 1355 εὐκόλως
2751 1294 2832 1354 είς
2858 1291 3091 1353 ἀτόπους
3118 1287 3597 1359 εἰδωλολατρείας,
3628 1289 3713 1341 καὶ
3738 1294 3902 1359 γεγονό-

689 1380 799 1436 Nec
832 1382 975 1435 enim
1006 1382 1290 1451 quisquam
1318 1382 1672 1453 persuadebit
1712 1382 2069 1438 sanetilicatis
2098 1384 2262 1438 alium

2366 1401 2457 1445 τες
2488 1380 2547 1446 ἐξ
2573 1382 2805 1451 αἵματος
2846 1380 3085 1452 Ἰσραὴλ,
3119 1379 3248 1441 τοὺς
3283 1377 3600 1444 ωλογενεῖς
3630 1378 3902 1443 Χαναναίους

689 1473 869 1527 colere
902 1474 1069 1528 Deum
1118 1480 1315 1541 prteter
1363 1488 1487 1527 eum
1528 1474 1619 1543 qui
1676 1484 1866 1528 natura
1905 1486 1961 1529 et
2009 1489 2138 1530 vere
2182 1484 2267 1529 est

2369 1472 2564 1545 ζηλοῦν
2592 1471 2942 1534 ἐσπούδαζον.
3000 1469 3219 1540 Ἐπειδὴ
3252 1469 3312 1521 δὲ
3349 1467 3475 1521 καθ’
3500 1469 3648 1537 ἡμᾶς
3678 1468 3902 1536 γέγονενό

689 1566 855 1628 Deus,
886 1577 1046 1633 quem
1085 1565 1249 1618 Deum
1289 1564 1343 1618 in
1372 1564 1592 1620 Christo
1619 1568 1989 1637 cognovimus.
2019 1564 2269 1621 Ostendit

2372 1563 2665 1634 μονογενὴς
2687 1560 2781 1615 τοῦ
2814 1561 2955 1615 Θεοῦ
2986 1562 3182 1630 Λόγος,
3210 1562 3309 1614 καὶ
3334 1558 3639 1621 δικαιώσας
3663 1562 3723 1629 τῇ
3751 1561 3900 1623 πίστει,

689 1655 834 1709 enim
872 1655 1031 1710 nobis
1078 1655 1130 1710 in
1172 1657 1355 1726 seipso
1390 1656 1633 1721 Patrem,
1667 1659 1857 1712 dicens
1889 1676 1903 1711 :
1938 1676 1961 1707 ι
1989 1659 2090 1724 Qui
2134 1659 2269 1713 vidit

2368 1656 2449 1727 τῷ
2477 1656 2617 1726 ἁγίῳ
2638 1655 2918 1725 Πνεύματι
2942 1654 3358 1724 κατεσφράγισε
3389 1651 3520 1714 τοὺς
3548 1653 3614 1720 τῇ
3648 1654 3765 1719 παρ’
3781 1652 3901 1704 αὐτοῦ

688 1759 798 1806 me,
828 1744 965 1797 vidit
1002 1754 1058 1798 et
1092 1743 1307 1798 Patrem
1329 1746 1396 1799 ³³.
1430 1764 1449 1798 ι
1484 1746 1673 1815 Itaque
1708 1746 1762 1799 in
1786 1746 1876 1800 die
1921 1747 2032 1810 “L1,
2069 1746 2264 1815 inquit,

2370 1747 2696 1816 προσιόντας
2741 1746 2958 1816 χάριτιθ
3008 1744 3231 1813 γέγονεν
3286 1744 3429 1812 ἡμῖν
3479 1741 3686 1811 ἑδραῖος
3726 1743 3751 1793 ὁ
3794 1741 3899 1804 νοῦς,

690 1836 793 1890 hoc
820 1844 906 1891 est
934 1836 989 1890 in
1022 1836 1112 1891 illo
1136 1846 1399 1906 tempore,
1425 1852 1531 1891 non
1558 1839 1663 1894 erit
1692 1837 2056 1903 Cbauanreus,
2088 1839 2138 1892 id
2160 1848 2264 1902 est,

2370 1836 2621 1907 ἀσφαλής
2659 1853 2719 1887 τε
2744 1836 2838 1888 καὶ
2867 1835 3283 1897 ἁκατάσειστος,
3317 1833 3418 1886 καὶ
3461 1828 3720 1900 πεπηγὼς
3752 1830 3817 1892 εἰς
3838 1831 3900 1882 εὐ-

590 1929 601 1991 I;
692 1926 993 1996 alienigena
1044 1937 1101 1981 et
1139 1928 1420 1982 idololatra
1475 1928 1528 1983 in
1584 1930 1744 1984 domo
1778 1930 1985 1984 Domini
2019 1931 2197 1999 omnip

2298 1960 2345 2019 Β
2375 1928 2610 1982 σέὁειαν.
2666 1927 2976 1981 Ἀναπείσει
3021 1926 3132 1997 γὰρ
3172 1925 3358 1987 οὐδεὶς
3407 1925 3537 1985 τοὺς
3577 1921 3899 2019 ἡγιασὴιῖιένοος,

695 2016 875 2070 tentis.
928 2017 1161 2071 Stabibti
1214 2018 1358 2071 enim
1404 2032 1618 2081 sumus.
1667 2027 1725 2072 ut
1763 2020 1895 2082 dixi,
1946 2019 2001 2072 in
2050 2020 2173 2083 (ide,
2214 2012 2302 2073 et'

2299 2012 2339 2019 ’”
2373 2022 2559 2093 ἓτερον
2583 2021 2811 2092 τιμῆσαι
2841 2019 2976 2073 Θεὸν
3008 2019 3161 2089 παρὰ
3190 2018 3284 2070 τὸν
3320 2016 3489 2086 φύσει
3526 2031 3585 2066 τε
3605 2014 3694 2066 καὶ
3722 2012 3900 2083 ἀληθῶς,

694 2104 1003 2159 securitatis
1052 2106 1389 2160 ornamentis
1438 2120 1537 2173 per
1582 2105 1856 2161 Christum
1904 2108 2265 2170 cohonestati,

2373 2111 2433 2163 ὃν
2464 2110 2785 2181 ἐγνώκαμεν
2817 2111 2949 2164 Θεὸν
2988 2111 3045 2162 ὲν
3071 2106 3317 2179 Χριστῷ.
3359 2102 3653 2175 Παρὲδειξε
3686 2101 3780 2172 γὰρ
3808 2104 3899 2171 ἡμῖν

691 2206 789 2258 per
822 2208 982 2261 quem
1023 2204 1230 2251 etcum
1278 2211 1384 2263 quo
1430 2195 1541 2249 Deo
1593 2205 1649 2250 et
1704 2195 1850 2250 Patri
1905 2197 2097 2265 gloria,
2141 2212 2266 2252 cum

2374 2202 2432 2254 ὲν
2465 2203 2641 2273 ἑαυτῷ
2678 2203 2769 2256 τὸν
2814 2200 3054 2272 Πατέρα,
3099 2199 3309 2266 λέγων’
3355 2217 3375 2246 ‹
3440 2196 3500 2248 Ὀ
3534 2191 3773 2263 ἑωρακὼς
3814 2190 3899 2258 ἐμὲ.

694 2293 883 2338 sancto
917 2283 1119 2353 Spiritu
1153 2287 1205 2339 in
1250 2300 1464 2339 ovnnem
1492 2289 1869 2342 aeternitatem.
1907 2290 2098 2343 Amen.

2376 2293 2588 2363 ἑώρακε
2627 2296 2718 2349 τὸν
2758 2295 2998 2367 Πατέρα.
3037 2313 3056 2346 ι
3091 2292 3307 2347 Οὐκοῦν
3346 2291 3407 2342 ἐν
3442 2291 3509 2360 τῇ
3544 2286 3719 2358 ἡμέρᾳ
3746 2284 3896 2352 ἐκείνῃ,

694 2376 848 2443 φησὶ,
894 2378 1163 2443 τουτέστι,
1216 2379 1333 2431 κατ’
1363 2381 1538 2432 ἐκεῖνο
1582 2382 1676 2433 τοῦ
1727 2382 1942 2452 καιροῦ,
1989 2385 2088 2435 οὐκ
2162 2383 2314 2436 ἔσται
2352 2388 2676 2453 Χαναναῖος,
2711 2390 3012 2452 τουτέστιν,
3083 2385 3383 2455 ἀλλογενὴς
3421 2383 3515 2437 καὶ
3555 2371 3899 2449 εἱδῶλοὶᾶτρηςι

693 2470 751 2519 ἐν
793 2469 871 2540 τῷ
908 2471 1041 2539 οἴκῳ
1090 2472 1297 2542 Κυρίου
1345 2475 1802 2545 παντοκράτορος.
1872 2476 2275 2547 Ἐρηρείσμεοα
2306 2480 2435 2550 γὰρ,
2507 2483 2582 2545 ὡς
2643 2482 2812 2552 ἔφην,
2867 2485 2925 2535 ὲν
2972 2482 3172 2543 πίστει,
3222 2480 3321 2533 καὶ
3366 2479 3482 2541 τοῖς
3534 2478 3611 2540 εἰς
3661 2473 3896 2542 ἀσφάλειαν

696 2562 973 2631 αὐχήμασι
1018 2564 1436 2634 κατεστέμμεθα
1478 2568 1567 2621 διὰ
1623 2569 1896 2639 Χριστοῦ,
1958 2570 2026 2623 δι’
2072 2567 2132 2626 οῦ
2182 2574 2275 2626 καὶ
2316 2578 2435 2644 μεθ’
2474 2572 2532 2629 οἶ]
2572 2578 2649 2629 τῶ
2692 2578 2809 2647 Θεῴ
2859 2578 2950 2630 καὶ
3029 2576 3202 2648 Πατρὶ
3254 2576 3293 2645 ἡ
3337 2572 3489 2637 δόξα,
3538 2572 3630 2624 σὺν
3697 2567 3766 2638 τῷ
3798 2567 3898 2633 ἁγιῳ

698 2656 996 2725 ῐΙνεύματι,
1029 2658 1108 2720 είς
1135 2660 1259 2723 τοὺς
1284 2660 1503 2723 αἰῶνας.
1554 2661 1743 2730 Ἀμήν.

771 2811 814 2841 ³⁸
850 2811 1180 2881 Jerem.xrv,
1210 2814 1294 2870 10.
1374 2816 1417 2847 ³¹
1445 2816 1640 2887 Philip.
1676 2834 1735 2884 ιι,
1763 2820 1818 2881 6,
1849 2822 1900 2874 7.
1980 2822 2026 2853 ³²
2059 2822 2216 2876 Rom.
2252 2836 2303 2887 ν,
2341 2823 2367 2876 1

1374 2816 1417 2847 ³¹
1445 2816 1640 2887 Philip.
1676 2834 1735 2884 ll,
1763 2820 1818 2881 6,
1849 2822 1900 2874 7.
1980 2822 2026 2853 ³²
2059 2822 2216 2876 Rom.
2252 2836 2303 2887 ν,
2341 2823 2393 2876 1.
2472 2822 2517 2853 ³³
2552 2820 2709 2875 Jnau.
2746 2837 2857 2885 xw,
2892 2821 2925 2873 9

713 3026 3539 3066 Μ

2650 3025 3893 3067 Ξῌτμῇ--μ--ῌ”ΨΜ

1449 3213 1674 3297 ΤΟΥ
1748 3216 1889 3299 ΕΝ
1966 3217 2331 3301 ΑΓΙΟΙΣ
2404 3219 2837 3304 ΠΑΤΡΟΣ
2915 3217 3243 3303 ΗΜΩΝ

1752 3434 2924 3608 ΚΥΡΙΛΑΟΥ

1589 3697 2332 3753 ΛΡΧΙΕΠΙΣΚΟΠΟΥ
2398 3702 3079 3759 ΑΛΕΞΑΝΔΡΕΙΛΣ

1843 3883 2213 3938 ΕΞΗΓΗΣΙΣ
2276 3884 2675 3940 ΥΠΟΜΝΗΜΑ
2687 3886 2850 3939 ΤΙΚΗ

960 4054 1222 4180 ΕΙΣ
1301 4050 1647 4185 ΤΟΝ
1726 4049 2679 4182 ΠΡΟΦΗΤΗΝ
2762 4046 3675 4185 ΜΑΑΑΧΙΑΝ.

1410 4465 1580 4720 s.
1722 4471 1918 4639 P.
2058 4468 2258 4640 N.
2404 4466 3282 4645 CYBILLI

1851 4761 2318 4817 ALEXANDRIZE
2358 4763 2880 4823 ARCHIEPISCOPI

945 4933 1067 5025 IN
1147 4934 1843 5023 MALACHIAM
1923 4932 2656 5024 PROPHETAM
2746 4930 3719 5054 COMMENTARIUS,

1980 5123 2380 5174 ()ONTINENS
2417 5125 2640 5173 TOMOS
2688 5125 2761 5173 II.

1136 5466 1863 5560 PBOCEMIUM.
2323 5476 2365 5533 ϐ

2323 5476 2365 5533 C
2857 5471 3505 5558 ΠΡΟΟΙΜΙΟΝ.

793 5619 1037 5691 8161.
1079 5619 1154 5673 De
1203 5616 1483 5671 Malachia:
1538 5628 1752 5683 quoque
1796 5614 2064 5669 vaticiniis
2120 5629 2289 5684 pauca

2274 5631 2289 5667 ι
2470 5606 2526 5657 A'
2589 5606 2699 5659 Καὶ
2732 5606 2861 5675 περὶ
2890 5607 2986 5677 τῆς
3009 5606 3102 5659 τοῦ
3137 5609 3419 5678 Μαλαχίου
3452 5593 3752 5691 προφητείας
3770 5580 3881 5691 mi“

724 5713 994 5783 praefanda
1044 5716 1171 5763 sunt
1198 5709 1263 5761 ad
1308 5708 1574 5760 docendos
1619 5706 1870 5769 lectores,
1915 5714 1965 5758 et
1997 5706 2287 5760 ostenden-

2270 5736 2287 5744 -
2397 5700 2678 5766 προειπεῖν
2708 5699 3023 5766 ἀναγκαῖον,
3074 5700 3163 5753 διὰ
3208 5701 3267 5754 τὸ
3300 5700 3402 5754 τῶν
3435 5685 3877 5779 ἐντευξομένωνίευς

726 5773 851 5854 dum
900 5798 1169 5866 quomodo
1217 5797 1425 5865 singula
1480 5812 1597 5864 qum
1661 5795 1911 5847 dicuntur
1964 5796 2285 5864 intelligant.

2272 5836 2285 5849 ο
2402 5789 2588 5859 εαθὲς.
2627 5789 2718 5841 καὶ
2758 5789 2871 5851 πῶς
2916 5789 2979 5843 ἂν
3020 5790 3208 5844 εἰδεῖεν
3244 5790 3440 5843 ἕκαστα
3478 5783 3577 5838 τῶν
3612 5773 3722 5843 παρ’
3758 5773 3873 5865 αυξοδ

726 5865 1281 5957 ιιιυιιιοιιίιιηςιηίδείε
1309 5886 1641 5954 temporibus
1677 5884 2024 5954 captivitatis,
2060 5900 2087 5940 c
2116 5886 2288 5953 Baby-

2270 5918 2288 5928 —
2399 5881 2679 5951 κειμένων.
2745 5883 3179 5953 Πεπερασμένισν)
3222 5880 3497 5954 τοιγαροῦν
3535 5875 3630 5930 τῶν
3672 5865 3753 5933 τῆς
3790 5865 3877 5917 Μ’
