  <div class='ocr_page' id='page_1' title='image "/cluster/home/n/w/nwhite01/storage/ocr_20150623/72/hvd.32044019207893/146.png"; bbox 0 0 4070 6538; ppageno 0'>
   <div class='ocr_carea' id='block_1_1' title="bbox 152 451 272 507">
    <p class='ocr_par' dir='ltr' id='par_1_1' title="bbox 152 451 272 507">
     <span class='ocr_line' id='line_1_1' title="bbox 152 451 272 507; baseline 0 0"><span class='ocrx_word' id='word_1_1' title='bbox 152 451 272 507; x_wconf 61' lang='grc' dir='ltr'>Μ</span> 
     </span>
    </p>
   </div>
   <div class='ocr_carea' id='block_1_2' title="bbox 1011 437 2605 502">
    <p class='ocr_par' dir='ltr' id='par_1_2' title="bbox 1011 437 2605 502">
     <span class='ocr_line' id='line_1_2' title="bbox 1011 437 2605 502; baseline -0.004 -1"><span class='ocrx_word' id='word_1_2' title='bbox 1011 442 1567 502; x_wconf 74' lang='lat' dir='ltr'><strong>COMMENTARIUS</strong></span> <span class='ocrx_word' id='word_1_3' title='bbox 1605 441 1672 498; x_wconf 79' lang='lat' dir='ltr'><strong>IN</strong></span> <span class='ocrx_word' id='word_1_4' title='bbox 1711 439 2128 497; x_wconf 69' lang='lat' dir='ltr'><strong>MALACIIIAM‘</strong></span> <span class='ocrx_word' id='word_1_5' title='bbox 2163 437 2605 496; x_wconf 76' lang='lat' dir='ltr'><strong>PROPIIETAM.</strong></span> 
     </span>
    </p>
   </div>
   <div class='ocr_carea' id='block_1_3' title="bbox 157 553 1774 638">
    <p class='ocr_par' dir='ltr' id='par_1_3' title="bbox 157 561 1746 638">
     <span class='ocr_line' id='line_1_3' title="bbox 157 561 1746 638; baseline -0.003 -19"><span class='ocrx_word' id='word_1_6' title='bbox 157 564 443 638; x_wconf 79' lang='grc' dir='ltr'>μαλωσίας</span> <span class='ocrx_word' id='word_1_7' title='bbox 473 563 700 634; x_wconf 80' lang='grc' dir='ltr'>καιρῶν,</span> <span class='ocrx_word' id='word_1_8' title='bbox 726 561 1083 633; x_wconf 80' lang='grc' dir='ltr'><strong>ἀνεκομίζετο</strong></span> <span class='ocrx_word' id='word_1_9' title='bbox 1105 563 1204 633; x_wconf 84' lang='grc' dir='ltr'>μὲν</span> <span class='ocrx_word' id='word_1_10' title='bbox 1222 564 1287 616; x_wconf 81' lang='grc' dir='ltr'><strong>ἐκ</strong></span> <span class='ocrx_word' id='word_1_11' title='bbox 1300 563 1398 633; x_wconf 83' lang='grc' dir='ltr'><strong>τῆς</strong></span> <span class='ocrx_word' id='word_1_12' title='bbox 1428 561 1746 624; x_wconf 79' lang='grc' dir='ltr'>Βαϐυλῶνος</span> 
     </span>
    </p>
   </div>
   <div class='ocr_carea' id='block_1_4' title="bbox 1862 553 3428 638">
    <p class='ocr_par' dir='ltr' id='par_1_4' title="bbox 1862 553 3428 627">
     <span class='ocr_line' id='line_1_4' title="bbox 1862 553 3428 627; baseline -0.003 -13"><span class='ocrx_word' id='word_1_13' title='bbox 1862 560 1975 616; x_wconf 76' lang='grc' dir='ltr'>ἰοιιο</span> <span class='ocrx_word' id='word_1_14' title='bbox 2015 561 2065 615; x_wconf 84' lang='grc' dir='ltr'>ἰιι</span> <span class='ocrx_word' id='word_1_15' title='bbox 2099 559 2341 615; x_wconf 83' lang='lat' dir='ltr'><strong>Judaeam</strong></span> <span class='ocrx_word' id='word_1_16' title='bbox 2384 554 2704 627; x_wconf 69' lang='lat' dir='ltr'><strong>remigravit,</strong></span> <span class='ocrx_word' id='word_1_17' title='bbox 2734 553 2925 619; x_wconf 72' lang='lat' dir='ltr'><strong>Israel,</strong></span> <span class='ocrx_word' id='word_1_18' title='bbox 2961 553 3100 610; x_wconf 90' lang='lat' dir='ltr'><strong>etin</strong></span> <span class='ocrx_word' id='word_1_19' title='bbox 3150 554 3428 613; x_wconf 82' lang='lat' dir='ltr'><strong>civitatem</strong></span> 
     </span>
    </p>
   </div>
   <div class='ocr_carea' id='block_1_5' title="bbox 153 647 1743 727">
    <p class='ocr_par' dir='ltr' id='par_1_5' title="bbox 153 647 1743 727">
     <span class='ocr_line' id='line_1_5' title="bbox 153 647 1743 727; baseline -0.003 -16"><span class='ocrx_word' id='word_1_20' title='bbox 153 659 235 721; x_wconf 80' lang='grc' dir='ltr'><strong>είς</strong></span> <span class='ocrx_word' id='word_1_21' title='bbox 251 658 360 727; x_wconf 82' lang='grc' dir='ltr'><strong>τὴν.</strong></span> <span class='ocrx_word' id='word_1_22' title='bbox 387 657 647 710; x_wconf 78' lang='grc' dir='ltr'><strong>Ἰουδαίαν</strong></span> <span class='ocrx_word' id='word_1_23' title='bbox 684 657 714 708; x_wconf 99' lang='lat'><strong>6</strong></span> <span class='ocrx_word' id='word_1_24' title='bbox 759 654 997 725; x_wconf 81' lang='grc' dir='ltr'>Ἰσραὴλ,</span> <span class='ocrx_word' id='word_1_25' title='bbox 1027 655 1120 707; x_wconf 77' lang='grc' dir='ltr'><strong>καὶ</strong></span> <span class='ocrx_word' id='word_1_26' title='bbox 1151 656 1230 718; x_wconf 86' lang='grc' dir='ltr'>εἰς</span> <span class='ocrx_word' id='word_1_27' title='bbox 1257 655 1356 726; x_wconf 78' lang='grc' dir='ltr'><strong>τὴν</strong></span> <span class='ocrx_word' id='word_1_28' title='bbox 1389 655 1456 722; x_wconf 84' lang='grc' dir='ltr'><strong>ἀγ</strong></span> <span class='ocrx_word' id='word_1_29' title='bbox 1469 655 1552 706; x_wconf 97' lang='grc' dir='ltr'><strong>ίαν</strong></span> <span class='ocrx_word' id='word_1_30' title='bbox 1589 647 1743 716; x_wconf 82' lang='grc' dir='ltr'>αὖθις</span> 
     </span>
    </p>
   </div>
   <div class='ocr_carea' id='block_1_6' title="bbox 155 746 1745 819">
    <p class='ocr_par' dir='ltr' id='par_1_6' title="bbox 155 746 1745 819">
     <span class='ocr_line' id='line_1_6' title="bbox 155 746 1745 819; baseline -0.003 -17"><span class='ocrx_word' id='word_1_31' title='bbox 155 750 386 817; x_wconf 76' lang='grc' dir='ltr'>ἀφίκετο</span> <span class='ocrx_word' id='word_1_32' title='bbox 411 748 586 810; x_wconf 86' lang='grc' dir='ltr'>πόλιν,</span> <span class='ocrx_word' id='word_1_33' title='bbox 614 748 800 817; x_wconf 65' lang='grc' dir='ltr'>τὸτῆς</span> <span class='ocrx_word' id='word_1_34' title='bbox 838 746 1081 811; x_wconf 80' lang='grc' dir='ltr'><strong>δουλείας</strong></span> <span class='ocrx_word' id='word_1_35' title='bbox 1114 746 1279 816; x_wconf 82' lang='grc' dir='ltr'>ζυγὸν</span> <span class='ocrx_word' id='word_1_36' title='bbox 1305 747 1745 819; x_wconf 51' lang='grc' dir='ltr'>ἀποφορτισάμεςι</span> 
     </span>
    </p>
   </div>
   <div class='ocr_carea' id='block_1_7' title="bbox 157 837 1747 911">
    <p class='ocr_par' dir='ltr' id='par_1_7' title="bbox 157 837 1747 911">
     <span class='ocr_line' id='line_1_7' title="bbox 157 837 1747 911; baseline -0.003 -18"><span class='ocrx_word' id='word_1_37' title='bbox 157 858 266 903; x_wconf 87' lang='grc' dir='ltr'>νος.</span> <span class='ocrx_word' id='word_1_38' title='bbox 314 841 424 894; x_wconf 67' lang='grc' dir='ltr'><strong>Καὶ</strong></span> <span class='ocrx_word' id='word_1_39' title='bbox 470 841 550 910; x_wconf 71' lang='grc' dir='ltr'><strong>δὴε</strong></span> <span class='ocrx_word' id='word_1_40' title='bbox 578 841 606 893; x_wconf 86' lang='lat'><strong>6</strong></span> <span class='ocrx_word' id='word_1_41' title='bbox 637 839 779 904; x_wconf 83' lang='grc' dir='ltr'>θεῖος</span> <span class='ocrx_word' id='word_1_42' title='bbox 827 841 1127 911; x_wconf 84' lang='grc' dir='ltr'>ἐγήγερται</span> <span class='ocrx_word' id='word_1_43' title='bbox 1166 841 1312 902; x_wconf 82' lang='grc' dir='ltr'>ναὸς,</span> <span class='ocrx_word' id='word_1_44' title='bbox 1365 837 1747 907; x_wconf 68' lang='grc' dir='ltr'><strong>ἐφεστηκότων</strong></span> 
     </span>
    </p>
   </div>
   <div class='ocr_carea' id='block_1_8' title="bbox 157 923 1747 998">
    <p class='ocr_par' dir='ltr' id='par_1_8' title="bbox 157 923 1747 998">
     <span class='ocr_line' id='line_1_8' title="bbox 157 923 1747 998; baseline 0 -20"><span class='ocrx_word' id='word_1_45' title='bbox 157 929 265 989; x_wconf 68' lang='grc' dir='ltr'>τοῖς</span> <span class='ocrx_word' id='word_1_46' title='bbox 292 926 475 998; x_wconf 80' lang='grc' dir='ltr'>ἐ-ργ-οις</span> <span class='ocrx_word' id='word_1_47' title='bbox 507 927 816 998; x_wconf 77' lang='grc' dir='ltr'>Ζοροὸάὸελ</span> <span class='ocrx_word' id='word_1_48' title='bbox 837 945 896 980; x_wconf 90' lang='grc' dir='ltr'><strong>τε</strong></span> <span class='ocrx_word' id='word_1_49' title='bbox 928 929 1024 982; x_wconf 82' lang='grc' dir='ltr'><strong>καὶ</strong></span> <span class='ocrx_word' id='word_1_50' title='bbox 1054 927 1146 982; x_wconf 90' lang='grc' dir='ltr'><strong>τοῦ</strong></span> <span class='ocrx_word' id='word_1_51' title='bbox 1177 927 1468 997; x_wconf 72' lang='grc' dir='ltr'><strong>Σαλαθιήλ,</strong></span> <span class='ocrx_word' id='word_1_52' title='bbox 1499 927 1558 990; x_wconf 78' lang='grc' dir='ltr'>ὃς</span> <span class='ocrx_word' id='word_1_53' title='bbox 1583 923 1650 998; x_wconf 80' lang='grc' dir='ltr'><strong>ἦν</strong></span> <span class='ocrx_word' id='word_1_54' title='bbox 1683 927 1747 978; x_wconf 84' lang='grc' dir='ltr'><strong>ἐκ</strong></span> 
     </span>
    </p>
   </div>
   <div class='ocr_carea' id='block_1_9' title="bbox 159 1016 1751 1092">
    <p class='ocr_par' dir='ltr' id='par_1_9' title="bbox 159 1016 1751 1092">
     <span class='ocr_line' id='line_1_9' title="bbox 159 1016 1751 1092; baseline 0.004 -24"><span class='ocrx_word' id='word_1_55' title='bbox 159 1016 331 1086; x_wconf 74' lang='grc' dir='ltr'>φυλῆς</span> <span class='ocrx_word' id='word_1_56' title='bbox 380 1017 571 1082; x_wconf 79' lang='grc' dir='ltr'>Ἰούδα,</span> <span class='ocrx_word' id='word_1_57' title='bbox 615 1019 708 1072; x_wconf 76' lang='grc' dir='ltr'><strong>καὶ</strong></span> <span class='ocrx_word' id='word_1_58' title='bbox 758 1018 930 1090; x_wconf 89' lang='grc' dir='ltr'>Ἰησοῦ</span> <span class='ocrx_word' id='word_1_59' title='bbox 974 1019 1068 1074; x_wconf 89' lang='grc' dir='ltr'><strong>τοῦ</strong></span> <span class='ocrx_word' id='word_1_60' title='bbox 1123 1021 1392 1084; x_wconf 83' lang='grc' dir='ltr'>Ἰωσεδὲκ,</span> <span class='ocrx_word' id='word_1_61' title='bbox 1428 1020 1522 1074; x_wconf 89' lang='grc' dir='ltr'><strong>τοῦ</strong></span> <span class='ocrx_word' id='word_1_62' title='bbox 1557 1020 1751 1092; x_wconf 80' lang='grc' dir='ltr'>ἱερέως</span> 
     </span>
    </p>
   </div>
   <div class='ocr_carea' id='block_1_10' title="bbox 155 1107 1749 1184">
    <p class='ocr_par' dir='ltr' id='par_1_10' title="bbox 155 1107 1749 1184">
     <span class='ocr_line' id='line_1_10' title="bbox 155 1107 1749 1184; baseline 0.003 -24"><span class='ocrx_word' id='word_1_63' title='bbox 155 1107 248 1160; x_wconf 89' lang='grc' dir='ltr'><strong>τοῦ</strong></span> <span class='ocrx_word' id='word_1_64' title='bbox 287 1109 546 1179; x_wconf 83' lang='grc' dir='ltr'>μεγάλου.</span> <span class='ocrx_word' id='word_1_65' title='bbox 583 1111 960 1182; x_wconf 84' lang='grc' dir='ltr'>Προεφήτευον</span> <span class='ocrx_word' id='word_1_66' title='bbox 986 1112 1057 1165; x_wconf 82' lang='grc' dir='ltr'><strong>δὲ·</strong></span> <span class='ocrx_word' id='word_1_67' title='bbox 1075 1114 1196 1166; x_wconf 82' lang='grc' dir='ltr'>κατ’</span> <span class='ocrx_word' id='word_1_68' title='bbox 1227 1114 1404 1166; x_wconf 83' lang='grc' dir='ltr'>ἐκεῖνο</span> <span class='ocrx_word' id='word_1_69' title='bbox 1430 1113 1524 1166; x_wconf 88' lang='grc' dir='ltr'><strong>τοῦ</strong></span> <span class='ocrx_word' id='word_1_70' title='bbox 1552 1110 1749 1184; x_wconf 87' lang='grc' dir='ltr'>καιροῦ</span> 
     </span>
    </p>
   </div>
   <div class='ocr_carea' id='block_1_11' title="bbox 156 1199 1747 1273">
    <p class='ocr_par' dir='ltr' id='par_1_11' title="bbox 156 1199 1747 1273">
     <span class='ocr_line' id='line_1_11' title="bbox 156 1199 1747 1273; baseline 0.001 -21"><span class='ocrx_word' id='word_1_71' title='bbox 156 1203 268 1262; x_wconf 85' lang='grc' dir='ltr'>τοῖς</span> <span class='ocrx_word' id='word_1_72' title='bbox 297 1203 362 1253; x_wconf 87' lang='grc' dir='ltr'><strong>ἐκ</strong></span> <span class='ocrx_word' id='word_1_73' title='bbox 387 1201 485 1271; x_wconf 84' lang='grc' dir='ltr'><strong>τῆς</strong></span> <span class='ocrx_word' id='word_1_74' title='bbox 518 1200 895 1270; x_wconf 80' lang='grc' dir='ltr'><strong>αἰχμαλωσίας</strong></span> <span class='ocrx_word' id='word_1_75' title='bbox 933 1199 1361 1273; x_wconf 85' lang='grc' dir='ltr'>λελυτρωμένοις</span> <span class='ocrx_word' id='word_1_76' title='bbox 1412 1203 1661 1270; x_wconf 78' lang='grc' dir='ltr'>Ἀγγαῖός</span> <span class='ocrx_word' id='word_1_77' title='bbox 1687 1219 1747 1255; x_wconf 83' lang='grc' dir='ltr'><strong>τε</strong></span> 
     </span>
    </p>
   </div>
   <div class='ocr_carea' id='block_1_12' title="bbox 157 1277 1750 1364">
    <p class='ocr_par' dir='ltr' id='par_1_12' title="bbox 157 1277 1750 1364">
     <span class='ocr_line' id='line_1_12' title="bbox 157 1277 1750 1364; baseline 0.002 -18"><span class='ocrx_word' id='word_1_78' title='bbox 157 1293 253 1346; x_wconf 73' lang='grc' dir='ltr'>καὶ</span> <span class='ocrx_word' id='word_1_79' title='bbox 317 1292 616 1364; x_wconf 82' lang='grc' dir='ltr'><strong>Ζαχαρίας,</strong></span> <span class='ocrx_word' id='word_1_80' title='bbox 669 1294 876 1364; x_wconf 85' lang='grc' dir='ltr'>Ἔσδρα</span> <span class='ocrx_word' id='word_1_81' title='bbox 930 1312 990 1348; x_wconf 91' lang='grc' dir='ltr'><strong>τε</strong></span> <span class='ocrx_word' id='word_1_82' title='bbox 1043 1296 1138 1349; x_wconf 82' lang='grc' dir='ltr'><strong>καὶ</strong></span> <span class='ocrx_word' id='word_1_83' title='bbox 1189 1277 1750 1364; x_wconf 82' lang='grc' dir='ltr'>Νεεμίουσυνόντων</span> 
     </span>
    </p>
   </div>
   <div class='ocr_carea' id='block_1_13' title="bbox 155 1384 1748 1456">
    <p class='ocr_par' dir='ltr' id='par_1_13' title="bbox 155 1384 1748 1456">
     <span class='ocr_line' id='line_1_13' title="bbox 155 1384 1748 1456; baseline 0.001 -20"><span class='ocrx_word' id='word_1_84' title='bbox 155 1384 344 1447; x_wconf 77' lang='grc' dir='ltr'>αὐτοῖς</span> <span class='ocrx_word' id='word_1_85' title='bbox 376 1385 484 1438; x_wconf 90' lang='grc' dir='ltr'><strong>τῶν</strong></span> <span class='ocrx_word' id='word_1_86' title='bbox 520 1385 857 1456; x_wconf 87' lang='grc' dir='ltr'>ἰερουργῶν.-</span> <span class='ocrx_word' id='word_1_87' title='bbox 882 1385 1189 1456; x_wconf 81' lang='grc' dir='ltr'>Σύγχρονος</span> <span class='ocrx_word' id='word_1_88' title='bbox 1216 1385 1273 1438; x_wconf 84' lang='grc' dir='ltr'>δὲ</span> <span class='ocrx_word' id='word_1_89' title='bbox 1301 1387 1413 1448; x_wconf 90' lang='grc' dir='ltr'>τοῖς</span> <span class='ocrx_word' id='word_1_90' title='bbox 1443 1401 1748 1455; x_wconf 80' lang='grc' dir='ltr'>μνημονευ-</span> 
     </span>
    </p>
   </div>
   <div class='ocr_carea' id='block_1_14' title="bbox 155 1475 1751 1548">
    <p class='ocr_par' dir='ltr' id='par_1_14' title="bbox 155 1475 1751 1548">
     <span class='ocr_line' id='line_1_14' title="bbox 155 1475 1751 1548; baseline -0.001 -21"><span class='ocrx_word' id='word_1_91' title='bbox 155 1475 333 1529; x_wconf 86' lang='grc' dir='ltr'>θεῖσιν</span> <span class='ocrx_word' id='word_1_92' title='bbox 364 1476 540 1544; x_wconf 80' lang='grc' dir='ltr'><strong>ἁγίοις</strong></span> <span class='ocrx_word' id='word_1_93' title='bbox 573 1479 901 1548; x_wconf 81' lang='grc' dir='ltr'>προφήταις,</span> <span class='ocrx_word' id='word_1_94' title='bbox 950 1478 1009 1546; x_wconf 63' lang='grc' dir='ltr'><strong>ἢη-</strong></span> <span class='ocrx_word' id='word_1_95' title='bbox 1032 1477 1211 1545; x_wconf 81' lang='grc' dir='ltr'><strong>ὀλίγον</strong></span> <span class='ocrx_word' id='word_1_96' title='bbox 1252 1476 1425 1547; x_wconf 81' lang='grc' dir='ltr'>βραχὺ</span> <span class='ocrx_word' id='word_1_97' title='bbox 1463 1475 1580 1546; x_wconf 88' lang='grc' dir='ltr'>μετ’</span> <span class='ocrx_word' id='word_1_98' title='bbox 1608 1476 1751 1528; x_wconf 81' lang='grc' dir='ltr'>ὲκεί-</span> 
     </span>
    </p>
   </div>
   <div class='ocr_carea' id='block_1_15' title="bbox 154 1566 1749 1638">
    <p class='ocr_par' dir='ltr' id='par_1_15' title="bbox 154 1566 1749 1638">
     <span class='ocr_line' id='line_1_15' title="bbox 154 1566 1749 1638; baseline 0.001 -20"><span class='ocrx_word' id='word_1_99' title='bbox 154 1584 306 1632; x_wconf 87' lang='grc' dir='ltr'>νους,</span> <span class='ocrx_word' id='word_1_100' title='bbox 326 1568 421 1620; x_wconf 68' lang='grc' dir='ltr'><strong>καὶ⁵</strong></span> <span class='ocrx_word' id='word_1_101' title='bbox 437 1570 466 1621; x_wconf 90' lang='grc' dir='ltr'><strong>ὁ</strong></span> <span class='ocrx_word' id='word_1_102' title='bbox 487 1567 776 1632; x_wconf 83' lang='grc' dir='ltr'>θεσπέσιος</span> <span class='ocrx_word' id='word_1_103' title='bbox 798 1568 991 1636; x_wconf 80' lang='grc' dir='ltr'>γέγονε</span> <span class='ocrx_word' id='word_1_104' title='bbox 1017 1568 1326 1638; x_wconf 82' lang='grc' dir='ltr'><strong>Μαλαχίας,</strong></span> <span class='ocrx_word' id='word_1_105' title='bbox 1347 1567 1407 1629; x_wconf 87' lang='grc' dir='ltr'>ὃς</span> <span class='ocrx_word' id='word_1_106' title='bbox 1425 1567 1488 1638; x_wconf 85' lang='grc' dir='ltr'>δὴ</span> <span class='ocrx_word' id='word_1_107' title='bbox 1507 1566 1749 1620; x_wconf 87' lang='grc' dir='ltr'>καλεῖται</span> 
     </span>
    </p>
   </div>
   <div class='ocr_carea' id='block_1_16' title="bbox 154 1653 1748 1731">
    <p class='ocr_par' dir='ltr' id='par_1_16' title="bbox 154 1653 1748 1731">
     <span class='ocr_line' id='line_1_16' title="bbox 154 1653 1748 1731; baseline 0 -21"><span class='ocrx_word' id='word_1_108' title='bbox 154 1659 255 1710; x_wconf 77' lang='grc' dir='ltr'>καὶ</span> <span class='ocrx_word' id='word_1_109' title='bbox 273 1659 557 1727; x_wconf 78' lang='grc' dir='ltr'>-Ἂγγελος</span> <span class='ocrx_word' id='word_1_110' title='bbox 583 1676 597 1690; x_wconf 89' lang='grc'><strong>·</strong></span> <span class='ocrx_word' id='word_1_111' title='bbox 625 1659 1040 1731; x_wconf 80' lang='grc' dir='ltr'>διερμηνεύεται</span> <span class='ocrx_word' id='word_1_112' title='bbox 1064 1661 1174 1730; x_wconf 88' lang='grc' dir='ltr'><strong>γάρ</strong></span> <span class='ocrx_word' id='word_1_113' title='bbox 1197 1653 1300 1712; x_wconf 81' lang='grc' dir='ltr'>ὦδε</span> <span class='ocrx_word' id='word_1_114' title='bbox 1327 1659 1634 1728; x_wconf 88' lang='grc' dir='ltr'><strong>Μαλαχίας.</strong></span> <span class='ocrx_word' id='word_1_115' title='bbox 1674 1658 1748 1712; x_wconf 83' lang='grc' dir='ltr'><strong>Οὐ</strong></span> 
     </span>
    </p>
   </div>
   <div class='ocr_carea' id='block_1_17' title="bbox 157 1750 1750 1824">
    <p class='ocr_par' dir='ltr' id='par_1_17' title="bbox 157 1750 1750 1824">
     <span class='ocr_line' id='line_1_17' title="bbox 157 1750 1750 1824; baseline -0.001 -21"><span class='ocrx_word' id='word_1_116' title='bbox 157 1750 536 1821; x_wconf 82' lang='grc' dir='ltr'><strong>παραδεκτέον</strong></span> <span class='ocrx_word' id='word_1_117' title='bbox 554 1751 680 1815; x_wconf 75' lang='grc' dir='ltr'>τούς</span> <span class='ocrx_word' id='word_1_118' title='bbox 702 1769 862 1805; x_wconf 87' lang='grc' dir='ltr'>τινων</span> <span class='ocrx_word' id='word_1_119' title='bbox 897 1753 1027 1824; x_wconf 72' lang='grc' dir='ltr'>περὶ</span> <span class='ocrx_word' id='word_1_120' title='bbox 1056 1751 1222 1805; x_wconf 85' lang='grc' dir='ltr'>αὐτοῦ</span> <span class='ocrx_word' id='word_1_121' title='bbox 1249 1750 1462 1820; x_wconf 78' lang='grc' dir='ltr'>λόγους,</span> <span class='ocrx_word' id='word_1_122' title='bbox 1491 1750 1559 1803; x_wconf 60' lang='grc' dir='ltr'><strong>οῖ’</strong></span> <span class='ocrx_word' id='word_1_123' title='bbox 1575 1750 1750 1821; x_wconf 81' lang='grc' dir='ltr'><strong>μάτην</strong></span> 
     </span>
    </p>
   </div>
   <div class='ocr_carea' id='block_1_18' title="bbox 157 1841 1750 1915">
    <p class='ocr_par' dir='ltr' id='par_1_18' title="bbox 157 1841 1750 1915">
     <span class='ocr_line' id='line_1_18' title="bbox 157 1841 1750 1915; baseline 0 -21"><span class='ocrx_word' id='word_1_124' title='bbox 157 1841 640 1914; x_wconf 74' lang='grc' dir='ltr'>ἐρραψῳδήκασιν,</span> <span class='ocrx_word' id='word_1_125' title='bbox 680 1843 910 1913; x_wconf 71' lang='grc' dir='ltr'>ἄγγελον</span> <span class='ocrx_word' id='word_1_126' title='bbox 961 1843 1060 1914; x_wconf 83' lang='grc' dir='ltr'><strong>μὲν</strong></span> <span class='ocrx_word' id='word_1_127' title='bbox 1088 1843 1186 1915; x_wconf 82' lang='grc' dir='ltr'><strong>τὴν</strong></span> <span class='ocrx_word' id='word_1_128' title='bbox 1212 1841 1378 1911; x_wconf 83' lang='grc' dir='ltr'>φύσιν</span> <span class='ocrx_word' id='word_1_129' title='bbox 1413 1841 1650 1912; x_wconf 76' lang='grc' dir='ltr'>οἰόμενοί</span> <span class='ocrx_word' id='word_1_130' title='bbox 1688 1857 1750 1894; x_wconf 77' lang='grc' dir='ltr'><strong>τε</strong></span> 
     </span>
    </p>
   </div>
   <div class='ocr_carea' id='block_1_19' title="bbox 156 1933 1753 2007">
    <p class='ocr_par' dir='ltr' id='par_1_19' title="bbox 156 1933 1753 2007">
     <span class='ocr_line' id='line_1_19' title="bbox 156 1933 1753 2007; baseline 0 -21"><span class='ocrx_word' id='word_1_131' title='bbox 156 1933 256 1986; x_wconf 79' lang='grc' dir='ltr'><strong>καὶ</strong></span> <span class='ocrx_word' id='word_1_132' title='bbox 282 1933 559 2002; x_wconf 85' lang='grc' dir='ltr'>λέγοντες,</span> <span class='ocrx_word' id='word_1_133' title='bbox 602 1935 1034 2007; x_wconf 85' lang='grc' dir='ltr'>σεσωματῶσθαί</span> <span class='ocrx_word' id='word_1_134' title='bbox 1067 1952 1130 2004; x_wconf 90' lang='grc' dir='ltr'><strong>γε</strong></span> <span class='ocrx_word' id='word_1_135' title='bbox 1174 1934 1280 2007; x_wconf 79' lang='grc' dir='ltr'><strong>μὴν</strong></span> <span class='ocrx_word' id='word_1_136' title='bbox 1322 1933 1466 1990; x_wconf 87' lang='grc' dir='ltr'><strong>κατά</strong></span> <span class='ocrx_word' id='word_1_137' title='bbox 1499 1933 1753 2006; x_wconf 79' lang='grc' dir='ltr'>βούλησιν</span> 
     </span>
    </p>
   </div>
   <div class='ocr_carea' id='block_1_20' title="bbox 152 2025 1752 2098">
    <p class='ocr_par' dir='ltr' id='par_1_20' title="bbox 152 2025 1752 2098">
     <span class='ocr_line' id='line_1_20' title="bbox 152 2025 1752 2098; baseline 0 -19"><span class='ocrx_word' id='word_1_138' title='bbox 152 2026 318 2090; x_wconf 89' lang='grc' dir='ltr'>Θεοῦ,</span> <span class='ocrx_word' id='word_1_139' title='bbox 368 2028 466 2082; x_wconf 72' lang='grc' dir='ltr'>καὶ</span> <span class='ocrx_word' id='word_1_140' title='bbox 506 2029 564 2082; x_wconf 90' lang='grc' dir='ltr'><strong>ἐν</strong></span> <span class='ocrx_word' id='word_1_141' title='bbox 601 2029 878 2098; x_wconf 83' lang='grc' dir='ltr'>προφήτου</span> <span class='ocrx_word' id='word_1_142' title='bbox 912 2027 1067 2092; x_wconf 77' lang='grc' dir='ltr'>τάξει</span> <span class='ocrx_word' id='word_1_143' title='bbox 1107 2026 1362 2096; x_wconf 87' lang='grc' dir='ltr'>γενέσθαι</span> <span class='ocrx_word' id='word_1_144' title='bbox 1390 2028 1507 2090; x_wconf 89' lang='grc' dir='ltr'>τοῖς</span> <span class='ocrx_word' id='word_1_145' title='bbox 1537 2025 1597 2091; x_wconf 81' lang='grc' dir='ltr'>ἐξ</span> <span class='ocrx_word' id='word_1_146' title='bbox 1653 2027 1752 2080; x_wconf 86' lang='grc' dir='ltr'><strong>Ἰσ-</strong></span> 
     </span>
    </p>
   </div>
   <div class='ocr_carea' id='block_1_21' title="bbox 153 2117 1753 2192">
    <p class='ocr_par' dir='ltr' id='par_1_21' title="bbox 153 2117 1753 2192">
     <span class='ocr_line' id='line_1_21' title="bbox 153 2117 1753 2192; baseline -0.003 -18"><span class='ocrx_word' id='word_1_147' title='bbox 153 2121 322 2191; x_wconf 81' lang='grc' dir='ltr'><strong>ραήλ.</strong></span> <span class='ocrx_word' id='word_1_148' title='bbox 365 2119 598 2192; x_wconf 70' lang='grc' dir='ltr'>Εἴρηται</span> <span class='ocrx_word' id='word_1_149' title='bbox 626 2121 736 2191; x_wconf 85' lang='grc' dir='ltr'><strong>γὰρ</strong></span> <span class='ocrx_word' id='word_1_150' title='bbox 769 2119 1022 2188; x_wconf 78' lang='grc' dir='ltr'>ἄγγελος,</span> <span class='ocrx_word' id='word_1_151' title='bbox 1057 2119 1130 2184; x_wconf 82' lang='grc' dir='ltr'><strong>ῶς</strong></span> <span class='ocrx_word' id='word_1_152' title='bbox 1179 2120 1336 2190; x_wconf 76' lang='grc' dir='ltr'>ἔφην,</span> <span class='ocrx_word' id='word_1_153' title='bbox 1388 2118 1623 2190; x_wconf 79' lang='grc' dir='ltr'>μάλιστα</span> <span class='ocrx_word' id='word_1_154' title='bbox 1655 2117 1753 2189; x_wconf 80' lang='grc' dir='ltr'><strong>μὲν</strong></span> 
     </span>
    </p>
   </div>
   <div class='ocr_carea' id='block_1_22' title="bbox 153 2211 1754 2284">
    <p class='ocr_par' dir='ltr' id='par_1_22' title="bbox 153 2211 1754 2284">
     <span class='ocr_line' id='line_1_22' title="bbox 153 2211 1754 2284; baseline -0.001 -18"><span class='ocrx_word' id='word_1_155' title='bbox 153 2213 254 2266; x_wconf 75' lang='grc' dir='ltr'>καὶ</span> <span class='ocrx_word' id='word_1_156' title='bbox 278 2211 376 2266; x_wconf 89' lang='grc' dir='ltr'><strong>τοῦ</strong></span> <span class='ocrx_word' id='word_1_157' title='bbox 405 2213 673 2282; x_wconf 81' lang='grc' dir='ltr'>ὀνόματος</span> <span class='ocrx_word' id='word_1_158' title='bbox 703 2211 908 2284; x_wconf 83' lang='grc' dir='ltr'>ταύτην</span> <span class='ocrx_word' id='word_1_159' title='bbox 935 2211 1152 2282; x_wconf 79' lang='grc' dir='ltr'>ἔχοντος</span> <span class='ocrx_word' id='word_1_160' title='bbox 1187 2212 1273 2281; x_wconf 82' lang='grc' dir='ltr'>ἐφ’</span> <span class='ocrx_word' id='word_1_161' title='bbox 1309 2211 1490 2282; x_wconf 85' lang='grc' dir='ltr'>ἐαυτῷ</span> <span class='ocrx_word' id='word_1_162' title='bbox 1533 2211 1631 2282; x_wconf 81' lang='grc' dir='ltr'><strong>τὴν</strong></span> <span class='ocrx_word' id='word_1_163' title='bbox 1663 2211 1754 2281; x_wconf 86' lang='grc' dir='ltr'>ἐρ-</span> 
     </span>
    </p>
   </div>
   <div class='ocr_carea' id='block_1_23' title="bbox 154 2301 1753 2376">
    <p class='ocr_par' dir='ltr' id='par_1_23' title="bbox 154 2301 1753 2376">
     <span class='ocr_line' id='line_1_23' title="bbox 154 2301 1753 2376; baseline -0.001 -18"><span class='ocrx_word' id='word_1_164' title='bbox 154 2304 393 2375; x_wconf 78' lang='grc' dir='ltr'>μηνείαν</span> <span class='ocrx_word' id='word_1_165' title='bbox 413 2322 428 2336; x_wconf 79' lang='grc' dir='ltr'><strong>ο</strong></span> <span class='ocrx_word' id='word_1_166' title='bbox 460 2301 580 2360; x_wconf 78' lang='grc' dir='ltr'>εἶτα</span> <span class='ocrx_word' id='word_1_167' title='bbox 609 2305 692 2360; x_wconf 79' lang='grc' dir='ltr'>ὃτι</span> <span class='ocrx_word' id='word_1_168' title='bbox 717 2306 843 2368; x_wconf 73' lang='grc' dir='ltr'>τοὺς</span> <span class='ocrx_word' id='word_1_169' title='bbox 863 2305 1069 2360; x_wconf 81' lang='grc' dir='ltr'>ἄνωθεν</span> <span class='ocrx_word' id='word_1_170' title='bbox 1114 2305 1210 2358; x_wconf 76' lang='grc' dir='ltr'>καὶ</span> <span class='ocrx_word' id='word_1_171' title='bbox 1237 2304 1389 2376; x_wconf 89' lang='grc' dir='ltr'><strong>παρά</strong></span> <span class='ocrx_word' id='word_1_172' title='bbox 1409 2304 1544 2359; x_wconf 81' lang='grc' dir='ltr'>Θεοῦ</span> <span class='ocrx_word' id='word_1_173' title='bbox 1563 2303 1753 2373; x_wconf 83' lang='grc' dir='ltr'>λόγους</span> 
     </span>
    </p>
   </div>
   <div class='ocr_carea' id='block_1_24' title="bbox 150 2395 1753 2470">
    <p class='ocr_par' dir='ltr' id='par_1_24' title="bbox 150 2395 1753 2470">
     <span class='ocr_line' id='line_1_24' title="bbox 150 2395 1753 2470; baseline -0.002 -18"><span class='ocrx_word' id='word_1_174' title='bbox 150 2398 524 2468; x_wconf 74' lang='grc' dir='ltr'><strong>ἀπαγγέλλων</strong></span> <span class='ocrx_word' id='word_1_175' title='bbox 549 2401 662 2464; x_wconf 91' lang='grc' dir='ltr'>τοῖς</span> <span class='ocrx_word' id='word_1_176' title='bbox 690 2399 750 2464; x_wconf 76' lang='grc' dir='ltr'>ἐξ</span> <span class='ocrx_word' id='word_1_177' title='bbox 765 2397 1001 2470; x_wconf 75' lang='grc' dir='ltr'>Ἰσραὴλ,</span> <span class='ocrx_word' id='word_1_178' title='bbox 1027 2398 1228 2452; x_wconf 78' lang='grc' dir='ltr'>καλοῖτ’</span> <span class='ocrx_word' id='word_1_179' title='bbox 1253 2397 1321 2451; x_wconf 80' lang='grc' dir='ltr'><strong>ἂν</strong></span> <span class='ocrx_word' id='word_1_180' title='bbox 1347 2398 1449 2451; x_wconf 81' lang='grc' dir='ltr'><strong>οὐκ</strong></span> <span class='ocrx_word' id='word_1_181' title='bbox 1471 2395 1753 2459; x_wconf 84' lang='grc' dir='ltr'><strong>ἀπιθάνως</strong></span> 
     </span>
    </p>
   </div>
   <div class='ocr_carea' id='block_1_25' title="bbox 152 2487 1754 2560">
    <p class='ocr_par' dir='ltr' id='par_1_25' title="bbox 152 2487 1754 2560">
     <span class='ocr_line' id='line_1_25' title="bbox 152 2487 1754 2560; baseline -0.001 -19"><span class='ocrx_word' id='word_1_182' title='bbox 152 2489 256 2549; x_wconf 74' lang='grc' dir='ltr'>καὶ</span> <span class='ocrx_word' id='word_1_183' title='bbox 281 2488 539 2556; x_wconf 78' lang='grc' dir='ltr'>ἄγγελος.</span> <span class='ocrx_word' id='word_1_184' title='bbox 560 2489 685 2555; x_wconf 37' lang='grc' dir='ltr'>,Καὶ</span> <span class='ocrx_word' id='word_1_185' title='bbox 707 2488 848 2558; x_wconf 33' lang='grc' dir='ltr'>,γοῦν</span> <span class='ocrx_word' id='word_1_186' title='bbox 879 2489 1042 2552; x_wconf 77' lang='grc' dir='ltr'>αὐτὸς</span> <span class='ocrx_word' id='word_1_187' title='bbox 1083 2491 1111 2542; x_wconf 86' lang='grc' dir='ltr'><strong>ό</strong></span> <span class='ocrx_word' id='word_1_188' title='bbox 1149 2489 1437 2560; x_wconf 78' lang='grc' dir='ltr'>προφήτης</span> <span class='ocrx_word' id='word_1_189' title='bbox 1466 2487 1754 2559; x_wconf 85' lang='grc' dir='ltr'><strong>Μαλαχίας</strong></span> 
     </span>
    </p>
   </div>
   <div class='ocr_carea' id='block_1_26' title="bbox 151 2577 1753 2652">
    <p class='ocr_par' dir='ltr' id='par_1_26' title="bbox 151 2577 1753 2652">
     <span class='ocr_line' id='line_1_26' title="bbox 151 2577 1753 2652; baseline -0.001 -20"><span class='ocrx_word' id='word_1_190' title='bbox 151 2581 218 2645; x_wconf 72' lang='grc' dir='ltr'>ἐν</span> <span class='ocrx_word' id='word_1_191' title='bbox 244 2582 360 2644; x_wconf 87' lang='grc' dir='ltr'>τοῖς</span> <span class='ocrx_word' id='word_1_192' title='bbox 391 2580 594 2650; x_wconf 79' lang='grc' dir='ltr'>ἐφεξῆς</span> <span class='ocrx_word' id='word_1_193' title='bbox 623 2580 750 2652; x_wconf 77' lang='grc' dir='ltr'>περὶ</span> <span class='ocrx_word' id='word_1_194' title='bbox 771 2580 971 2643; x_wconf 75' lang='grc' dir='ltr'>παντὸς</span> <span class='ocrx_word' id='word_1_195' title='bbox 993 2579 1186 2650; x_wconf 84' lang='grc' dir='ltr'>ἱερέως</span> <span class='ocrx_word' id='word_1_196' title='bbox 1209 2580 1395 2650; x_wconf 75' lang='grc' dir='ltr'>φησὶν,</span> <span class='ocrx_word' id='word_1_197' title='bbox 1427 2579 1510 2632; x_wconf 82' lang='grc' dir='ltr'>ὅτι</span> <span class='ocrx_word' id='word_1_198' title='bbox 1536 2598 1555 2630; x_wconf 81' lang='grc' dir='ltr'><strong>ι</strong></span> <span class='ocrx_word' id='word_1_199' title='bbox 1585 2577 1753 2650; x_wconf 90' lang='grc' dir='ltr'>Χείλη</span> 
     </span>
    </p>
   </div>
   <div class='ocr_carea' id='block_1_27' title="bbox 155 2671 1756 2744">
    <p class='ocr_par' dir='ltr' id='par_1_27' title="bbox 155 2671 1756 2744">
     <span class='ocr_line' id='line_1_27' title="bbox 155 2671 1756 2744; baseline -0.002 -18"><span class='ocrx_word' id='word_1_200' title='bbox 155 2673 358 2744; x_wconf 81' lang='grc' dir='ltr'>ἱερέως</span> <span class='ocrx_word' id='word_1_201' title='bbox 395 2671 690 2742; x_wconf 78' lang='grc' dir='ltr'>φυλάξεται</span> <span class='ocrx_word' id='word_1_202' title='bbox 737 2672 960 2742; x_wconf 88' lang='grc' dir='ltr'>γνῶσιν,</span> <span class='ocrx_word' id='word_1_203' title='bbox 1010 2673 1105 2726; x_wconf 69' lang='grc' dir='ltr'><strong>καὶ</strong></span> <span class='ocrx_word' id='word_1_204' title='bbox 1150 2673 1314 2743; x_wconf 91' lang='grc' dir='ltr'>νόμον</span> <span class='ocrx_word' id='word_1_205' title='bbox 1357 2671 1756 2742; x_wconf 76' lang='grc' dir='ltr'>ἐκζητήσουσιν</span> 
     </span>
    </p>
   </div>
   <div class='ocr_carea' id='block_1_28' title="bbox 153 2763 1759 2836">
    <p class='ocr_par' dir='ltr' id='par_1_28' title="bbox 153 2763 1759 2836">
     <span class='ocr_line' id='line_1_28' title="bbox 153 2763 1759 2836; baseline -0.002 -17"><span class='ocrx_word' id='word_1_206' title='bbox 153 2766 225 2819; x_wconf 77' lang='grc' dir='ltr'>ὲκ</span> <span class='ocrx_word' id='word_1_207' title='bbox 259 2763 530 2836; x_wconf 77' lang='grc' dir='ltr'>πόματος</span> <span class='ocrx_word' id='word_1_208' title='bbox 559 2763 750 2831; x_wconf 74' lang='grc' dir='ltr'>αὐτοῦ,</span> <span class='ocrx_word' id='word_1_209' title='bbox 783 2765 917 2818; x_wconf 82' lang='grc' dir='ltr'>διότι</span> <span class='ocrx_word' id='word_1_210' title='bbox 951 2764 1182 2833; x_wconf 82' lang='grc' dir='ltr'>ἄγγελος</span> <span class='ocrx_word' id='word_1_211' title='bbox 1216 2764 1422 2835; x_wconf 84' lang='grc' dir='ltr'>Κυρίου</span> <span class='ocrx_word' id='word_1_212' title='bbox 1454 2763 1759 2834; x_wconf 83' lang='grc' dir='ltr'>παντοκρά-</span> 
     </span>
    </p>
   </div>
   <div class='ocr_carea' id='block_1_29' title="bbox 153 2853 1760 2925">
    <p class='ocr_par' dir='ltr' id='par_1_29' title="bbox 153 2853 1760 2925">
     <span class='ocr_line' id='line_1_29' title="bbox 153 2853 1760 2925; baseline -0.002 -17"><span class='ocrx_word' id='word_1_213' title='bbox 153 2855 322 2925; x_wconf 84' lang='grc' dir='ltr'>τορός</span> <span class='ocrx_word' id='word_1_214' title='bbox 361 2855 496 2908; x_wconf 82' lang='grc' dir='ltr'>ἐστι.</span> <span class='ocrx_word' id='word_1_215' title='bbox 542 2873 560 2904; x_wconf 77' lang='grc' dir='ltr'><strong>ι</strong></span> <span class='ocrx_word' id='word_1_216' title='bbox 601 2855 736 2924; x_wconf 74' lang='grc' dir='ltr'>Περὶ</span> <span class='ocrx_word' id='word_1_217' title='bbox 765 2854 824 2908; x_wconf 87' lang='grc' dir='ltr'><strong>δέ</strong></span> <span class='ocrx_word' id='word_1_218' title='bbox 869 2871 932 2922; x_wconf 88' lang='grc' dir='ltr'><strong>γε</strong></span> <span class='ocrx_word' id='word_1_219' title='bbox 961 2853 1056 2906; x_wconf 87' lang='grc' dir='ltr'><strong>τοῦ</strong></span> <span class='ocrx_word' id='word_1_220' title='bbox 1105 2853 1453 2925; x_wconf 65' lang='grc' dir='ltr'>Ἐμμανουήλ</span> <span class='ocrx_word' id='word_1_221' title='bbox 1486 2855 1515 2908; x_wconf 88' lang='lat'><strong>6</strong></span> <span class='ocrx_word' id='word_1_222' title='bbox 1546 2853 1760 2925; x_wconf 50' lang='grc' dir='ltr'>προφίπ</span> 
     </span>
    </p>
   </div>
   <div class='ocr_carea' id='block_1_30' title="bbox 153 2921 1758 3016">
    <p class='ocr_par' dir='ltr' id='par_1_30' title="bbox 153 2921 1758 3016">
     <span class='ocr_line' id='line_1_30' title="bbox 153 2921 1758 3016; baseline 0 -19"><span class='ocrx_word' id='word_1_223' title='bbox 153 2921 264 3016; x_wconf 68' lang='grc' dir='ltr'><strong>της</strong></span> <span class='ocrx_word' id='word_1_224' title='bbox 305 2944 557 3010; x_wconf 66' lang='grc' dir='ltr'>Ἡσαΐας,</span> <span class='ocrx_word' id='word_1_225' title='bbox 605 2965 622 2996; x_wconf 81' lang='grc' dir='ltr'><strong>ι</strong></span> <span class='ocrx_word' id='word_1_226' title='bbox 666 2921 774 2999; x_wconf 72' lang='grc' dir='ltr'><strong>Καὶ</strong></span> <span class='ocrx_word' id='word_1_227' title='bbox 822 2921 1130 3016; x_wconf 74' lang='grc' dir='ltr'>θελήσουσι,</span> <span class='ocrx_word' id='word_1_228' title='bbox 1169 2921 1372 3016; x_wconf 57' lang='grc' dir='ltr'>ἰρησὶν,</span> <span class='ocrx_word' id='word_1_229' title='bbox 1407 2921 1466 2998; x_wconf 39' lang='grc' dir='ltr'><strong>-εί</strong></span> <span class='ocrx_word' id='word_1_230' title='bbox 1511 2921 1758 3014; x_wconf 75' lang='grc' dir='ltr'>ἐγένοντό</span> 
     </span>
    </p>
   </div>
   <div class='ocr_carea' id='block_1_31' title="bbox 155 3035 1757 3108">
    <p class='ocr_par' dir='ltr' id='par_1_31' title="bbox 155 3035 1757 3108">
     <span class='ocr_line' id='line_1_31' title="bbox 155 3035 1757 3108; baseline 0.001 -20"><span class='ocrx_word' id='word_1_231' title='bbox 155 3036 554 3108; x_wconf 82' lang='grc' dir='ltr'>πυρίκαυστοι,</span> <span class='ocrx_word' id='word_1_232' title='bbox 589 3037 670 3091; x_wconf 77' lang='grc' dir='ltr'>ὅτι</span> <span class='ocrx_word' id='word_1_233' title='bbox 720 3037 930 3091; x_wconf 78' lang='grc' dir='ltr'>παιδίον</span> <span class='ocrx_word' id='word_1_234' title='bbox 980 3037 1268 3107; x_wconf 78' lang='grc' dir='ltr'><strong>ἐγεννήθη,</strong></span> <span class='ocrx_word' id='word_1_235' title='bbox 1310 3036 1426 3101; x_wconf 78' lang='grc' dir='ltr'>υίὸς</span> <span class='ocrx_word' id='word_1_236' title='bbox 1468 3037 1562 3097; x_wconf 73' lang='grc' dir='ltr'>καὶ</span> <span class='ocrx_word' id='word_1_237' title='bbox 1599 3035 1757 3108; x_wconf 80' lang='grc' dir='ltr'>ἐδόθη</span> 
     </span>
    </p>
   </div>
   <div class='ocr_carea' id='block_1_32' title="bbox 157 3127 1759 3200">
    <p class='ocr_par' dir='ltr' id='par_1_32' title="bbox 157 3127 1759 3200">
     <span class='ocr_line' id='line_1_32' title="bbox 157 3127 1759 3200; baseline 0.001 -20"><span class='ocrx_word' id='word_1_238' title='bbox 157 3129 322 3199; x_wconf 76' lang='grc' dir='ltr'>ἡμῖν,</span> <span class='ocrx_word' id='word_1_239' title='bbox 356 3129 449 3181; x_wconf 74' lang='grc' dir='ltr'><strong>καὶ</strong></span> <span class='ocrx_word' id='word_1_240' title='bbox 482 3128 726 3182; x_wconf 86' lang='grc' dir='ltr'>καλεῖται</span> <span class='ocrx_word' id='word_1_241' title='bbox 766 3129 826 3182; x_wconf 85' lang='grc' dir='ltr'>τὸ</span> <span class='ocrx_word' id='word_1_242' title='bbox 856 3129 1028 3200; x_wconf 72' lang='grc' dir='ltr'>ὄνομα</span> <span class='ocrx_word' id='word_1_243' title='bbox 1073 3128 1238 3194; x_wconf 74' lang='grc' dir='ltr'>αὐτοῦ</span> <span class='ocrx_word' id='word_1_244' title='bbox 1291 3129 1534 3200; x_wconf 80' lang='grc' dir='ltr'><strong>μεγάλης</strong></span> <span class='ocrx_word' id='word_1_245' title='bbox 1562 3127 1759 3200; x_wconf 83' lang='grc' dir='ltr'>βουλῆς</span> 
     </span>
    </p>
   </div>
   <div class='ocr_carea' id='block_1_33' title="bbox 1848 646 3429 720">
    <p class='ocr_par' dir='ltr' id='par_1_33' title="bbox 1848 646 3429 720">
     <span class='ocr_line' id='line_1_33' title="bbox 1848 646 3429 720; baseline -0.004 -13"><span class='ocrx_word' id='word_1_246' title='bbox 1848 662 2092 707; x_wconf 89' lang='lat' dir='ltr'><strong>sanctam</strong></span> <span class='ocrx_word' id='word_1_247' title='bbox 2129 651 2294 714; x_wconf 86' lang='lat' dir='ltr'><strong>venit,</strong></span> <span class='ocrx_word' id='word_1_248' title='bbox 2319 650 2449 720; x_wconf 84' lang='lat' dir='ltr'><strong>jugo</strong></span> <span class='ocrx_word' id='word_1_249' title='bbox 2474 648 2757 704; x_wconf 89' lang='lat' dir='ltr'><strong>servitutis</strong></span> <span class='ocrx_word' id='word_1_250' title='bbox 2788 654 3141 702; x_wconf 75' lang='lat' dir='ltr'><strong>exoneratus.</strong></span> <span class='ocrx_word' id='word_1_251' title='bbox 3180 646 3429 701; x_wconf 91' lang='lat' dir='ltr'><strong>Divinum</strong></span> 
     </span>
    </p>
   </div>
   <div class='ocr_carea' id='block_1_34' title="bbox 1851 737 3433 813">
    <p class='ocr_par' dir='ltr' id='par_1_34' title="bbox 1851 737 3433 813">
     <span class='ocr_line' id='line_1_34' title="bbox 1851 737 3433 813; baseline -0.003 -15"><span class='ocrx_word' id='word_1_252' title='bbox 1851 743 2353 813; x_wconf 40' lang='lat' dir='ltr'><strong>quoque&#39;templum</strong></span> <span class='ocrx_word' id='word_1_253' title='bbox 2391 743 2504 811; x_wconf 84' lang='lat' dir='ltr'><strong>jam</strong></span> <span class='ocrx_word' id='word_1_254' title='bbox 2537 740 2737 805; x_wconf 80' lang='lat' dir='ltr'><strong>stabat,</strong></span> <span class='ocrx_word' id='word_1_255' title='bbox 2767 738 3122 805; x_wconf 87' lang='lat' dir='ltr'><strong>Zorobabele,</strong></span> <span class='ocrx_word' id='word_1_256' title='bbox 3163 737 3433 794; x_wconf 89' lang='lat' dir='ltr'><strong>Salathie-</strong></span> 
     </span>
    </p>
   </div>
   <div class='ocr_carea' id='block_1_35' title="bbox 1846 829 3432 901">
    <p class='ocr_par' dir='ltr' id='par_1_35' title="bbox 1846 829 3432 901">
     <span class='ocr_line' id='line_1_35' title="bbox 1846 829 3432 901; baseline -0.003 -11"><span class='ocrx_word' id='word_1_257' title='bbox 1846 835 1915 890; x_wconf 89' lang='lat' dir='ltr'><strong>lis</strong></span> <span class='ocrx_word' id='word_1_258' title='bbox 1944 836 2075 901; x_wconf 88' lang='lat' dir='ltr'><strong>ﬁlio,</strong></span> <span class='ocrx_word' id='word_1_259' title='bbox 2106 849 2184 888; x_wconf 79' lang='lat' dir='ltr'><strong>ex.</strong></span> <span class='ocrx_word' id='word_1_260' title='bbox 2209 835 2349 888; x_wconf 91' lang='lat' dir='ltr'><strong>tribu</strong></span> <span class='ocrx_word' id='word_1_261' title='bbox 2373 833 2507 888; x_wconf 80' lang='lat' dir='ltr'><strong>Juda</strong></span> <span class='ocrx_word' id='word_1_262' title='bbox 2535 833 2790 894; x_wconf 81' lang='lat' dir='ltr'><strong>oriundo.</strong></span> <span class='ocrx_word' id='word_1_263' title='bbox 2816 829 3036 896; x_wconf 82' lang='lat' dir='ltr'><strong>etJesu,</strong></span> <span class='ocrx_word' id='word_1_264' title='bbox 3062 829 3432 889; x_wconf 85' lang='lat' dir='ltr'><strong>ﬁlioJosedec.</strong></span> 
     </span>
    </p>
   </div>
   <div class='ocr_carea' id='block_1_36' title="bbox 1849 918 3435 992">
    <p class='ocr_par' dir='ltr' id='par_1_36' title="bbox 1849 918 3435 992">
     <span class='ocr_line' id='line_1_36' title="bbox 1849 918 3435 992; baseline -0.005 -12"><span class='ocrx_word' id='word_1_265' title='bbox 1849 925 2132 980; x_wconf 89' lang='lat' dir='ltr'><strong>sacerdote</strong></span> <span class='ocrx_word' id='word_1_266' title='bbox 2179 938 2373 992; x_wconf 74' lang='lat' dir='ltr'><strong>magno</strong></span> <span class='ocrx_word' id='word_1_267' title='bbox 2415 921 2688 992; x_wconf 68' lang='lat' dir='ltr'><strong>praefectis</strong></span> <span class='ocrx_word' id='word_1_268' title='bbox 2742 934 2990 990; x_wconf 88' lang='lat' dir='ltr'><strong>operum.</strong></span> <span class='ocrx_word' id='word_1_269' title='bbox 3052 918 3147 974; x_wconf 90' lang='lat' dir='ltr'><strong>Illo</strong></span> <span class='ocrx_word' id='word_1_270' title='bbox 3191 927 3435 986; x_wconf 90' lang='lat' dir='ltr'><strong>tempore</strong></span> 
     </span>
    </p>
   </div>
   <div class='ocr_carea' id='block_1_37' title="bbox 1849 1009 3435 1086">
    <p class='ocr_par' dir='ltr' id='par_1_37' title="bbox 1849 1009 3435 1086">
     <span class='ocr_line' id='line_1_37' title="bbox 1849 1009 3435 1086; baseline -0.007 -14"><span class='ocrx_word' id='word_1_271' title='bbox 1849 1017 2166 1086; x_wconf 82' lang='lat' dir='ltr'><strong>captivitate</strong></span> <span class='ocrx_word' id='word_1_272' title='bbox 2220 1014 2463 1069; x_wconf 77' lang='lat' dir='ltr'><strong>liberatis</strong></span> <span class='ocrx_word' id='word_1_273' title='bbox 2506 1015 2734 1082; x_wconf 73' lang='lat' dir='ltr'><strong>Aggmus</strong></span> <span class='ocrx_word' id='word_1_274' title='bbox 2791 1021 2846 1068; x_wconf 91' lang='lat' dir='ltr'><strong>et</strong></span> <span class='ocrx_word' id='word_1_275' title='bbox 2892 1011 3188 1066; x_wconf 81' lang='lat' dir='ltr'><strong>Zacharias</strong></span> <span class='ocrx_word' id='word_1_276' title='bbox 3241 1009 3435 1062; x_wconf 80' lang='lat' dir='ltr'><strong>vatici-</strong></span> 
     </span>
    </p>
   </div>
   <div class='ocr_carea' id='block_1_38' title="bbox 1849 1104 3436 1171">
    <p class='ocr_par' dir='ltr' id='par_1_38' title="bbox 1849 1104 3436 1171">
     <span class='ocr_line' id='line_1_38' title="bbox 1849 1104 3436 1171; baseline -0.004 -7"><span class='ocrx_word' id='word_1_277' title='bbox 1849 1111 1959 1164; x_wconf 83' lang='lat' dir='ltr'><strong>nati</strong></span> <span class='ocrx_word' id='word_1_278' title='bbox 2009 1109 2246 1171; x_wconf 82' lang='lat' dir='ltr'><strong>fuerant,</strong></span> <span class='ocrx_word' id='word_1_279' title='bbox 2289 1123 2412 1162; x_wconf 89' lang='lat' dir='ltr'><strong>cum</strong></span> <span class='ocrx_word' id='word_1_280' title='bbox 2461 1107 2662 1161; x_wconf 88' lang='lat' dir='ltr'><strong>Esdras</strong></span> <span class='ocrx_word' id='word_1_281' title='bbox 2711 1116 2780 1160; x_wconf 69' lang='lat' dir='ltr'><strong>et</strong></span> <span class='ocrx_word' id='word_1_282' title='bbox 2815 1104 3072 1160; x_wconf 83' lang='lat' dir='ltr'><strong>Neemias</strong></span> <span class='ocrx_word' id='word_1_283' title='bbox 3123 1104 3436 1158; x_wconf 74' lang='lat' dir='ltr'><strong>sacerdotes</strong></span> 
     </span>
    </p>
   </div>
   <div class='ocr_carea' id='block_1_39' title="bbox 1850 1195 3435 1269">
    <p class='ocr_par' dir='ltr' id='par_1_39' title="bbox 1850 1195 3435 1269">
     <span class='ocr_line' id='line_1_39' title="bbox 1850 1195 3435 1269; baseline -0.003 -16"><span class='ocrx_word' id='word_1_284' title='bbox 1850 1202 2114 1256; x_wconf 76' lang='lat' dir='ltr'><strong>viverem.</strong></span> <span class='ocrx_word' id='word_1_285' title='bbox 2146 1199 2276 1269; x_wconf 69' lang='grc' dir='ltr'>ξριιο</span> <span class='ocrx_word' id='word_1_286' title='bbox 2321 1198 2533 1260; x_wconf 88' lang='lat' dir='ltr'><strong>eodem,</strong></span> <span class='ocrx_word' id='word_1_287' title='bbox 2589 1205 2681 1250; x_wconf 89' lang='lat' dir='ltr'><strong>aut</strong></span> <span class='ocrx_word' id='word_1_288' title='bbox 2729 1195 3055 1264; x_wconf 87' lang='lat' dir='ltr'><strong>paulo-post</strong></span> <span class='ocrx_word' id='word_1_289' title='bbox 3098 1203 3435 1249; x_wconf 90' lang='lat' dir='ltr'><strong>memoratos</strong></span> 
     </span>
    </p>
   </div>
   <div class='ocr_carea' id='block_1_40' title="bbox 1849 1273 3434 1360">
    <p class='ocr_par' dir='ltr' id='par_1_40' title="bbox 1849 1273 3434 1360">
     <span class='ocr_line' id='line_1_40' title="bbox 1849 1273 3434 1360; baseline -0.006 -15"><span class='ocrx_word' id='word_1_290' title='bbox 1849 1291 2142 1360; x_wconf 81' lang='lat' dir='ltr'><strong>prophetas</strong></span> <span class='ocrx_word' id='word_1_291' title='bbox 2174 1298 2411 1354; x_wconf 82' lang='lat' dir='ltr'><strong>sanctos,</strong></span> <span class='ocrx_word' id='word_1_292' title='bbox 2447 1287 2666 1342; x_wconf 85' lang='lat' dir='ltr'><strong>divinus</strong></span> <span class='ocrx_word' id='word_1_293' title='bbox 2706 1273 2924 1356; x_wconf 81' lang='lat' dir='ltr'><strong>quoque</strong></span> <span class='ocrx_word' id='word_1_294' title='bbox 2953 1285 3250 1340; x_wconf 79' lang='lat' dir='ltr'><strong>Malacliias</strong></span> <span class='ocrx_word' id='word_1_295' title='bbox 3277 1285 3434 1348; x_wconf 81' lang='lat' dir='ltr'><strong>vixit,</strong></span> 
     </span>
    </p>
   </div>
   <div class='ocr_carea' id='block_1_41' title="bbox 1850 1376 3437 1454">
    <p class='ocr_par' dir='ltr' id='par_1_41' title="bbox 1850 1376 3437 1454">
     <span class='ocr_line' id='line_1_41' title="bbox 1850 1376 3437 1454; baseline -0.005 -18"><span class='ocrx_word' id='word_1_296' title='bbox 1850 1383 1941 1454; x_wconf 88' lang='lat' dir='ltr'><strong>qui</strong></span> <span class='ocrx_word' id='word_1_297' title='bbox 1975 1391 2028 1437; x_wconf 90' lang='lat' dir='ltr'><strong>et</strong></span> <span class='ocrx_word' id='word_1_298' title='bbox 2059 1382 2299 1452; x_wconf 83' lang='lat' dir='ltr'><strong>Angelus</strong></span> <span class='ocrx_word' id='word_1_299' title='bbox 2331 1390 2597 1436; x_wconf 85' lang='lat' dir='ltr'><strong>vocatur:</strong></span> <span class='ocrx_word' id='word_1_300' title='bbox 2640 1379 2720 1435; x_wconf 90' lang='lat' dir='ltr'><strong>sic</strong></span> <span class='ocrx_word' id='word_1_301' title='bbox 2746 1378 2900 1434; x_wconf 86' lang='lat' dir='ltr'><strong>enim</strong></span> <span class='ocrx_word' id='word_1_302' title='bbox 2938 1376 3214 1432; x_wconf 73' lang='lat' dir='ltr'><strong>Malachia)</strong></span> <span class='ocrx_word' id='word_1_303' title='bbox 3243 1391 3437 1430; x_wconf 85' lang='lat' dir='ltr'><strong>nomen</strong></span> 
     </span>
    </p>
   </div>
   <div class='ocr_carea' id='block_1_42' title="bbox 1853 1471 3438 1544">
    <p class='ocr_par' dir='ltr' id='par_1_42' title="bbox 1853 1471 3438 1544">
     <span class='ocr_line' id='line_1_42' title="bbox 1853 1471 3438 1544; baseline -0.003 -16"><span class='ocrx_word' id='word_1_304' title='bbox 1853 1475 2115 1530; x_wconf 84' lang='lat' dir='ltr'><strong>redditur.</strong></span> <span class='ocrx_word' id='word_1_305' title='bbox 2166 1474 2576 1544; x_wconf 77' lang='lat' dir='ltr'><strong>Explodendum</strong></span> <span class='ocrx_word' id='word_1_306' title='bbox 2626 1484 2714 1530; x_wconf 89' lang='lat' dir='ltr'><strong>est</strong></span> <span class='ocrx_word' id='word_1_307' title='bbox 2752 1482 2932 1529; x_wconf 81' lang='lat' dir='ltr'><strong>autem</strong></span> <span class='ocrx_word' id='word_1_308' title='bbox 2965 1473 3325 1542; x_wconf 88' lang='lat' dir='ltr'><strong>quorumdam</strong></span> <span class='ocrx_word' id='word_1_309' title='bbox 3371 1471 3438 1525; x_wconf 89' lang='lat' dir='ltr'><strong>de</strong></span> 
     </span>
    </p>
   </div>
   <div class='ocr_carea' id='block_1_43' title="bbox 1853 1567 3435 1640">
    <p class='ocr_par' dir='ltr' id='par_1_43' title="bbox 1853 1567 3435 1640">
     <span class='ocr_line' id='line_1_43' title="bbox 1853 1567 3435 1640; baseline -0.004 -17"><span class='ocrx_word' id='word_1_310' title='bbox 1853 1570 1968 1640; x_wconf 85' lang='lat' dir='ltr'><strong>ipso</strong></span> <span class='ocrx_word' id='word_1_311' title='bbox 1995 1584 2094 1625; x_wconf 89' lang='lat' dir='ltr'><strong>nec</strong></span> <span class='ocrx_word' id='word_1_312' title='bbox 2129 1570 2458 1625; x_wconf 87' lang='lat' dir='ltr'><strong>audiendum</strong></span> <span class='ocrx_word' id='word_1_313' title='bbox 2500 1577 2897 1634; x_wconf 70' lang='lat' dir='ltr'><strong>commeatuum,</strong></span> <span class='ocrx_word' id='word_1_314' title='bbox 2933 1569 3026 1638; x_wconf 89' lang='lat' dir='ltr'><strong>qui</strong></span> <span class='ocrx_word' id='word_1_315' title='bbox 3059 1567 3435 1630; x_wconf 89' lang='lat' dir='ltr'><strong>crediderunt,</strong></span> 
     </span>
    </p>
   </div>
   <div class='ocr_carea' id='block_1_44' title="bbox 1855 1663 3440 1732">
    <p class='ocr_par' dir='ltr' id='par_1_44' title="bbox 1855 1663 3440 1732">
     <span class='ocr_line' id='line_1_44' title="bbox 1855 1663 3440 1732; baseline -0.004 -16"><span class='ocrx_word' id='word_1_316' title='bbox 1855 1672 2164 1731; x_wconf 83' lang='lat' dir='ltr'><strong>temereque</strong></span> <span class='ocrx_word' id='word_1_317' title='bbox 2187 1663 2353 1732; x_wconf 73' lang='lat'><strong>8&#39;17</strong></span> <span class='ocrx_word' id='word_1_318' title='bbox 2381 1663 2607 1718; x_wconf 78' lang='lat' dir='ltr'><strong>fabulati</strong></span> <span class='ocrx_word' id='word_1_319' title='bbox 2651 1669 2797 1724; x_wconf 89' lang='lat' dir='ltr'><strong>sunt,</strong></span> <span class='ocrx_word' id='word_1_320' title='bbox 2846 1675 2969 1717; x_wconf 90' lang='lat' dir='ltr'><strong>eum</strong></span> <span class='ocrx_word' id='word_1_321' title='bbox 3027 1668 3221 1713; x_wconf 88' lang='lat' dir='ltr'><strong>natura</strong></span> <span class='ocrx_word' id='word_1_322' title='bbox 3276 1672 3440 1725; x_wconf 83' lang='lat' dir='ltr'><strong>auge-</strong></span> 
     </span>
    </p>
   </div>
   <div class='ocr_carea' id='block_1_45' title="bbox 1855 1750 3438 1821">
    <p class='ocr_par' dir='ltr' id='par_1_45' title="bbox 1855 1750 3438 1821">
     <span class='ocr_line' id='line_1_45' title="bbox 1855 1750 3438 1821; baseline -0.005 -12"><span class='ocrx_word' id='word_1_323' title='bbox 1855 1755 1963 1809; x_wconf 81' lang='lat' dir='ltr'><strong>lurn</strong></span> <span class='ocrx_word' id='word_1_324' title='bbox 2017 1754 2206 1818; x_wconf 82' lang='lat' dir='ltr'><strong>fuisse,</strong></span> <span class='ocrx_word' id='word_1_325' title='bbox 2283 1756 2377 1809; x_wconf 89' lang='lat' dir='ltr'><strong>sed</strong></span> <span class='ocrx_word' id='word_1_326' title='bbox 2428 1756 2710 1810; x_wconf 82' lang='lat' dir='ltr'><strong>voluntate</strong></span> <span class='ocrx_word' id='word_1_327' title='bbox 2755 1755 2848 1808; x_wconf 87' lang='lat' dir='ltr'><strong>Dei</strong></span> <span class='ocrx_word' id='word_1_328' title='bbox 2913 1753 3160 1821; x_wconf 86' lang='lat' dir='ltr'><strong>corporis</strong></span> <span class='ocrx_word' id='word_1_329' title='bbox 3210 1750 3438 1804; x_wconf 81' lang='lat' dir='ltr'><strong>formam</strong></span> 
     </span>
    </p>
   </div>
   <div class='ocr_carea' id='block_1_46' title="bbox 1856 1840 3441 1913">
    <p class='ocr_par' dir='ltr' id='par_1_46' title="bbox 1856 1840 3441 1913">
     <span class='ocr_line' id='line_1_46' title="bbox 1856 1840 3441 1913; baseline -0.003 -16"><span class='ocrx_word' id='word_1_330' title='bbox 1856 1843 2213 1913; x_wconf 86' lang='lat' dir='ltr'><strong>habitumque</strong></span> <span class='ocrx_word' id='word_1_331' title='bbox 2275 1843 2667 1912; x_wconf 84' lang='lat' dir='ltr'><strong>assumpsisse,</strong></span> <span class='ocrx_word' id='word_1_332' title='bbox 2717 1851 2774 1896; x_wconf 90' lang='lat' dir='ltr'><strong>et</strong></span> <span class='ocrx_word' id='word_1_333' title='bbox 2825 1841 3094 1896; x_wconf 87' lang='lat' dir='ltr'><strong>Israelitis</strong></span> <span class='ocrx_word' id='word_1_334' title='bbox 3143 1840 3441 1910; x_wconf 71' lang='lat' dir='ltr'><strong>prophetia!</strong></span> 
     </span>
    </p>
   </div>
   <div class='ocr_carea' id='block_1_47' title="bbox 1855 1930 3438 2005">
    <p class='ocr_par' dir='ltr' id='par_1_47' title="bbox 1855 1930 3438 2005">
     <span class='ocr_line' id='line_1_47' title="bbox 1855 1930 3438 2005; baseline -0.005 -14"><span class='ocrx_word' id='word_1_335' title='bbox 1855 1933 2090 1991; x_wconf 73' lang='lat' dir='ltr'><strong>ofﬁcium</strong></span> <span class='ocrx_word' id='word_1_336' title='bbox 2117 1935 2456 2005; x_wconf 67' lang='lat' dir='ltr'><strong>praestitisse.</strong></span> <span class='ocrx_word' id='word_1_337' title='bbox 2501 1935 2686 1989; x_wconf 81' lang='lat' dir='ltr'><strong>Dictus</strong></span> <span class='ocrx_word' id='word_1_338' title='bbox 2727 1943 2811 1988; x_wconf 91' lang='lat' dir='ltr'><strong>est</strong></span> <span class='ocrx_word' id='word_1_339' title='bbox 2843 1947 3082 2003; x_wconf 86' lang='lat' dir='ltr'><strong>namque</strong></span> <span class='ocrx_word' id='word_1_340' title='bbox 3113 1930 3352 2001; x_wconf 84' lang='lat' dir='ltr'><strong>Angelus</strong></span> <span class='ocrx_word' id='word_1_341' title='bbox 3387 1932 3438 1984; x_wconf 90' lang='lat' dir='ltr'><strong>in</strong></span> 
     </span>
    </p>
   </div>
   <div class='ocr_carea' id='block_1_48' title="bbox 1856 2022 3444 2096">
    <p class='ocr_par' dir='ltr' id='par_1_48' title="bbox 1856 2022 3444 2096">
     <span class='ocr_line' id='line_1_48' title="bbox 1856 2022 3444 2096; baseline -0.001 -18"><span class='ocrx_word' id='word_1_342' title='bbox 1856 2025 2049 2095; x_wconf 88' lang='lat' dir='ltr'><strong>primis</strong></span> <span class='ocrx_word' id='word_1_343' title='bbox 2095 2026 2350 2096; x_wconf 83' lang='lat' dir='ltr'><strong>quidem,</strong></span> <span class='ocrx_word' id='word_1_344' title='bbox 2406 2024 2549 2095; x_wconf 88' lang='lat' dir='ltr'><strong>quod</strong></span> <span class='ocrx_word' id='word_1_345' title='bbox 2583 2025 2700 2095; x_wconf 83' lang='lat' dir='ltr'><strong>ejus</strong></span> <span class='ocrx_word' id='word_1_346' title='bbox 2738 2038 2960 2087; x_wconf 87' lang='lat' dir='ltr'><strong>nomen,</strong></span> <span class='ocrx_word' id='word_1_347' title='bbox 3011 2031 3070 2076; x_wconf 93' lang='lat' dir='ltr'><strong>ut</strong></span> <span class='ocrx_word' id='word_1_348' title='bbox 3118 2023 3253 2090; x_wconf 81' lang='lat' dir='ltr'><strong>dixi,</strong></span> <span class='ocrx_word' id='word_1_349' title='bbox 3303 2022 3444 2076; x_wconf 89' lang='lat' dir='ltr'><strong>hanc</strong></span> 
     </span>
    </p>
   </div>
   <div class='ocr_carea' id='block_1_49' title="bbox 1856 2115 3443 2186">
    <p class='ocr_par' dir='ltr' id='par_1_49' title="bbox 1856 2115 3443 2186">
     <span class='ocr_line' id='line_1_49' title="bbox 1856 2115 3443 2186; baseline -0.003 -14"><span class='ocrx_word' id='word_1_350' title='bbox 1856 2117 2136 2174; x_wconf 90' lang='lat' dir='ltr'><strong>notionem</strong></span> <span class='ocrx_word' id='word_1_351' title='bbox 2185 2117 2445 2185; x_wconf 84' lang='lat' dir='ltr'><strong>haberet;</strong></span> <span class='ocrx_word' id='word_1_352' title='bbox 2487 2117 2686 2173; x_wconf 89' lang='lat' dir='ltr'><strong>deinde</strong></span> <span class='ocrx_word' id='word_1_353' title='bbox 2713 2115 2856 2186; x_wconf 90' lang='lat' dir='ltr'><strong>quod</strong></span> <span class='ocrx_word' id='word_1_354' title='bbox 2884 2130 3008 2171; x_wconf 91' lang='lat' dir='ltr'><strong>cum</strong></span> <span class='ocrx_word' id='word_1_355' title='bbox 3044 2115 3292 2170; x_wconf 58' lang='lat' dir='ltr'><strong>caelestes</strong></span> <span class='ocrx_word' id='word_1_356' title='bbox 3321 2122 3378 2168; x_wconf 92' lang='lat' dir='ltr'><strong>et</strong></span> <span class='ocrx_word' id='word_1_357' title='bbox 3413 2129 3443 2167; x_wconf 89' lang='lat' dir='ltr'><strong>a</strong></span> 
     </span>
    </p>
   </div>
   <div class='ocr_carea' id='block_1_50' title="bbox 1856 2207 3445 2280">
    <p class='ocr_par' dir='ltr' id='par_1_50' title="bbox 1856 2207 3445 2280">
     <span class='ocr_line' id='line_1_50' title="bbox 1856 2207 3445 2280; baseline -0.004 -16"><span class='ocrx_word' id='word_1_358' title='bbox 1856 2209 1972 2266; x_wconf 82' lang='lat' dir='ltr'><strong>Deo</strong></span> <span class='ocrx_word' id='word_1_359' title='bbox 2019 2210 2312 2280; x_wconf 90' lang='lat' dir='ltr'><strong>inspiratos</strong></span> <span class='ocrx_word' id='word_1_360' title='bbox 2343 2224 2627 2266; x_wconf 89' lang='lat' dir='ltr'><strong>sermones</strong></span> <span class='ocrx_word' id='word_1_361' title='bbox 2669 2207 2853 2264; x_wconf 88' lang='lat' dir='ltr'><strong>lsraeli</strong></span> <span class='ocrx_word' id='word_1_362' title='bbox 2889 2208 3180 2275; x_wconf 88' lang='lat' dir='ltr'><strong>nuntiarit,</strong></span> <span class='ocrx_word' id='word_1_363' title='bbox 3217 2223 3322 2262; x_wconf 92' lang='lat' dir='ltr'><strong>non</strong></span> <span class='ocrx_word' id='word_1_364' title='bbox 3362 2207 3445 2260; x_wconf 85' lang='lat' dir='ltr'><strong>iu-</strong></span> 
     </span>
    </p>
   </div>
   <div class='ocr_carea' id='block_1_51' title="bbox 1855 2299 3445 2374">
    <p class='ocr_par' dir='ltr' id='par_1_51' title="bbox 1855 2299 3445 2374">
     <span class='ocr_line' id='line_1_51' title="bbox 1855 2299 3445 2374; baseline -0.004 -16"><span class='ocrx_word' id='word_1_365' title='bbox 1855 2303 1996 2358; x_wconf 89' lang='lat' dir='ltr'><strong>scite</strong></span> <span class='ocrx_word' id='word_1_366' title='bbox 2029 2303 2194 2358; x_wconf 90' lang='lat' dir='ltr'><strong>etiam</strong></span> <span class='ocrx_word' id='word_1_367' title='bbox 2236 2303 2460 2374; x_wconf 80' lang='lat' dir='ltr'><strong>angelus</strong></span> <span class='ocrx_word' id='word_1_368' title='bbox 2489 2301 2672 2356; x_wconf 90' lang='lat' dir='ltr'><strong>vocari</strong></span> <span class='ocrx_word' id='word_1_369' title='bbox 2716 2301 2914 2370; x_wconf 85' lang='lat' dir='ltr'><strong>possit.</strong></span> <span class='ocrx_word' id='word_1_370' title='bbox 2951 2299 3139 2368; x_wconf 86' lang='lat' dir='ltr'><strong>Itaque</strong></span> <span class='ocrx_word' id='word_1_371' title='bbox 3177 2300 3290 2368; x_wconf 91' lang='lat' dir='ltr'><strong>ipse</strong></span> <span class='ocrx_word' id='word_1_372' title='bbox 3318 2312 3445 2367; x_wconf 90' lang='lat' dir='ltr'><strong>pro-</strong></span> 
     </span>
    </p>
   </div>
   <div class='ocr_carea' id='block_1_52' title="bbox 1857 2389 3446 2467">
    <p class='ocr_par' dir='ltr' id='par_1_52' title="bbox 1857 2389 3446 2467">
     <span class='ocr_line' id='line_1_52' title="bbox 1857 2389 3446 2467; baseline -0.005 -17"><span class='ocrx_word' id='word_1_373' title='bbox 1857 2397 2018 2467; x_wconf 84' lang='lat' dir='ltr'><strong>pheta</strong></span> <span class='ocrx_word' id='word_1_374' title='bbox 2052 2394 2344 2450; x_wconf 79' lang='lat' dir='ltr'><strong>Malaehias</strong></span> <span class='ocrx_word' id='word_1_375' title='bbox 2382 2396 2435 2448; x_wconf 92' lang='lat' dir='ltr'><strong>in</strong></span> <span class='ocrx_word' id='word_1_376' title='bbox 2471 2399 2730 2449; x_wconf 79' lang='lat' dir='ltr'><strong>contextu</strong></span> <span class='ocrx_word' id='word_1_377' title='bbox 2764 2393 2830 2447; x_wconf 92' lang='lat' dir='ltr'><strong>de</strong></span> <span class='ocrx_word' id='word_1_378' title='bbox 2866 2389 3113 2460; x_wconf 82' lang='lat' dir='ltr'><strong>quolibet</strong></span> <span class='ocrx_word' id='word_1_379' title='bbox 3160 2389 3446 2444; x_wconf 87' lang='lat' dir='ltr'><strong>sacerdote</strong></span> 
     </span>
    </p>
   </div>
   <div class='ocr_carea' id='block_1_53' title="bbox 1858 2482 3446 2548">
    <p class='ocr_par' dir='ltr' id='par_1_53' title="bbox 1858 2482 3446 2548">
     <span class='ocr_line' id='line_1_53' title="bbox 1858 2482 3446 2548; baseline -0.006 -2"><span class='ocrx_word' id='word_1_380' title='bbox 1858 2492 1935 2546; x_wconf 88' lang='lat' dir='ltr'><strong>ait</strong></span> <span class='ocrx_word' id='word_1_381' title='bbox 1964 2509 1979 2546; x_wconf 88' lang='lat'><strong>:</strong></span> <span class='ocrx_word' id='word_1_382' title='bbox 2010 2508 2028 2542; x_wconf 84' lang='grc' dir='ltr'><strong>ι</strong></span> <span class='ocrx_word' id='word_1_383' title='bbox 2060 2488 2226 2544; x_wconf 88' lang='lat' dir='ltr'><strong>Labia</strong></span> <span class='ocrx_word' id='word_1_384' title='bbox 2259 2488 2562 2545; x_wconf 89' lang='lat' dir='ltr'><strong>sacerdotis</strong></span> <span class='ocrx_word' id='word_1_385' title='bbox 2589 2486 2902 2543; x_wconf 89' lang='lat' dir='ltr'><strong>custodieut</strong></span> <span class='ocrx_word' id='word_1_386' title='bbox 2942 2485 3253 2548; x_wconf 85' lang='lat' dir='ltr'><strong>scientiam,</strong></span> <span class='ocrx_word' id='word_1_387' title='bbox 3281 2491 3336 2538; x_wconf 91' lang='lat' dir='ltr'><strong>et</strong></span> <span class='ocrx_word' id='word_1_388' title='bbox 3369 2482 3446 2536; x_wconf 86' lang='lat' dir='ltr'><strong>le-</strong></span> 
     </span>
    </p>
   </div>
   <div class='ocr_carea' id='block_1_54' title="bbox 1857 2574 3450 2653">
    <p class='ocr_par' dir='ltr' id='par_1_54' title="bbox 1857 2574 3450 2653">
     <span class='ocr_line' id='line_1_54' title="bbox 1857 2574 3450 2653; baseline -0.008 -14"><span class='ocrx_word' id='word_1_389' title='bbox 1857 2598 1976 2653; x_wconf 88' lang='lat' dir='ltr'><strong>gem</strong></span> <span class='ocrx_word' id='word_1_390' title='bbox 2027 2584 2311 2647; x_wconf 86' lang='lat' dir='ltr'><strong>requirent</strong></span> <span class='ocrx_word' id='word_1_391' title='bbox 2361 2597 2426 2638; x_wconf 83' lang='lat' dir='ltr'><strong>ex</strong></span> <span class='ocrx_word' id='word_1_392' title='bbox 2459 2597 2556 2637; x_wconf 92' lang='lat' dir='ltr'><strong>ore</strong></span> <span class='ocrx_word' id='word_1_393' title='bbox 2609 2583 2749 2650; x_wconf 83' lang='lat' dir='ltr'><strong>ejus,</strong></span> <span class='ocrx_word' id='word_1_394' title='bbox 2783 2581 3039 2653; x_wconf 89' lang='lat' dir='ltr'><strong>quoniam</strong></span> <span class='ocrx_word' id='word_1_395' title='bbox 3095 2577 3319 2647; x_wconf 83' lang='lat' dir='ltr'><strong>angelus</strong></span> <span class='ocrx_word' id='word_1_396' title='bbox 3347 2574 3450 2628; x_wconf 81' lang='lat' dir='ltr'><strong>Do-</strong></span> 
     </span>
    </p>
   </div>
   <div class='ocr_carea' id='block_1_55' title="bbox 1858 2669 3446 2744">
    <p class='ocr_par' dir='ltr' id='par_1_55' title="bbox 1858 2669 3446 2744">
     <span class='ocr_line' id='line_1_55' title="bbox 1858 2669 3446 2744; baseline -0.006 -14"><span class='ocrx_word' id='word_1_397' title='bbox 1858 2674 1992 2730; x_wconf 91' lang='lat' dir='ltr'><strong>mini</strong></span> <span class='ocrx_word' id='word_1_398' title='bbox 2032 2673 2424 2744; x_wconf 89' lang='lat' dir='ltr'><strong>omnipotentis</strong></span> <span class='ocrx_word' id='word_1_399' title='bbox 2461 2682 2546 2728; x_wconf 91' lang='lat' dir='ltr'><strong>est</strong></span> <span class='ocrx_word' id='word_1_400' title='bbox 2572 2673 2640 2728; x_wconf 74' lang='lat'><strong>“.</strong></span> <span class='ocrx_word' id='word_1_401' title='bbox 2668 2691 2686 2725; x_wconf 79' lang='grc' dir='ltr'><strong>ι</strong></span> <span class='ocrx_word' id='word_1_402' title='bbox 2737 2673 2812 2728; x_wconf 91' lang='lat' dir='ltr'><strong>De</strong></span> <span class='ocrx_word' id='word_1_403' title='bbox 2862 2669 3214 2726; x_wconf 86' lang='lat' dir='ltr'><strong>Emmanuele</strong></span> <span class='ocrx_word' id='word_1_404' title='bbox 3266 2679 3446 2722; x_wconf 80' lang='lat' dir='ltr'><strong>autent</strong></span> 
     </span>
    </p>
   </div>
   <div class='ocr_carea' id='block_1_56' title="bbox 1859 2764 3451 2839">
    <p class='ocr_par' dir='ltr' id='par_1_56' title="bbox 1859 2764 3451 2839">
     <span class='ocr_line' id='line_1_56' title="bbox 1859 2764 3451 2839; baseline -0.004 -16"><span class='ocrx_word' id='word_1_405' title='bbox 1859 2769 2123 2839; x_wconf 90' lang='lat' dir='ltr'><strong>propheta</strong></span> <span class='ocrx_word' id='word_1_406' title='bbox 2159 2769 2328 2824; x_wconf 85' lang='lat' dir='ltr'><strong>Isaias</strong></span> <span class='ocrx_word' id='word_1_407' title='bbox 2359 2786 2372 2823; x_wconf 93' lang='lat'><strong>:</strong></span> <span class='ocrx_word' id='word_1_408' title='bbox 2405 2785 2425 2820; x_wconf 85' lang='grc' dir='ltr'><strong>ι</strong></span> <span class='ocrx_word' id='word_1_409' title='bbox 2456 2767 2525 2822; x_wconf 89' lang='grc' dir='ltr'><strong>Ει</strong></span> <span class='ocrx_word' id='word_1_410' title='bbox 2575 2766 2759 2823; x_wconf 88' lang='lat' dir='ltr'><strong>volent</strong></span> <span class='ocrx_word' id='word_1_411' title='bbox 2801 2766 2846 2823; x_wconf 92' lang='lat' dir='ltr'><strong>si</strong></span> <span class='ocrx_word' id='word_1_412' title='bbox 2885 2765 3087 2821; x_wconf 81' lang='lat' dir='ltr'><strong>fuerint</strong></span> <span class='ocrx_word' id='word_1_413' title='bbox 3119 2764 3260 2835; x_wconf 85' lang='lat' dir='ltr'><strong>igne</strong></span> <span class='ocrx_word' id='word_1_414' title='bbox 3299 2777 3451 2818; x_wconf 92' lang='lat' dir='ltr'><strong>com-</strong></span> 
     </span>
    </p>
   </div>
   <div class='ocr_carea' id='block_1_57' title="bbox 1859 2856 3451 2931">
    <p class='ocr_par' dir='ltr' id='par_1_57' title="bbox 1859 2856 3451 2931">
     <span class='ocr_line' id='line_1_57' title="bbox 1859 2856 3451 2931; baseline -0.006 -14"><span class='ocrx_word' id='word_1_415' title='bbox 1859 2862 2024 2928; x_wconf 90' lang='lat' dir='ltr'><strong>busti,</strong></span> <span class='ocrx_word' id='word_1_416' title='bbox 2069 2861 2195 2930; x_wconf 87' lang='lat' dir='ltr'><strong>quia</strong></span> <span class='ocrx_word' id='word_1_417' title='bbox 2237 2875 2375 2931; x_wconf 90' lang='lat' dir='ltr'><strong>puer</strong></span> <span class='ocrx_word' id='word_1_418' title='bbox 2425 2868 2584 2914; x_wconf 89' lang='lat' dir='ltr'><strong>natus</strong></span> <span class='ocrx_word' id='word_1_419' title='bbox 2629 2867 2714 2914; x_wconf 92' lang='lat' dir='ltr'><strong>est</strong></span> <span class='ocrx_word' id='word_1_420' title='bbox 2753 2857 2939 2923; x_wconf 91' lang='lat' dir='ltr'><strong>nobis;</strong></span> <span class='ocrx_word' id='word_1_421' title='bbox 2988 2856 3130 2910; x_wconf 91' lang='lat' dir='ltr'><strong>lilius</strong></span> <span class='ocrx_word' id='word_1_422' title='bbox 3165 2856 3322 2910; x_wconf 87' lang='lat' dir='ltr'><strong>datus</strong></span> <span class='ocrx_word' id='word_1_423' title='bbox 3364 2861 3451 2908; x_wconf 89' lang='lat' dir='ltr'><strong>est</strong></span> 
     </span>
    </p>
   </div>
   <div class='ocr_carea' id='block_1_58' title="bbox 1861 2944 3454 3018">
    <p class='ocr_par' dir='ltr' id='par_1_58' title="bbox 1861 2944 3454 3018">
     <span class='ocr_line' id='line_1_58' title="bbox 1861 2944 3454 3018; baseline -0.006 -10"><span class='ocrx_word' id='word_1_424' title='bbox 1861 2953 2040 3018; x_wconf 91' lang='lat' dir='ltr'><strong>nobis,</strong></span> <span class='ocrx_word' id='word_1_425' title='bbox 2075 2961 2131 3008; x_wconf 91' lang='lat' dir='ltr'><strong>et</strong></span> <span class='ocrx_word' id='word_1_426' title='bbox 2166 2951 2455 3006; x_wconf 81' lang='lat' dir='ltr'><strong>vocabitur</strong></span> <span class='ocrx_word' id='word_1_427' title='bbox 2491 2964 2690 3006; x_wconf 89' lang='lat' dir='ltr'><strong>nomen</strong></span> <span class='ocrx_word' id='word_1_428' title='bbox 2722 2949 2840 3018; x_wconf 86' lang='lat' dir='ltr'><strong>ejus</strong></span> <span class='ocrx_word' id='word_1_429' title='bbox 2874 2947 3052 3014; x_wconf 87' lang='lat' dir='ltr'><strong>magni</strong></span> <span class='ocrx_word' id='word_1_430' title='bbox 3096 2944 3308 3000; x_wconf 87' lang='lat' dir='ltr'><strong>consilii</strong></span> <span class='ocrx_word' id='word_1_431' title='bbox 3339 2944 3454 2999; x_wconf 82' lang='lat' dir='ltr'><strong>An-</strong></span> 
     </span>
    </p>
   </div>
   <div class='ocr_carea' id='block_1_59' title="bbox 1861 3037 3453 3120">
    <p class='ocr_par' dir='ltr' id='par_1_59' title="bbox 1861 3037 3453 3120">
     <span class='ocr_line' id='line_1_59' title="bbox 1861 3037 3453 3120; baseline -0.008 -19"><span class='ocrx_word' id='word_1_432' title='bbox 1861 3046 2012 3120; x_wconf 80' lang='lat' dir='ltr'><strong>gelus</strong></span> <span class='ocrx_word' id='word_1_433' title='bbox 2030 3045 2097 3098; x_wconf 85' lang='grc'><strong>⁸⁸.</strong></span> <span class='ocrx_word' id='word_1_434' title='bbox 2130 3062 2152 3099; x_wconf 76' lang='grc' dir='ltr'><strong>ι</strong></span> <span class='ocrx_word' id='word_1_435' title='bbox 2187 3043 2352 3099; x_wconf 82' lang='lat' dir='ltr'><strong>Vides</strong></span> <span class='ocrx_word' id='word_1_436' title='bbox 2383 3042 2839 3112; x_wconf 87' lang='lat' dir='ltr'><strong>quemadmodum</strong></span> <span class='ocrx_word' id='word_1_437' title='bbox 2877 3037 3271 3108; x_wconf 77' lang='grc' dir='ltr'>ἀπαγγέλλειν,</span> <span class='ocrx_word' id='word_1_438' title='bbox 3317 3053 3453 3090; x_wconf 82' lang='lat' dir='ltr'><strong>nuu-</strong></span> 
     </span>
    </p>
   </div>
   <div class='ocr_carea' id='block_1_60' title="bbox 1865 3131 3449 3206">
    <p class='ocr_par' dir='ltr' id='par_1_60' title="bbox 1865 3131 3449 3206">
     <span class='ocr_line' id='line_1_60' title="bbox 1865 3131 3449 3206; baseline -0.006 -15"><span class='ocrx_word' id='word_1_439' title='bbox 1865 3139 1998 3192; x_wconf 80' lang='lat' dir='ltr'><strong>tiare</strong></span> <span class='ocrx_word' id='word_1_440' title='bbox 2031 3150 2150 3206; x_wconf 68' lang='lat' dir='ltr'><strong>quat</strong></span> <span class='ocrx_word' id='word_1_441' title='bbox 2180 3135 2325 3190; x_wconf 89' lang='lat' dir='ltr'><strong>illius</strong></span> <span class='ocrx_word' id='word_1_442' title='bbox 2365 3147 2631 3204; x_wconf 67' lang='lat' dir='ltr'><strong>supremae</strong></span> <span class='ocrx_word' id='word_1_443' title='bbox 2682 3142 2890 3187; x_wconf 77' lang='lat' dir='ltr'><strong>natura:</strong></span> <span class='ocrx_word' id='word_1_444' title='bbox 2927 3141 3076 3198; x_wconf 90' lang='lat' dir='ltr'><strong>sunt,</strong></span> <span class='ocrx_word' id='word_1_445' title='bbox 3123 3131 3449 3200; x_wconf 86' lang='lat' dir='ltr'><strong>quibusdam</strong></span> 
     </span>
    </p>
   </div>
   <div class='ocr_carea' id='block_1_61' title="bbox 160 3217 1774 3311">
    <p class='ocr_par' dir='ltr' id='par_1_61' title="bbox 160 3217 1756 3301">
     <span class='ocr_line' id='line_1_61' title="bbox 160 3217 1756 3301; baseline -0.001 -28"><span class='ocrx_word' id='word_1_446' title='bbox 160 3220 529 3301; x_wconf 52' lang='grc' dir='ltr'>Ἄγγελος.)</span> <span class='ocrx_word' id='word_1_447' title='bbox 578 3219 741 3291; x_wconf 77' lang='grc' dir='ltr'>Ὁρᾷς</span> <span class='ocrx_word' id='word_1_448' title='bbox 773 3221 855 3273; x_wconf 88' lang='grc' dir='ltr'>ὅτι</span> <span class='ocrx_word' id='word_1_449' title='bbox 895 3221 958 3279; x_wconf 74' lang='grc' dir='ltr'><strong>τδ</strong></span> <span class='ocrx_word' id='word_1_450' title='bbox 996 3217 1404 3290; x_wconf 68' lang='grc' dir='ltr'><strong>ἀπαγγέλλειν</strong></span> <span class='ocrx_word' id='word_1_451' title='bbox 1444 3219 1650 3292; x_wconf 81' lang='grc' dir='ltr'>ἑτέροις</span> <span class='ocrx_word' id='word_1_452' title='bbox 1686 3219 1756 3273; x_wconf 78' lang='grc' dir='ltr'><strong>τὰ</strong></span> 
     </span>
    </p>
   </div>
   <div class='ocr_carea' id='block_1_62' title="bbox 1862 3217 3448 3311">
    <p class='ocr_par' dir='ltr' id='par_1_62' title="bbox 1870 3221 3448 3298">
     <span class='ocr_line' id='line_1_62' title="bbox 1870 3221 3448 3298; baseline -0.008 -14"><span class='ocrx_word' id='word_1_453' title='bbox 1870 3230 2030 3285; x_wconf 91' lang='lat' dir='ltr'><strong>etiam</strong></span> <span class='ocrx_word' id='word_1_454' title='bbox 2061 3227 2375 3298; x_wconf 78' lang='lat' dir='ltr'><strong>angelorum</strong></span> <span class='ocrx_word' id='word_1_455' title='bbox 2409 3239 2605 3279; x_wconf 87' lang='lat' dir='ltr'><strong>nomen</strong></span> <span class='ocrx_word' id='word_1_456' title='bbox 2661 3224 2932 3286; x_wconf 87' lang='lat' dir='ltr'><strong>conciliet,</strong></span> <span class='ocrx_word' id='word_1_457' title='bbox 2967 3221 3216 3292; x_wconf 88' lang='lat' dir='ltr'><strong>quamvis</strong></span> <span class='ocrx_word' id='word_1_458' title='bbox 3256 3230 3448 3273; x_wconf 86' lang='lat' dir='ltr'><strong>natura</strong></span> 
     </span>
    </p>
   </div>
   <div class='ocr_carea' id='block_1_63' title="bbox 157 3313 1760 3388">
    <p class='ocr_par' dir='ltr' id='par_1_63' title="bbox 157 3313 1760 3388">
     <span class='ocr_line' id='line_1_63' title="bbox 157 3313 1760 3388; baseline 0 -21"><span class='ocrx_word' id='word_1_459' title='bbox 157 3315 266 3386; x_wconf 74' lang='grc' dir='ltr'><strong>τῆς</strong></span> <span class='ocrx_word' id='word_1_460' title='bbox 325 3314 610 3387; x_wconf 76' lang='grc' dir='ltr'>ἀνωτάτης</span> <span class='ocrx_word' id='word_1_461' title='bbox 654 3314 890 3388; x_wconf 64' lang='grc' dir='ltr'>φῦσεως,</span> <span class='ocrx_word' id='word_1_462' title='bbox 922 3313 1287 3386; x_wconf 79' lang='grc' dir='ltr'>ὀνομάζεσθαι</span> <span class='ocrx_word' id='word_1_463' title='bbox 1340 3315 1435 3368; x_wconf 75' lang='grc' dir='ltr'><strong>καὶ</strong></span> <span class='ocrx_word' id='word_1_464' title='bbox 1492 3314 1760 3384; x_wconf 86' lang='grc' dir='ltr'>ἀγγέλους</span> 
     </span>
    </p>
   </div>
   <div class='ocr_carea' id='block_1_64' title="bbox 156 3406 1762 3477">
    <p class='ocr_par' dir='ltr' id='par_1_64' title="bbox 156 3406 1762 3477">
     <span class='ocr_line' id='line_1_64' title="bbox 156 3406 1762 3477; baseline -0.001 -15"><span class='ocrx_word' id='word_1_465' title='bbox 156 3407 584 3472; x_wconf 75' lang='grc' dir='ltr'>παρασκευάζει</span> <span class='ocrx_word' id='word_1_466' title='bbox 620 3409 799 3474; x_wconf 79' lang='grc' dir='ltr'>τινὰς,</span> <span class='ocrx_word' id='word_1_467' title='bbox 861 3407 1040 3477; x_wconf 80' lang='grc' dir='ltr'>καίτοι</span> <span class='ocrx_word' id='word_1_468' title='bbox 1080 3406 1222 3461; x_wconf 84' lang='grc' dir='ltr'>κατά</span> <span class='ocrx_word' id='word_1_469' title='bbox 1267 3407 1428 3476; x_wconf 77' lang='grc' dir='ltr'>φύσιν</span> <span class='ocrx_word' id='word_1_470' title='bbox 1461 3407 1561 3461; x_wconf 78' lang='grc' dir='ltr'><strong>οὐκ</strong></span> <span class='ocrx_word' id='word_1_471' title='bbox 1603 3407 1762 3472; x_wconf 79' lang='grc' dir='ltr'>ὄντας</span> 
     </span>
    </p>
   </div>
   <div class='ocr_carea' id='block_1_65' title="bbox 160 3496 1764 3570">
    <p class='ocr_par' dir='ltr' id='par_1_65' title="bbox 160 3496 1764 3570">
     <span class='ocr_line' id='line_1_65' title="bbox 160 3496 1764 3570; baseline -0.001 -19"><span class='ocrx_word' id='word_1_472' title='bbox 160 3498 472 3568; x_wconf 59' lang='grc' dir='ltr'>ἀγγέλουςς</span> <span class='ocrx_word' id='word_1_473' title='bbox 513 3497 958 3568; x_wconf 77' lang='grc' dir='ltr'>Ἀνθρωποιμὲν</span> <span class='ocrx_word' id='word_1_474' title='bbox 1006 3496 1136 3569; x_wconf 79' lang='grc' dir='ltr'>γὰρ,</span> <span class='ocrx_word' id='word_1_475' title='bbox 1175 3499 1223 3552; x_wconf 80' lang='lat' dir='ltr'><strong>oi</strong></span> <span class='ocrx_word' id='word_1_476' title='bbox 1246 3497 1337 3550; x_wconf 81' lang='grc' dir='ltr'>τὸν</span> <span class='ocrx_word' id='word_1_477' title='bbox 1369 3497 1511 3551; x_wconf 89' lang='grc' dir='ltr'>θεῖον</span> <span class='ocrx_word' id='word_1_478' title='bbox 1538 3497 1764 3570; x_wconf 84' lang='grc' dir='ltr'>διερμη-</span> 
     </span>
    </p>
   </div>
   <div class='ocr_carea' id='block_1_66' title="bbox 159 3589 1765 3662">
    <p class='ocr_par' dir='ltr' id='par_1_66' title="bbox 159 3589 1765 3662">
     <span class='ocr_line' id='line_1_66' title="bbox 159 3589 1765 3662; baseline 0.001 -20"><span class='ocrx_word' id='word_1_479' title='bbox 159 3589 420 3654; x_wconf 76' lang='grc' dir='ltr'>νεῦοντες</span> <span class='ocrx_word' id='word_1_480' title='bbox 465 3591 664 3660; x_wconf 85' lang='grc' dir='ltr'>νόμον,</span> <span class='ocrx_word' id='word_1_481' title='bbox 697 3589 978 3644; x_wconf 78' lang='grc' dir='ltr'>τουτέστιν</span> <span class='ocrx_word' id='word_1_482' title='bbox 1030 3591 1322 3662; x_wconf 76' lang='grc' dir='ltr'>οίίερεῖςο</span> <span class='ocrx_word' id='word_1_483' title='bbox 1364 3590 1500 3654; x_wconf 81' lang='grc' dir='ltr'>Θεὸς</span> <span class='ocrx_word' id='word_1_484' title='bbox 1544 3590 1620 3656; x_wconf 86' lang='grc' dir='ltr'>δὲ,</span> <span class='ocrx_word' id='word_1_485' title='bbox 1669 3590 1765 3644; x_wconf 77' lang='grc' dir='ltr'>καὶ</span> 
     </span>
    </p>
   </div>
   <div class='ocr_carea' id='block_1_67' title="bbox 159 3677 1764 3752">
    <p class='ocr_par' dir='ltr' id='par_1_67' title="bbox 159 3677 1764 3752">
     <span class='ocr_line' id='line_1_67' title="bbox 159 3677 1764 3752; baseline -0.001 -17"><span class='ocrx_word' id='word_1_486' title='bbox 159 3685 226 3750; x_wconf 83' lang='grc' dir='ltr'><strong>ἐκ</strong></span> <span class='ocrx_word' id='word_1_487' title='bbox 261 3681 400 3735; x_wconf 82' lang='grc' dir='ltr'>Θεοῦ</span> <span class='ocrx_word' id='word_1_488' title='bbox 430 3682 573 3736; x_wconf 83' lang='grc' dir='ltr'><strong>κατά</strong></span> <span class='ocrx_word' id='word_1_489' title='bbox 604 3681 786 3751; x_wconf 70' lang='grc' dir='ltr'>φύσιν,</span> <span class='ocrx_word' id='word_1_490' title='bbox 817 3683 847 3736; x_wconf 92' lang='lat'><strong>6</strong></span> <span class='ocrx_word' id='word_1_491' title='bbox 879 3681 1022 3745; x_wconf 78' lang='grc' dir='ltr'>Υίός.</span> <span class='ocrx_word' id='word_1_492' title='bbox 1049 3682 1369 3752; x_wconf 81' lang='grc' dir='ltr'>Ἀνθρωπος</span> <span class='ocrx_word' id='word_1_493' title='bbox 1407 3681 1472 3752; x_wconf 71' lang='grc' dir='ltr'>δὴ</span> <span class='ocrx_word' id='word_1_494' title='bbox 1515 3677 1609 3735; x_wconf 83' lang='grc' dir='ltr'><strong>οὗν</strong></span> <span class='ocrx_word' id='word_1_495' title='bbox 1641 3679 1764 3735; x_wconf 84' lang='grc' dir='ltr'>καθ’</span> 
     </span>
    </p>
   </div>
   <div class='ocr_carea' id='block_1_68' title="bbox 160 3772 1765 3850">
    <p class='ocr_par' dir='ltr' id='par_1_68' title="bbox 160 3772 1765 3850">
     <span class='ocr_line' id='line_1_68' title="bbox 160 3772 1765 3850; baseline -0.003 -23"><span class='ocrx_word' id='word_1_496' title='bbox 160 3776 320 3844; x_wconf 70' lang='grc' dir='ltr'>ἡμεῖς</span> <span class='ocrx_word' id='word_1_497' title='bbox 348 3776 376 3828; x_wconf 79' lang='lat'><strong>6</strong></span> <span class='ocrx_word' id='word_1_498' title='bbox 409 3775 698 3850; x_wconf 62' lang='grc' dir='ltr'>προφήτης</span> <span class='ocrx_word' id='word_1_499' title='bbox 733 3772 1040 3844; x_wconf 80' lang='grc' dir='ltr'><strong>Μαλαχίας.</strong></span> <span class='ocrx_word' id='word_1_500' title='bbox 1067 3773 1296 3845; x_wconf 83' lang='grc' dir='ltr'>Σύμπας</span> <span class='ocrx_word' id='word_1_501' title='bbox 1316 3774 1373 3827; x_wconf 80' lang='grc' dir='ltr'>δὲ</span> <span class='ocrx_word' id='word_1_502' title='bbox 1397 3774 1587 3844; x_wconf 84' lang='grc' dir='ltr'>ὥσπερ</span> <span class='ocrx_word' id='word_1_503' title='bbox 1616 3772 1765 3843; x_wconf 80' lang='grc' dir='ltr'>αὐτῷ</span> 
     </span>
    </p>
   </div>
   <div class='ocr_carea' id='block_1_69' title="bbox 159 3851 1761 3943">
    <p class='ocr_par' dir='ltr' id='par_1_69' title="bbox 159 3851 1761 3943">
     <span class='ocr_line' id='line_1_69' title="bbox 159 3851 1761 3943; baseline -0.024 13"><span class='ocrx_word' id='word_1_504' title='bbox 159 3853 268 3943; x_wconf 57' lang='grc' dir='ltr'><strong>τῆξ</strong></span> <span class='ocrx_word' id='word_1_505' title='bbox 300 3851 641 3936; x_wconf 53' lang='grc' dir='ltr'><strong>πρθῬητεῖας</strong></span> <span class='ocrx_word' id='word_1_506' title='bbox 667 3865 694 3917; x_wconf 72' lang='grc' dir='ltr'><strong>ὁ</strong></span> <span class='ocrx_word' id='word_1_507' title='bbox 725 3864 926 3933; x_wconf 77' lang='grc' dir='ltr'>σκοπδς</span> <span class='ocrx_word' id='word_1_508' title='bbox 968 3866 1049 3928; x_wconf 71' lang='grc' dir='ltr'><strong>εἷς</strong></span> <span class='ocrx_word' id='word_1_509' title='bbox 1076 3864 1168 3917; x_wconf 76' lang='grc' dir='ltr'><strong>δῦο</strong></span> <span class='ocrx_word' id='word_1_510' title='bbox 1197 3864 1370 3918; x_wconf 80' lang='grc' dir='ltr'>ταῦτα</span> <span class='ocrx_word' id='word_1_511' title='bbox 1413 3863 1761 3919; x_wconf 76' lang='grc' dir='ltr'>συντείνεται.</span> 
     </span>
    </p>
   </div>
   <div class='ocr_carea' id='block_1_70' title="bbox 174 3944 1767 4033">
    <p class='ocr_par' dir='ltr' id='par_1_70' title="bbox 174 3944 1767 4033">
     <span class='ocr_line' id='line_1_70' title="bbox 174 3944 1767 4033; baseline -0.001 -24"><span class='ocrx_word' id='word_1_512' title='bbox 174 3944 591 4029; x_wconf 64' lang='grc' dir='ltr'>Ἐγηγερμένου</span> <span class='ocrx_word' id='word_1_513' title='bbox 620 3954 731 4033; x_wconf 71' lang='grc' dir='ltr'><strong>γάρ</strong></span> <span class='ocrx_word' id='word_1_514' title='bbox 751 3954 842 4008; x_wconf 88' lang='grc' dir='ltr'><strong>τοῦ</strong></span> <span class='ocrx_word' id='word_1_515' title='bbox 875 3953 1019 4018; x_wconf 82' lang='grc' dir='ltr'>θείου</span> <span class='ocrx_word' id='word_1_516' title='bbox 1053 3955 1206 4022; x_wconf 82' lang='grc' dir='ltr'>ναοῦ,</span> <span class='ocrx_word' id='word_1_517' title='bbox 1237 3946 1430 4027; x_wconf 74' lang='grc' dir='ltr'>καιροῦ</span> <span class='ocrx_word' id='word_1_518' title='bbox 1473 3955 1767 4021; x_wconf 80' lang='grc' dir='ltr'>καλοῦντος</span> 
     </span>
    </p>
   </div>
   <div class='ocr_carea' id='block_1_71' title="bbox 162 4039 1767 4120">
    <p class='ocr_par' dir='ltr' id='par_1_71' title="bbox 162 4039 1767 4120">
     <span class='ocr_line' id='line_1_71' title="bbox 162 4039 1767 4120; baseline -0.001 -20"><span class='ocrx_word' id='word_1_519' title='bbox 162 4051 248 4111; x_wconf 85' lang='grc' dir='ltr'><strong>εἰς</strong></span> <span class='ocrx_word' id='word_1_520' title='bbox 288 4039 604 4119; x_wconf 69' lang='grc' dir='ltr'>ἱερουργίαν</span> <span class='ocrx_word' id='word_1_521' title='bbox 647 4048 774 4112; x_wconf 75' lang='grc' dir='ltr'>τοὺς</span> <span class='ocrx_word' id='word_1_522' title='bbox 808 4047 1215 4120; x_wconf 67' lang='grc' dir='ltr'>προεστηκότας</span> <span class='ocrx_word' id='word_1_523' title='bbox 1261 4045 1417 4112; x_wconf 86' lang='grc' dir='ltr'>λαοῦ,</span> <span class='ocrx_word' id='word_1_524' title='bbox 1469 4048 1588 4118; x_wconf 77' lang='grc' dir='ltr'>ἦτοι</span> <span class='ocrx_word' id='word_1_525' title='bbox 1639 4046 1767 4111; x_wconf 80' lang='grc' dir='ltr'>τοὺς</span> 
     </span>
    </p>
   </div>
   <div class='ocr_carea' id='block_1_72' title="bbox 162 4137 1765 4212">
    <p class='ocr_par' dir='ltr' id='par_1_72' title="bbox 162 4137 1765 4212">
     <span class='ocr_line' id='line_1_72' title="bbox 162 4137 1765 4212; baseline -0.001 -21"><span class='ocrx_word' id='word_1_526' title='bbox 162 4139 245 4204; x_wconf 58' lang='grc' dir='ltr'><strong>ἕξ-</strong></span> <span class='ocrx_word' id='word_1_527' title='bbox 267 4138 508 4208; x_wconf 67' lang='grc' dir='ltr'>Ἰσραὴλ,</span> <span class='ocrx_word' id='word_1_528' title='bbox 535 4137 798 4212; x_wconf 79' lang='grc' dir='ltr'>πληροῦν,</span> <span class='ocrx_word' id='word_1_529' title='bbox 825 4139 874 4191; x_wconf 83' lang='grc' dir='ltr'>εί</span> <span class='ocrx_word' id='word_1_530' title='bbox 906 4137 1130 4203; x_wconf 74' lang='grc' dir='ltr'>ἕλοιντο,</span> <span class='ocrx_word' id='word_1_531' title='bbox 1165 4137 1263 4201; x_wconf 81' lang='grc' dir='ltr'><strong>τὰς</strong></span> <span class='ocrx_word' id='word_1_532' title='bbox 1305 4137 1449 4192; x_wconf 86' lang='grc' dir='ltr'>κατά</span> <span class='ocrx_word' id='word_1_533' title='bbox 1469 4139 1636 4210; x_wconf 88' lang='grc' dir='ltr'>νόμον</span> <span class='ocrx_word' id='word_1_534' title='bbox 1669 4137 1765 4190; x_wconf 83' lang='grc' dir='ltr'>εὑ-</span> 
     </span>
    </p>
   </div>
   <div class='ocr_carea' id='block_1_73' title="bbox 163 4226 1768 4300">
    <p class='ocr_par' dir='ltr' id='par_1_73' title="bbox 163 4226 1768 4300">
     <span class='ocr_line' id='line_1_73' title="bbox 163 4226 1768 4300; baseline -0.002 -18"><span class='ocrx_word' id='word_1_535' title='bbox 163 4229 296 4298; x_wconf 70' lang='grc' dir='ltr'><strong>χάς,</strong></span> <span class='ocrx_word' id='word_1_536' title='bbox 333 4228 634 4300; x_wconf 74' lang='grc' dir='ltr'>ἐκέχρηντο</span> <span class='ocrx_word' id='word_1_537' title='bbox 670 4228 928 4299; x_wconf 83' lang='grc' dir='ltr'>μὲνταῖς</span> <span class='ocrx_word' id='word_1_538' title='bbox 979 4227 1068 4281; x_wconf 76' lang='grc' dir='ltr'><strong>διὰ</strong></span> <span class='ocrx_word' id='word_1_539' title='bbox 1120 4227 1366 4292; x_wconf 82' lang='grc' dir='ltr'>Μωσέως</span> <span class='ocrx_word' id='word_1_540' title='bbox 1412 4227 1674 4291; x_wconf 81' lang='grc' dir='ltr'>ἐντολαῖς,</span> <span class='ocrx_word' id='word_1_541' title='bbox 1706 4226 1768 4292; x_wconf 72' lang='grc' dir='ltr'>οῦ</span> 
     </span>
    </p>
   </div>
   <div class='ocr_carea' id='block_1_74' title="bbox 167 4317 1772 4392">
    <p class='ocr_par' dir='ltr' id='par_1_74' title="bbox 167 4317 1772 4392">
     <span class='ocr_line' id='line_1_74' title="bbox 167 4317 1772 4392; baseline -0.002 -19"><span class='ocrx_word' id='word_1_542' title='bbox 167 4320 284 4392; x_wconf 80' lang='grc' dir='ltr'><strong>μὴν</strong></span> <span class='ocrx_word' id='word_1_543' title='bbox 308 4320 628 4391; x_wconf 76' lang='grc' dir='ltr'>ἀμωμήτως</span> <span class='ocrx_word' id='word_1_544' title='bbox 659 4319 754 4373; x_wconf 71' lang='grc' dir='ltr'><strong>καὶ</strong></span> <span class='ocrx_word' id='word_1_545' title='bbox 786 4318 1066 4383; x_wconf 81' lang='grc' dir='ltr'>ἐπιεικῶς.</span> <span class='ocrx_word' id='word_1_546' title='bbox 1103 4319 1510 4392; x_wconf 71' lang='grc' dir='ltr'>Προσεκόμιξον</span> <span class='ocrx_word' id='word_1_547' title='bbox 1541 4318 1638 4390; x_wconf 81' lang='grc' dir='ltr'><strong>μὲν</strong></span> <span class='ocrx_word' id='word_1_548' title='bbox 1661 4317 1772 4388; x_wconf 86' lang='grc' dir='ltr'><strong>γὰρ</strong></span> 
     </span>
    </p>
   </div>
   <div class='ocr_carea' id='block_1_75' title="bbox 163 4391 1770 4482">
    <p class='ocr_par' dir='ltr' id='par_1_75' title="bbox 163 4391 1770 4482">
     <span class='ocr_line' id='line_1_75' title="bbox 163 4391 1770 4482; baseline -0.002 -16"><span class='ocrx_word' id='word_1_549' title='bbox 163 4391 248 4476; x_wconf 81' lang='grc' dir='ltr'><strong>εἰς</strong></span> <span class='ocrx_word' id='word_1_550' title='bbox 293 4412 488 4466; x_wconf 80' lang='grc' dir='ltr'>θυσίαν</span> <span class='ocrx_word' id='word_1_551' title='bbox 521 4413 569 4464; x_wconf 83' lang='grc' dir='ltr'>οί</span> <span class='ocrx_word' id='word_1_552' title='bbox 615 4411 837 4465; x_wconf 84' lang='grc' dir='ltr'><strong>λαοὶτά</strong></span> <span class='ocrx_word' id='word_1_553' title='bbox 874 4410 1099 4482; x_wconf 76' lang='grc' dir='ltr'>συνήθη,</span> <span class='ocrx_word' id='word_1_554' title='bbox 1135 4410 1276 4481; x_wconf 82' lang='grc' dir='ltr'>πλὴν</span> <span class='ocrx_word' id='word_1_555' title='bbox 1319 4391 1395 4464; x_wconf 24' lang='grc' dir='ltr'><strong>οὐ.</strong></span> <span class='ocrx_word' id='word_1_556' title='bbox 1418 4411 1624 4482; x_wconf 83' lang='grc' dir='ltr'>σφόδρα</span> <span class='ocrx_word' id='word_1_557' title='bbox 1669 4428 1770 4463; x_wconf 87' lang='grc' dir='ltr'>πε-</span> 
     </span>
    </p>
   </div>
   <div class='ocr_carea' id='block_1_76' title="bbox 163 4503 1773 4581">
    <p class='ocr_par' dir='ltr' id='par_1_76' title="bbox 163 4503 1773 4581">
     <span class='ocr_line' id='line_1_76' title="bbox 163 4503 1773 4581; baseline -0.001 -23"><span class='ocrx_word' id='word_1_558' title='bbox 163 4504 624 4581; x_wconf 70' lang='grc' dir='ltr'>φροντισμένως,</span> <span class='ocrx_word' id='word_1_559' title='bbox 659 4505 908 4578; x_wconf 83' lang='grc' dir='ltr'>ὀκνηρῶς</span> <span class='ocrx_word' id='word_1_560' title='bbox 942 4504 998 4557; x_wconf 79' lang='grc' dir='ltr'>δὲ</span> <span class='ocrx_word' id='word_1_561' title='bbox 1044 4503 1248 4574; x_wconf 75' lang='grc' dir='ltr'>μᾶλλον</span> <span class='ocrx_word' id='word_1_562' title='bbox 1275 4503 1370 4569; x_wconf 63' lang='grc' dir='ltr'>καὶ</span> <span class='ocrx_word' id='word_1_563' title='bbox 1393 4503 1773 4574; x_wconf 78' lang='grc' dir='ltr'>κατημελημέ·</span> 
     </span>
    </p>
   </div>
   <div class='ocr_carea' id='block_1_77' title="bbox 1863 3311 3451 3389">
    <p class='ocr_par' dir='ltr' id='par_1_77' title="bbox 1863 3311 3451 3389">
     <span class='ocr_line' id='line_1_77' title="bbox 1863 3311 3451 3389; baseline -0.006 -15"><span class='ocrx_word' id='word_1_564' title='bbox 1863 3321 2036 3389; x_wconf 80' lang='lat' dir='ltr'><strong>angeli</strong></span> <span class='ocrx_word' id='word_1_565' title='bbox 2074 3336 2178 3375; x_wconf 90' lang='lat' dir='ltr'><strong>nou</strong></span> <span class='ocrx_word' id='word_1_566' title='bbox 2223 3317 2370 3372; x_wconf 86' lang='lat' dir='ltr'><strong>sint?</strong></span> <span class='ocrx_word' id='word_1_567' title='bbox 2413 3315 2675 3369; x_wconf 79' lang='lat' dir='ltr'><strong>Homines</strong></span> <span class='ocrx_word' id='word_1_568' title='bbox 2706 3313 2851 3368; x_wconf 90' lang='lat' dir='ltr'><strong>enim</strong></span> <span class='ocrx_word' id='word_1_569' title='bbox 2897 3324 3044 3377; x_wconf 87' lang='lat' dir='ltr'><strong>sunt,</strong></span> <span class='ocrx_word' id='word_1_570' title='bbox 3079 3311 3169 3380; x_wconf 89' lang='lat' dir='ltr'><strong>qui</strong></span> <span class='ocrx_word' id='word_1_571' title='bbox 3211 3311 3451 3364; x_wconf 88' lang='lat' dir='ltr'><strong>divinam</strong></span> 
     </span>
    </p>
   </div>
   <div class='ocr_carea' id='block_1_78' title="bbox 1863 3403 3450 3483">
    <p class='ocr_par' dir='ltr' id='par_1_78' title="bbox 1863 3403 3450 3483">
     <span class='ocr_line' id='line_1_78' title="bbox 1863 3403 3450 3483; baseline -0.006 -17"><span class='ocrx_word' id='word_1_572' title='bbox 1863 3413 2035 3483; x_wconf 90' lang='lat' dir='ltr'><strong>legem</strong></span> <span class='ocrx_word' id='word_1_573' title='bbox 2065 3410 2377 3480; x_wconf 84' lang='lat' dir='ltr'><strong>explanant,</strong></span> <span class='ocrx_word' id='word_1_574' title='bbox 2429 3421 2622 3477; x_wconf 88' lang='lat' dir='ltr'><strong>nempe</strong></span> <span class='ocrx_word' id='word_1_575' title='bbox 2656 3405 2974 3460; x_wconf 83' lang='lat' dir='ltr'><strong>sacerdotes</strong></span> <span class='ocrx_word' id='word_1_576' title='bbox 3003 3422 3016 3457; x_wconf 90' lang='lat'><strong>:</strong></span> <span class='ocrx_word' id='word_1_577' title='bbox 3051 3403 3196 3458; x_wconf 83' lang='lat' dir='ltr'><strong>Deus</strong></span> <span class='ocrx_word' id='word_1_578' title='bbox 3245 3411 3450 3471; x_wconf 89' lang='lat' dir='ltr'><strong>autem,</strong></span> 
     </span>
    </p>
   </div>
   <div class='ocr_carea' id='block_1_79' title="bbox 1863 3495 3452 3564">
    <p class='ocr_par' dir='ltr' id='par_1_79' title="bbox 1863 3495 3452 3564">
     <span class='ocr_line' id='line_1_79' title="bbox 1863 3495 3452 3564; baseline -0.01 -2"><span class='ocrx_word' id='word_1_579' title='bbox 1863 3516 1919 3562; x_wconf 88' lang='lat' dir='ltr'><strong>et</strong></span> <span class='ocrx_word' id='word_1_580' title='bbox 1954 3520 2017 3560; x_wconf 81' lang='lat' dir='ltr'><strong>ex</strong></span> <span class='ocrx_word' id='word_1_581' title='bbox 2047 3505 2158 3560; x_wconf 88' lang='lat' dir='ltr'><strong>Deo</strong></span> <span class='ocrx_word' id='word_1_582' title='bbox 2192 3502 2488 3558; x_wconf 90' lang='lat' dir='ltr'><strong>secundum</strong></span> <span class='ocrx_word' id='word_1_583' title='bbox 2539 3508 2786 3554; x_wconf 91' lang='lat' dir='ltr'><strong>naturam</strong></span> <span class='ocrx_word' id='word_1_584' title='bbox 2835 3497 3025 3551; x_wconf 86' lang='lat' dir='ltr'><strong>Filius.</strong></span> <span class='ocrx_word' id='word_1_585' title='bbox 3057 3496 3231 3550; x_wconf 90' lang='lat' dir='ltr'><strong>llomo</strong></span> <span class='ocrx_word' id='word_1_586' title='bbox 3265 3495 3452 3564; x_wconf 82' lang='lat' dir='ltr'><strong>igitur,</strong></span> 
     </span>
    </p>
   </div>
   <div class='ocr_carea' id='block_1_80' title="bbox 1867 3587 3452 3663">
    <p class='ocr_par' dir='ltr' id='par_1_80' title="bbox 1867 3587 3452 3663">
     <span class='ocr_line' id='line_1_80' title="bbox 1867 3587 3452 3663; baseline -0.008 -10"><span class='ocrx_word' id='word_1_587' title='bbox 1867 3607 2114 3653; x_wconf 89' lang='lat' dir='ltr'><strong>nostrum</strong></span> <span class='ocrx_word' id='word_1_588' title='bbox 2163 3594 2381 3661; x_wconf 86' lang='lat' dir='ltr'><strong>similis,</strong></span> <span class='ocrx_word' id='word_1_589' title='bbox 2420 3592 2683 3663; x_wconf 87' lang='lat' dir='ltr'><strong>propheta</strong></span> <span class='ocrx_word' id='word_1_590' title='bbox 2717 3588 3036 3644; x_wconf 88' lang='lat' dir='ltr'><strong>Malachias.</strong></span> <span class='ocrx_word' id='word_1_591' title='bbox 3060 3587 3226 3656; x_wconf 82' lang='lat' dir='ltr'><strong>Cujus</strong></span> <span class='ocrx_word' id='word_1_592' title='bbox 3260 3587 3452 3641; x_wconf 88' lang='lat' dir='ltr'><strong>vatici-</strong></span> 
     </span>
    </p>
   </div>
   <div class='ocr_carea' id='block_1_81' title="bbox 1866 3681 3454 3758">
    <p class='ocr_par' dir='ltr' id='par_1_81' title="bbox 1866 3681 3454 3758">
     <span class='ocr_line' id='line_1_81' title="bbox 1866 3681 3454 3758; baseline -0.009 -12"><span class='ocrx_word' id='word_1_593' title='bbox 1866 3692 1938 3746; x_wconf 88' lang='lat' dir='ltr'><strong>nii</strong></span> <span class='ocrx_word' id='word_1_594' title='bbox 1972 3705 2171 3758; x_wconf 89' lang='lat' dir='ltr'><strong>scopus</strong></span> <span class='ocrx_word' id='word_1_595' title='bbox 2207 3688 2492 3742; x_wconf 86' lang='lat' dir='ltr'><strong>universus</strong></span> <span class='ocrx_word' id='word_1_596' title='bbox 2527 3685 2592 3738; x_wconf 90' lang='lat' dir='ltr'><strong>ad</strong></span> <span class='ocrx_word' id='word_1_597' title='bbox 2639 3685 2746 3738; x_wconf 87' lang='lat' dir='ltr'><strong>duo</strong></span> <span class='ocrx_word' id='word_1_598' title='bbox 2779 3683 2894 3736; x_wconf 75' lang='lat' dir='ltr'><strong>lucc</strong></span> <span class='ocrx_word' id='word_1_599' title='bbox 2927 3681 3163 3736; x_wconf 81' lang='lat' dir='ltr'><strong>refertur</strong></span> <span class='ocrx_word' id='word_1_600' title='bbox 3190 3681 3454 3751; x_wconf 86' lang='lat' dir='ltr'><strong>quodam-</strong></span> 
     </span>
    </p>
   </div>
   <div class='ocr_carea' id='block_1_82' title="bbox 1868 3773 3452 3845">
    <p class='ocr_par' dir='ltr' id='par_1_82' title="bbox 1868 3773 3452 3845">
     <span class='ocr_line' id='line_1_82' title="bbox 1868 3773 3452 3845; baseline -0.009 -7"><span class='ocrx_word' id='word_1_601' title='bbox 1868 3783 2049 3839; x_wconf 89' lang='lat' dir='ltr'><strong>modo.</strong></span> <span class='ocrx_word' id='word_1_602' title='bbox 2098 3781 2444 3835; x_wconf 83' lang='lat' dir='ltr'><strong>Constructo-</strong></span> <span class='ocrx_word' id='word_1_603' title='bbox 2475 3779 2618 3832; x_wconf 90' lang='lat' dir='ltr'><strong>enim</strong></span> <span class='ocrx_word' id='word_1_604' title='bbox 2665 3777 2778 3845; x_wconf 86' lang='lat' dir='ltr'><strong>jam</strong></span> <span class='ocrx_word' id='word_1_605' title='bbox 2829 3775 3013 3831; x_wconf 88' lang='lat' dir='ltr'><strong>divino</strong></span> <span class='ocrx_word' id='word_1_606' title='bbox 3061 3773 3286 3844; x_wconf 83' lang='lat' dir='ltr'><strong>templo,</strong></span> <span class='ocrx_word' id='word_1_607' title='bbox 3329 3787 3452 3828; x_wconf 89' lang='lat' dir='ltr'><strong>cum</strong></span> 
     </span>
    </p>
   </div>
   <div class='ocr_carea' id='block_1_83' title="bbox 1870 3863 3455 3943">
    <p class='ocr_par' dir='ltr' id='par_1_83' title="bbox 1870 3863 3455 3943">
     <span class='ocr_line' id='line_1_83' title="bbox 1870 3863 3455 3943; baseline -0.008 -13"><span class='ocrx_word' id='word_1_608' title='bbox 1870 3887 2081 3943; x_wconf 81' lang='lat' dir='ltr'><strong>tempus</strong></span> <span class='ocrx_word' id='word_1_609' title='bbox 2113 3872 2293 3943; x_wconf 85' lang='lat' dir='ltr'><strong>populi</strong></span> <span class='ocrx_word' id='word_1_610' title='bbox 2341 3869 2682 3942; x_wconf 64' lang='lat' dir='ltr'><strong>praepositos,</strong></span> <span class='ocrx_word' id='word_1_611' title='bbox 2741 3863 2856 3923; x_wconf 78' lang='lat' dir='ltr'><strong>sive</strong></span> <span class='ocrx_word' id='word_1_612' title='bbox 2902 3883 2996 3923; x_wconf 77' lang='lat' dir='ltr'><strong>eos</strong></span> <span class='ocrx_word' id='word_1_613' title='bbox 3048 3869 3136 3938; x_wconf 84' lang='lat' dir='ltr'><strong>qui</strong></span> <span class='ocrx_word' id='word_1_614' title='bbox 3187 3873 3345 3922; x_wconf 70' lang='lat' dir='ltr'><strong>erant</strong></span> <span class='ocrx_word' id='word_1_615' title='bbox 3387 3868 3455 3918; x_wconf 88' lang='lat' dir='ltr'><strong>de</strong></span> 
     </span>
    </p>
   </div>
   <div class='ocr_carea' id='block_1_84' title="bbox 1870 3957 3452 4036">
    <p class='ocr_par' dir='ltr' id='par_1_84' title="bbox 1870 3957 3452 4036">
     <span class='ocr_line' id='line_1_84' title="bbox 1870 3957 3452 4036; baseline -0.009 -14"><span class='ocrx_word' id='word_1_616' title='bbox 1870 3967 2136 4036; x_wconf 86' lang='lat' dir='ltr'><strong>sanguine</strong></span> <span class='ocrx_word' id='word_1_617' title='bbox 2170 3963 2322 4028; x_wconf 71' lang='lat' dir='ltr'><strong>Leti,</strong></span> <span class='ocrx_word' id='word_1_618' title='bbox 2377 3963 2450 4016; x_wconf 82' lang='lat' dir='ltr'><strong>ad</strong></span> <span class='ocrx_word' id='word_1_619' title='bbox 2481 3961 2750 4018; x_wconf 89' lang='lat' dir='ltr'><strong>sacriﬁcia</strong></span> <span class='ocrx_word' id='word_1_620' title='bbox 2799 3970 3042 4025; x_wconf 86' lang='lat' dir='ltr'><strong>vocaret,</strong></span> <span class='ocrx_word' id='word_1_621' title='bbox 3089 3967 3252 4030; x_wconf 82' lang='lat' dir='ltr'><strong>atque</strong></span> <span class='ocrx_word' id='word_1_622' title='bbox 3286 3957 3452 4012; x_wconf 89' lang='lat' dir='ltr'><strong>etiam</strong></span> 
     </span>
    </p>
   </div>
   <div class='ocr_carea' id='block_1_85' title="bbox 1870 4047 3453 4126">
    <p class='ocr_par' dir='ltr' id='par_1_85' title="bbox 1870 4047 3453 4126">
     <span class='ocr_line' id='line_1_85' title="bbox 1870 4047 3453 4126; baseline -0.006 -17"><span class='ocrx_word' id='word_1_623' title='bbox 1870 4057 2004 4126; x_wconf 79' lang='lat' dir='ltr'><strong>ipsis</strong></span> <span class='ocrx_word' id='word_1_624' title='bbox 2051 4055 2308 4111; x_wconf 86' lang='lat' dir='ltr'><strong>lsraelitis</strong></span> <span class='ocrx_word' id='word_1_625' title='bbox 2343 4068 2531 4124; x_wconf 87' lang='lat' dir='ltr'><strong>preces</strong></span> <span class='ocrx_word' id='word_1_626' title='bbox 2571 4062 2626 4107; x_wconf 91' lang='lat' dir='ltr'><strong>et</strong></span> <span class='ocrx_word' id='word_1_627' title='bbox 2677 4062 2798 4108; x_wconf 85' lang='lat' dir='ltr'><strong>vota</strong></span> <span class='ocrx_word' id='word_1_628' title='bbox 2832 4055 3128 4107; x_wconf 90' lang='lat' dir='ltr'><strong>secundum</strong></span> <span class='ocrx_word' id='word_1_629' title='bbox 3178 4048 3369 4118; x_wconf 82' lang='lat' dir='ltr'><strong>legent,</strong></span> <span class='ocrx_word' id='word_1_630' title='bbox 3408 4047 3453 4100; x_wconf 90' lang='lat' dir='ltr'><strong>si</strong></span> 
     </span>
    </p>
   </div>
   <div class='ocr_carea' id='block_1_86' title="bbox 1871 4141 3456 4221">
    <p class='ocr_par' dir='ltr' id='par_1_86' title="bbox 1871 4141 3456 4221">
     <span class='ocr_line' id='line_1_86' title="bbox 1871 4141 3456 4221; baseline -0.008 -16"><span class='ocrx_word' id='word_1_631' title='bbox 1871 4151 2090 4215; x_wconf 81' lang='lat' dir='ltr'><strong>liberet,</strong></span> <span class='ocrx_word' id='word_1_632' title='bbox 2115 4148 2363 4204; x_wconf 84' lang='lat' dir='ltr'><strong>obeunda</strong></span> <span class='ocrx_word' id='word_1_633' title='bbox 2388 4147 2786 4221; x_wconf 87' lang='lat' dir='ltr'><strong>quodammodo</strong></span> <span class='ocrx_word' id='word_1_634' title='bbox 2805 4153 3138 4214; x_wconf 75' lang='lat' dir='ltr'><strong>suggereret,</strong></span> <span class='ocrx_word' id='word_1_635' title='bbox 3163 4141 3456 4195; x_wconf 83' lang='lat' dir='ltr'><strong>servabant</strong></span> 
     </span>
    </p>
   </div>
   <div class='ocr_carea' id='block_1_87' title="bbox 1875 4232 3454 4310">
    <p class='ocr_par' dir='ltr' id='par_1_87' title="bbox 1875 4232 3454 4310">
     <span class='ocr_line' id='line_1_87' title="bbox 1875 4232 3454 4310; baseline -0.006 -16"><span class='ocrx_word' id='word_1_636' title='bbox 1875 4241 1946 4294; x_wconf 90' lang='lat' dir='ltr'><strong>illi</strong></span> <span class='ocrx_word' id='word_1_637' title='bbox 1978 4240 2195 4310; x_wconf 85' lang='lat' dir='ltr'><strong>quidem</strong></span> <span class='ocrx_word' id='word_1_638' title='bbox 2225 4239 2471 4291; x_wconf 89' lang='lat' dir='ltr'><strong>mandata</strong></span> <span class='ocrx_word' id='word_1_639' title='bbox 2507 4236 2692 4300; x_wconf 75' lang='lat' dir='ltr'><strong>Mesis,</strong></span> <span class='ocrx_word' id='word_1_640' title='bbox 2723 4252 2830 4289; x_wconf 87' lang='lat' dir='ltr'><strong>non</strong></span> <span class='ocrx_word' id='word_1_641' title='bbox 2862 4245 3038 4289; x_wconf 88' lang='lat' dir='ltr'><strong>tamen</strong></span> <span class='ocrx_word' id='word_1_642' title='bbox 3075 4235 3210 4289; x_wconf 87' lang='lat' dir='ltr'><strong>citra</strong></span> <span class='ocrx_word' id='word_1_643' title='bbox 3242 4232 3454 4300; x_wconf 88' lang='lat' dir='ltr'><strong>culpam</strong></span> 
     </span>
    </p>
   </div>
   <div class='ocr_carea' id='block_1_88' title="bbox 1873 4323 3457 4396">
    <p class='ocr_par' dir='ltr' id='par_1_88' title="bbox 1873 4323 3457 4396">
     <span class='ocr_line' id='line_1_88' title="bbox 1873 4323 3457 4396; baseline -0.005 -10"><span class='ocrx_word' id='word_1_644' title='bbox 1873 4341 1930 4386; x_wconf 90' lang='lat' dir='ltr'><strong>et</strong></span> <span class='ocrx_word' id='word_1_645' title='bbox 1980 4341 2040 4385; x_wconf 90' lang='lat' dir='ltr'><strong>ut</strong></span> <span class='ocrx_word' id='word_1_646' title='bbox 2076 4331 2216 4384; x_wconf 87' lang='lat' dir='ltr'><strong>ratio</strong></span> <span class='ocrx_word' id='word_1_647' title='bbox 2265 4329 2560 4392; x_wconf 76' lang='lat' dir='ltr'><strong>ﬂagitabat.</strong></span> <span class='ocrx_word' id='word_1_648' title='bbox 2616 4325 2750 4381; x_wconf 84' lang='lat' dir='ltr'><strong>Nam</strong></span> <span class='ocrx_word' id='word_1_649' title='bbox 2801 4327 3029 4396; x_wconf 81' lang='lat' dir='ltr'><strong>pepulus</strong></span> <span class='ocrx_word' id='word_1_650' title='bbox 3078 4335 3336 4380; x_wconf 90' lang='lat' dir='ltr'><strong>consueta</strong></span> <span class='ocrx_word' id='word_1_651' title='bbox 3388 4323 3457 4378; x_wconf 86' lang='lat' dir='ltr'><strong>ad</strong></span> 
     </span>
    </p>
   </div>
   <div class='ocr_carea' id='block_1_89' title="bbox 1875 4419 3454 4486">
    <p class='ocr_par' dir='ltr' id='par_1_89' title="bbox 1875 4419 3454 4486">
     <span class='ocr_line' id='line_1_89' title="bbox 1875 4419 3454 4486; baseline -0.005 -10"><span class='ocrx_word' id='word_1_652' title='bbox 1875 4423 2064 4476; x_wconf 82' lang='lat' dir='ltr'><strong>altaris</strong></span> <span class='ocrx_word' id='word_1_653' title='bbox 2123 4421 2453 4475; x_wconf 78' lang='lat' dir='ltr'><strong>sacriﬁcium</strong></span> <span class='ocrx_word' id='word_1_654' title='bbox 2505 4419 2802 4484; x_wconf 74' lang='lat' dir='ltr'><strong>offerebat,</strong></span> <span class='ocrx_word' id='word_1_655' title='bbox 2851 4435 3038 4474; x_wconf 86' lang='lat' dir='ltr'><strong>verum</strong></span> <span class='ocrx_word' id='word_1_656' title='bbox 3093 4434 3199 4472; x_wconf 89' lang='lat' dir='ltr'><strong>nou</strong></span> <span class='ocrx_word' id='word_1_657' title='bbox 3260 4432 3454 4486; x_wconf 77' lang='lat' dir='ltr'><strong>magna</strong></span> 
     </span>
    </p>
   </div>
   <div class='ocr_carea' id='block_1_90' title="bbox 1875 4508 3461 4579">
    <p class='ocr_par' dir='ltr' id='par_1_90' title="bbox 1875 4508 3461 4579">
     <span class='ocr_line' id='line_1_90' title="bbox 1875 4508 3461 4579; baseline -0.009 -12"><span class='ocrx_word' id='word_1_658' title='bbox 1875 4529 2006 4568; x_wconf 89' lang='lat' dir='ltr'><strong>cura</strong></span> <span class='ocrx_word' id='word_1_659' title='bbox 2043 4511 2306 4575; x_wconf 79' lang='lat' dir='ltr'><strong>adhibita,</strong></span> <span class='ocrx_word' id='word_1_660' title='bbox 2353 4509 2446 4565; x_wconf 88' lang='lat' dir='ltr'><strong>sed</strong></span> <span class='ocrx_word' id='word_1_661' title='bbox 2475 4509 2840 4578; x_wconf 80' lang='lat' dir='ltr'><strong>perhmctorie</strong></span> <span class='ocrx_word' id='word_1_662' title='bbox 2884 4519 2937 4563; x_wconf 92' lang='lat' dir='ltr'><strong>et</strong></span> <span class='ocrx_word' id='word_1_663' title='bbox 2969 4508 3328 4579; x_wconf 82' lang='lat' dir='ltr'><strong>negligenter.</strong></span> <span class='ocrx_word' id='word_1_664' title='bbox 3358 4508 3461 4560; x_wconf 82' lang='lat' dir='ltr'><strong>De-</strong></span> 
     </span>
    </p>
   </div>
   <div class='ocr_carea' id='block_1_91' title="bbox 164 4597 1774 4676">
    <p class='ocr_par' dir='ltr' id='par_1_91' title="bbox 164 4597 1772 4676">
     <span class='ocr_line' id='line_1_91' title="bbox 164 4597 1772 4676; baseline -0.001 -23"><span class='ocrx_word' id='word_1_665' title='bbox 164 4619 302 4666; x_wconf 87' lang='grc' dir='ltr'>νως.</span> <span class='ocrx_word' id='word_1_666' title='bbox 341 4601 424 4654; x_wconf 79' lang='grc' dir='ltr'><strong>Τὰ</strong></span> <span class='ocrx_word' id='word_1_667' title='bbox 453 4602 562 4676; x_wconf 81' lang='grc' dir='ltr'>γὰρ</span> <span class='ocrx_word' id='word_1_668' title='bbox 589 4601 836 4676; x_wconf 77' lang='grc' dir='ltr'><strong>αἰσχίονα</strong></span> <span class='ocrx_word' id='word_1_669' title='bbox 860 4599 968 4665; x_wconf 86' lang='grc' dir='ltr'><strong>τῶν</strong></span> <span class='ocrx_word' id='word_1_670' title='bbox 1007 4600 1066 4652; x_wconf 83' lang='grc' dir='ltr'><strong>ἐν</strong></span> <span class='ocrx_word' id='word_1_671' title='bbox 1097 4599 1390 4672; x_wconf 81' lang='grc' dir='ltr'>ποιμνίοις,</span> <span class='ocrx_word' id='word_1_672' title='bbox 1421 4597 1683 4669; x_wconf 68' lang='grc' dir='ltr'>ἄρρωστά</span> <span class='ocrx_word' id='word_1_673' title='bbox 1711 4615 1772 4672; x_wconf 88' lang='grc' dir='ltr'><strong>τε</strong></span> 
     </span>
    </p>
   </div>
   <div class='ocr_carea' id='block_1_92' title="bbox 1862 4597 3459 4676">
    <p class='ocr_par' dir='ltr' id='par_1_92' title="bbox 1880 4599 3459 4673">
     <span class='ocr_line' id='line_1_92' title="bbox 1880 4599 3459 4673; baseline -0.006 -14"><span class='ocrx_word' id='word_1_674' title='bbox 1880 4605 2075 4659; x_wconf 87' lang='lat' dir='ltr'><strong>teriora</strong></span> <span class='ocrx_word' id='word_1_675' title='bbox 2107 4602 2305 4672; x_wconf 87' lang='lat' dir='ltr'><strong>quippe</strong></span> <span class='ocrx_word' id='word_1_676' title='bbox 2333 4603 2614 4673; x_wconf 40' lang='lat' dir='ltr'><strong>gregis,,et</strong></span> <span class='ocrx_word' id='word_1_677' title='bbox 2647 4601 2915 4667; x_wconf 87' lang='lat' dir='ltr'><strong>morbida,</strong></span> <span class='ocrx_word' id='word_1_678' title='bbox 2941 4611 2997 4656; x_wconf 91' lang='lat' dir='ltr'><strong>et</strong></span> <span class='ocrx_word' id='word_1_679' title='bbox 3037 4602 3344 4670; x_wconf 85' lang='lat' dir='ltr'><strong>rejectanea</strong></span> <span class='ocrx_word' id='word_1_680' title='bbox 3392 4599 3459 4650; x_wconf 91' lang='lat' dir='ltr'><strong>ad</strong></span> 
     </span>
    </p>
   </div>
   <div class='ocr_carea' id='block_1_93' title="bbox 163 4689 1772 4765">
    <p class='ocr_par' dir='ltr' id='par_1_93' title="bbox 163 4689 1772 4765">
     <span class='ocr_line' id='line_1_93' title="bbox 163 4689 1772 4765; baseline -0.005 -16"><span class='ocrx_word' id='word_1_681' title='bbox 163 4695 274 4749; x_wconf 70' lang='grc' dir='ltr'><strong>καὶ</strong></span> <span class='ocrx_word' id='word_1_682' title='bbox 324 4693 564 4764; x_wconf 75' lang='grc' dir='ltr'>ἀδόκιμα</span> <span class='ocrx_word' id='word_1_683' title='bbox 605 4692 886 4765; x_wconf 72' lang='grc' dir='ltr'>προσῆγον</span> <span class='ocrx_word' id='word_1_684' title='bbox 931 4689 1010 4764; x_wconf 83' lang='grc' dir='ltr'>τῷ</span> <span class='ocrx_word' id='word_1_685' title='bbox 1056 4690 1447 4762; x_wconf 84' lang='grc' dir='ltr'>θυσιαστηρίῳ.</span> <span class='ocrx_word' id='word_1_686' title='bbox 1507 4689 1772 4758; x_wconf 84' lang='grc' dir='ltr'>Προσεδέ-</span> 
     </span>
    </p>
   </div>
   <div class='ocr_carea' id='block_1_94' title="bbox 163 4782 1770 4859">
    <p class='ocr_par' dir='ltr' id='par_1_94' title="bbox 163 4782 1770 4859">
     <span class='ocr_line' id='line_1_94' title="bbox 163 4782 1770 4859; baseline -0.003 -18"><span class='ocrx_word' id='word_1_687' title='bbox 163 4805 336 4859; x_wconf 83' lang='grc' dir='ltr'>χοντο</span> <span class='ocrx_word' id='word_1_688' title='bbox 365 4787 422 4840; x_wconf 81' lang='grc' dir='ltr'>δὲ</span> <span class='ocrx_word' id='word_1_689' title='bbox 449 4788 497 4840; x_wconf 79' lang='lat' dir='ltr'><strong>oi</strong></span> <span class='ocrx_word' id='word_1_690' title='bbox 532 4788 719 4858; x_wconf 79' lang='grc' dir='ltr'>ἱερεῖς,</span> <span class='ocrx_word' id='word_1_691' title='bbox 753 4785 936 4839; x_wconf 76' lang='grc' dir='ltr'>οὐκέτι</span> <span class='ocrx_word' id='word_1_692' title='bbox 962 4783 1458 4855; x_wconf 80' lang='grc' dir='ltr'>μωμοσκοποῦντες</span> <span class='ocrx_word' id='word_1_693' title='bbox 1501 4783 1643 4836; x_wconf 71' lang='grc' dir='ltr'>κατὰ</span> <span class='ocrx_word' id='word_1_694' title='bbox 1676 4782 1770 4836; x_wconf 87' lang='grc' dir='ltr'>τὸν</span> 
     </span>
    </p>
   </div>
   <div class='ocr_carea' id='block_1_95' title="bbox 163 4872 1768 4952">
    <p class='ocr_par' dir='ltr' id='par_1_95' title="bbox 163 4872 1768 4952">
     <span class='ocr_line' id='line_1_95' title="bbox 163 4872 1768 4952; baseline -0.004 -19"><span class='ocrx_word' id='word_1_695' title='bbox 163 4883 363 4952; x_wconf 80' lang='grc' dir='ltr'>νόμον,</span> <span class='ocrx_word' id='word_1_696' title='bbox 399 4878 475 4949; x_wconf 76' lang='grc' dir='ltr'>μὴ</span> <span class='ocrx_word' id='word_1_697' title='bbox 519 4877 712 4948; x_wconf 78' lang='grc' dir='ltr'>χωλὸν,</span> <span class='ocrx_word' id='word_1_698' title='bbox 761 4877 793 4948; x_wconf 81' lang='grc' dir='ltr'>ἢ</span> <span class='ocrx_word' id='word_1_699' title='bbox 843 4875 1180 4946; x_wconf 83' lang='grc' dir='ltr'>ὠτότμητον,</span> <span class='ocrx_word' id='word_1_700' title='bbox 1217 4874 1249 4944; x_wconf 78' lang='grc' dir='ltr'><strong>ἢ</strong></span> <span class='ocrx_word' id='word_1_701' title='bbox 1297 4872 1699 4944; x_wconf 74' lang='grc' dir='ltr'>κολοϐόρρινον,</span> <span class='ocrx_word' id='word_1_702' title='bbox 1735 4873 1768 4944; x_wconf 82' lang='grc' dir='ltr'>ἢ</span> 
     </span>
    </p>
   </div>
   <div class='ocr_carea' id='block_1_96' title="bbox 164 4961 1768 5041">
    <p class='ocr_par' dir='ltr' id='par_1_96' title="bbox 164 4961 1768 5041">
     <span class='ocr_line' id='line_1_96' title="bbox 164 4961 1768 5041; baseline -0.007 -18"><span class='ocrx_word' id='word_1_703' title='bbox 164 4969 594 5041; x_wconf 79' lang='grc' dir='ltr'>κολοὸὁκερκον,</span> <span class='ocrx_word' id='word_1_704' title='bbox 655 4969 688 5040; x_wconf 84' lang='grc' dir='ltr'>ἦ</span> <span class='ocrx_word' id='word_1_705' title='bbox 739 4966 1094 5039; x_wconf 72' lang='grc' dir='ltr'>ψωραγριῶν,</span> <span class='ocrx_word' id='word_1_706' title='bbox 1228 4964 1483 5035; x_wconf 84' lang='grc' dir='ltr'>λειχῆνας</span> <span class='ocrx_word' id='word_1_707' title='bbox 1539 4961 1683 5032; x_wconf 77' lang='grc' dir='ltr'><strong>ἔχον,</strong></span> <span class='ocrx_word' id='word_1_708' title='bbox 1735 4963 1768 5034; x_wconf 82' lang='grc' dir='ltr'><strong>ἢ</strong></span> 
     </span>
    </p>
   </div>
   <div class='ocr_carea' id='block_1_97' title="bbox 166 5055 1766 5134">
    <p class='ocr_par' dir='ltr' id='par_1_97' title="bbox 166 5055 1766 5134">
     <span class='ocr_line' id='line_1_97' title="bbox 166 5055 1766 5134; baseline -0.005 -17"><span class='ocrx_word' id='word_1_709' title='bbox 166 5065 465 5134; x_wconf 74' lang='grc' dir='ltr'>μόνορχεςο</span> <span class='ocrx_word' id='word_1_710' title='bbox 515 5061 799 5132; x_wconf 78' lang='grc' dir='ltr'>ἀπόϐλητα</span> <span class='ocrx_word' id='word_1_711' title='bbox 847 5061 956 5132; x_wconf 83' lang='grc' dir='ltr'>γὰρ</span> <span class='ocrx_word' id='word_1_712' title='bbox 1011 5060 1249 5112; x_wconf 73' lang='grc' dir='ltr'>ἐποιεῖτο</span> <span class='ocrx_word' id='word_1_713' title='bbox 1285 5057 1460 5112; x_wconf 90' lang='grc' dir='ltr'>ταῦτα</span> <span class='ocrx_word' id='word_1_714' title='bbox 1510 5056 1539 5107; x_wconf 91' lang='lat'><strong>6</strong></span> <span class='ocrx_word' id='word_1_715' title='bbox 1582 5055 1766 5125; x_wconf 83' lang='grc' dir='ltr'>νόμος,</span> 
     </span>
    </p>
   </div>
   <div class='ocr_carea' id='block_1_98' title="bbox 164 5139 1768 5227">
    <p class='ocr_par' dir='ltr' id='par_1_98' title="bbox 164 5139 1768 5227">
     <span class='ocr_line' id='line_1_98' title="bbox 164 5139 1768 5227; baseline -0.003 -19"><span class='ocrx_word' id='word_1_716' title='bbox 164 5155 335 5227; x_wconf 74' lang='grc' dir='ltr'>ὕϐρις</span> <span class='ocrx_word' id='word_1_717' title='bbox 367 5154 423 5208; x_wconf 80' lang='grc' dir='ltr'>δὲ</span> <span class='ocrx_word' id='word_1_718' title='bbox 448 5148 516 5225; x_wconf 83' lang='grc' dir='ltr'><strong>ἧν</strong></span> <span class='ocrx_word' id='word_1_719' title='bbox 543 5154 603 5206; x_wconf 80' lang='grc' dir='ltr'>τὸ</span> <span class='ocrx_word' id='word_1_720' title='bbox 628 5139 836 5224; x_wconf 80' lang='grc' dir='ltr'>χρῆμα,</span> <span class='ocrx_word' id='word_1_721' title='bbox 869 5153 962 5206; x_wconf 72' lang='grc' dir='ltr'>καὶ</span> <span class='ocrx_word' id='word_1_722' title='bbox 989 5153 1177 5222; x_wconf 77' lang='grc' dir='ltr'>ἕτερον</span> <span class='ocrx_word' id='word_1_723' title='bbox 1204 5149 1380 5204; x_wconf 81' lang='grc' dir='ltr'>οὐδέν.</span> <span class='ocrx_word' id='word_1_724' title='bbox 1407 5147 1768 5220; x_wconf 79' lang='grc' dir='ltr'>Κατημέλουν</span> 
     </span>
    </p>
   </div>
   <div class='ocr_carea' id='block_1_99' title="bbox 165 5240 1768 5319">
    <p class='ocr_par' dir='ltr' id='par_1_99' title="bbox 165 5240 1768 5319">
     <span class='ocr_line' id='line_1_99' title="bbox 165 5240 1768 5319; baseline -0.005 -17"><span class='ocrx_word' id='word_1_725' title='bbox 165 5251 228 5302; x_wconf 75' lang='grc' dir='ltr'>δὲ</span> <span class='ocrx_word' id='word_1_726' title='bbox 269 5249 370 5302; x_wconf 76' lang='grc' dir='ltr'>καὶ</span> <span class='ocrx_word' id='word_1_727' title='bbox 425 5247 627 5319; x_wconf 80' lang='grc' dir='ltr'>ἑτέρως</span> <span class='ocrx_word' id='word_1_728' title='bbox 677 5247 728 5300; x_wconf 85' lang='grc' dir='ltr'><strong>οί</strong></span> <span class='ocrx_word' id='word_1_729' title='bbox 774 5247 940 5318; x_wconf 84' lang='grc' dir='ltr'>ἱερεῖς</span> <span class='ocrx_word' id='word_1_730' title='bbox 973 5245 1068 5298; x_wconf 71' lang='grc' dir='ltr'>καὶ</span> <span class='ocrx_word' id='word_1_731' title='bbox 1113 5243 1222 5296; x_wconf 88' lang='grc' dir='ltr'><strong>τῶν</strong></span> <span class='ocrx_word' id='word_1_732' title='bbox 1259 5242 1366 5296; x_wconf 79' lang='grc' dir='ltr'><strong>ὑπὸ</strong></span> <span class='ocrx_word' id='word_1_733' title='bbox 1411 5244 1568 5314; x_wconf 85' lang='grc' dir='ltr'>χεῖρα</span> <span class='ocrx_word' id='word_1_734' title='bbox 1601 5240 1768 5308; x_wconf 89' lang='grc' dir='ltr'>λαῶν,</span> 
     </span>
    </p>
   </div>
   <div class='ocr_carea' id='block_1_100' title="bbox 167 5334 1771 5413">
    <p class='ocr_par' dir='ltr' id='par_1_100' title="bbox 167 5334 1771 5413">
     <span class='ocr_line' id='line_1_100' title="bbox 167 5334 1771 5413; baseline -0.004 -19"><span class='ocrx_word' id='word_1_735' title='bbox 167 5342 300 5413; x_wconf 73' lang='grc' dir='ltr'><strong>οὐχὶ</strong></span> <span class='ocrx_word' id='word_1_736' title='bbox 346 5340 417 5394; x_wconf 73' lang='grc' dir='ltr'><strong>τὰ</strong></span> <span class='ocrx_word' id='word_1_737' title='bbox 455 5341 520 5393; x_wconf 78' lang='grc' dir='ltr'><strong>ἐκ</strong></span> <span class='ocrx_word' id='word_1_738' title='bbox 559 5339 738 5410; x_wconf 84' lang='grc' dir='ltr'>νόμων</span> <span class='ocrx_word' id='word_1_739' title='bbox 778 5337 953 5411; x_wconf 82' lang='grc' dir='ltr'>ὀρθῶς</span> <span class='ocrx_word' id='word_1_740' title='bbox 992 5336 1394 5407; x_wconf 84' lang='grc' dir='ltr'>εἰσηγούμενοι,</span> <span class='ocrx_word' id='word_1_741' title='bbox 1437 5336 1534 5389; x_wconf 71' lang='grc' dir='ltr'>καὶ</span> <span class='ocrx_word' id='word_1_742' title='bbox 1577 5334 1771 5389; x_wconf 79' lang='grc' dir='ltr'>παιδα-</span> 
     </span>
    </p>
   </div>
   <div class='ocr_carea' id='block_1_101' title="bbox 165 5415 1770 5502">
    <p class='ocr_par' dir='ltr' id='par_1_101' title="bbox 165 5415 1770 5502">
     <span class='ocr_line' id='line_1_101' title="bbox 165 5415 1770 5502; baseline -0.005 -16"><span class='ocrx_word' id='word_1_743' title='bbox 165 5415 504 5502; x_wconf 78' lang='grc' dir='ltr'>γωγοῦντες,</span> <span class='ocrx_word' id='word_1_744' title='bbox 525 5433 606 5496; x_wconf 85' lang='grc' dir='ltr'>είς</span> <span class='ocrx_word' id='word_1_745' title='bbox 650 5431 710 5484; x_wconf 83' lang='grc' dir='ltr'>τὸ</span> <span class='ocrx_word' id='word_1_746' title='bbox 734 5430 810 5500; x_wconf 83' lang='grc' dir='ltr'>τῷ</span> <span class='ocrx_word' id='word_1_747' title='bbox 840 5427 960 5500; x_wconf 82' lang='grc' dir='ltr'>Θεῷ</span> <span class='ocrx_word' id='word_1_748' title='bbox 987 5427 1200 5493; x_wconf 87' lang='grc' dir='ltr'>δοκοῦν,</span> <span class='ocrx_word' id='word_1_749' title='bbox 1230 5427 1344 5481; x_wconf 70' lang='grc' dir='ltr'>ἀλλ’</span> <span class='ocrx_word' id='word_1_750' title='bbox 1378 5428 1458 5490; x_wconf 89' lang='grc' dir='ltr'>είς</span> <span class='ocrx_word' id='word_1_751' title='bbox 1504 5425 1770 5493; x_wconf 77' lang='grc' dir='ltr'>ἐκτύπους</span> 
     </span>
    </p>
   </div>
   <div class='ocr_carea' id='block_1_102' title="bbox 167 5519 1774 5599">
    <p class='ocr_par' dir='ltr' id='par_1_102' title="bbox 167 5519 1774 5599">
     <span class='ocr_line' id='line_1_102' title="bbox 167 5519 1774 5599; baseline -0.003 -22"><span class='ocrx_word' id='word_1_752' title='bbox 167 5523 458 5599; x_wconf 82' lang='grc' dir='ltr'>ἐξιτηλίας</span> <span class='ocrx_word' id='word_1_753' title='bbox 511 5523 797 5578; x_wconf 84' lang='grc' dir='ltr'>ἀπονεύειν</span> <span class='ocrx_word' id='word_1_754' title='bbox 831 5522 1051 5586; x_wconf 83' lang='grc' dir='ltr'>ἐῶντες,</span> <span class='ocrx_word' id='word_1_755' title='bbox 1106 5521 1200 5574; x_wconf 77' lang='grc' dir='ltr'><strong>καὶ</strong></span> <span class='ocrx_word' id='word_1_756' title='bbox 1251 5521 1354 5592; x_wconf 78' lang='grc' dir='ltr'>τῆς</span> <span class='ocrx_word' id='word_1_757' title='bbox 1404 5519 1619 5584; x_wconf 83' lang='grc' dir='ltr'>εὐθείας</span> <span class='ocrx_word' id='word_1_758' title='bbox 1669 5519 1774 5586; x_wconf 78' lang='grc' dir='ltr'><strong>ἔξω</strong></span> 
     </span>
    </p>
   </div>
   <div class='ocr_carea' id='block_1_103' title="bbox 173 5608 1774 5690">
    <p class='ocr_par' dir='ltr' id='par_1_103' title="bbox 173 5608 1774 5690">
     <span class='ocr_line' id='line_1_103' title="bbox 173 5608 1774 5690; baseline -0.004 -19"><span class='ocrx_word' id='word_1_759' title='bbox 173 5617 447 5690; x_wconf 70' lang='grc' dir='ltr'>φέρεσθαι</span> <span class='ocrx_word' id='word_1_760' title='bbox 481 5617 692 5689; x_wconf 77' lang='grc' dir='ltr'>τρίϐου.</span> <span class='ocrx_word' id='word_1_761' title='bbox 727 5617 838 5670; x_wconf 68' lang='grc' dir='ltr'><strong>Καὶ</strong></span> <span class='ocrx_word' id='word_1_762' title='bbox 876 5609 956 5677; x_wconf 77' lang='grc' dir='ltr'>εἷς</span> <span class='ocrx_word' id='word_1_763' title='bbox 999 5615 1096 5684; x_wconf 81' lang='grc' dir='ltr'>μὲν</span> <span class='ocrx_word' id='word_1_764' title='bbox 1122 5608 1274 5678; x_wconf 76' lang='grc' dir='ltr'>οὗτος</span> <span class='ocrx_word' id='word_1_765' title='bbox 1299 5614 1396 5683; x_wconf 80' lang='grc' dir='ltr'><strong>τῆς</strong></span> <span class='ocrx_word' id='word_1_766' title='bbox 1427 5612 1774 5682; x_wconf 79' lang='grc' dir='ltr'>ἐπιπλήξεως</span> 
     </span>
    </p>
   </div>
   <div class='ocr_carea' id='block_1_104' title="bbox 174 5704 1774 5782">
    <p class='ocr_par' dir='ltr' id='par_1_104' title="bbox 174 5704 1774 5782">
     <span class='ocr_line' id='line_1_104' title="bbox 174 5704 1774 5782; baseline -0.004 -19"><span class='ocrx_word' id='word_1_767' title='bbox 174 5712 417 5782; x_wconf 77' lang='grc' dir='ltr'>τρόπος·</span> <span class='ocrx_word' id='word_1_768' title='bbox 463 5711 647 5782; x_wconf 77' lang='grc' dir='ltr'>ἕτερος</span> <span class='ocrx_word' id='word_1_769' title='bbox 683 5709 739 5764; x_wconf 76' lang='grc' dir='ltr'>δὲ</span> <span class='ocrx_word' id='word_1_770' title='bbox 775 5708 911 5780; x_wconf 75' lang='grc' dir='ltr'>πρὸς</span> <span class='ocrx_word' id='word_1_771' title='bbox 945 5707 1115 5778; x_wconf 77' lang='grc' dir='ltr'>τούτῳ</span> <span class='ocrx_word' id='word_1_772' title='bbox 1155 5709 1266 5770; x_wconf 87' lang='grc' dir='ltr'>τοῖς</span> <span class='ocrx_word' id='word_1_773' title='bbox 1299 5705 1360 5770; x_wconf 79' lang='grc' dir='ltr'>ἐξ</span> <span class='ocrx_word' id='word_1_774' title='bbox 1399 5704 1650 5777; x_wconf 62' lang='grc' dir='ltr'>Ἰσραὴλξ,</span> <span class='ocrx_word' id='word_1_775' title='bbox 1685 5708 1774 5759; x_wconf 78' lang='grc' dir='ltr'>ἐπ’</span> 
     </span>
    </p>
   </div>
   <div class='ocr_carea' id='block_1_105' title="bbox 239 5887 1301 5957">
    <p class='ocr_par' dir='ltr' id='par_1_105' title="bbox 239 5887 1301 5957">
     <span class='ocr_line' id='line_1_105' title="bbox 239 5887 1301 5957; baseline -0.007 -9"><span class='ocrx_word' id='word_1_776' title='bbox 239 5891 296 5923; x_wconf 62' lang='grc'><strong>’³</strong></span> <span class='ocrx_word' id='word_1_777' title='bbox 332 5889 564 5949; x_wconf 70' lang='lat' dir='ltr'><strong>Malach.</strong></span> <span class='ocrx_word' id='word_1_778' title='bbox 605 5907 666 5957; x_wconf 90' lang='grc' dir='ltr'><strong>ιι,</strong></span> <span class='ocrx_word' id='word_1_779' title='bbox 695 5889 746 5943; x_wconf 85' lang='lat'><strong>7.</strong></span> <span class='ocrx_word' id='word_1_780' title='bbox 829 5891 869 5922; x_wconf 81' lang='grc'><strong>³⁵</strong></span> <span class='ocrx_word' id='word_1_781' title='bbox 905 5888 1007 5946; x_wconf 82' lang='lat' dir='ltr'><strong>lsa.</strong></span> <span class='ocrx_word' id='word_1_782' title='bbox 1043 5903 1126 5954; x_wconf 64' lang='grc' dir='ltr'>ιχ,</span> <span class='ocrx_word' id='word_1_783' title='bbox 1162 5887 1214 5956; x_wconf 75' lang='lat'><strong>5,</strong></span> <span class='ocrx_word' id='word_1_784' title='bbox 1250 5887 1301 5942; x_wconf 85' lang='lat'><strong>6.</strong></span> 
     </span>
    </p>
   </div>
   <div class='ocr_carea' id='block_1_106' title="bbox 1871 4676 3458 4763">
    <p class='ocr_par' dir='ltr' id='par_1_106' title="bbox 1871 4676 3458 4763">
     <span class='ocr_line' id='line_1_106' title="bbox 1871 4676 3458 4763; baseline -0.006 -13"><span class='ocrx_word' id='word_1_785' title='bbox 1871 4712 2021 4750; x_wconf 90' lang='lat' dir='ltr'><strong>aram</strong></span> <span class='ocrx_word' id='word_1_786' title='bbox 2079 4676 2400 4749; x_wconf 78' lang='lat' dir='ltr'><strong>oﬂ‘erebant.</strong></span> <span class='ocrx_word' id='word_1_787' title='bbox 2453 4693 2780 4749; x_wconf 88' lang='lat' dir='ltr'><strong>Sacerdotes</strong></span> <span class='ocrx_word' id='word_1_788' title='bbox 2834 4709 2999 4763; x_wconf 89' lang='lat' dir='ltr'><strong>porro</strong></span> <span class='ocrx_word' id='word_1_789' title='bbox 3057 4691 3458 4761; x_wconf 82' lang='lat' dir='ltr'><strong>suscipiebant,</strong></span> 
     </span>
    </p>
   </div>
   <div class='ocr_carea' id='block_1_107' title="bbox 1869 4784 3458 4856">
    <p class='ocr_par' dir='ltr' id='par_1_107' title="bbox 1869 4784 3458 4856">
     <span class='ocr_line' id='line_1_107' title="bbox 1869 4784 3458 4856; baseline -0.006 -14"><span class='ocrx_word' id='word_1_790' title='bbox 1869 4802 1977 4850; x_wconf 85' lang='lat' dir='ltr'><strong>non</strong></span> <span class='ocrx_word' id='word_1_791' title='bbox 2025 4785 2255 4856; x_wconf 89' lang='lat' dir='ltr'><strong>amplius</strong></span> <span class='ocrx_word' id='word_1_792' title='bbox 2290 4785 2552 4849; x_wconf 81' lang='lat' dir='ltr'><strong>maculas,</strong></span> <span class='ocrx_word' id='word_1_793' title='bbox 2587 4793 2644 4838; x_wconf 89' lang='lat' dir='ltr'><strong>ut</strong></span> <span class='ocrx_word' id='word_1_794' title='bbox 2691 4785 2774 4839; x_wconf 84' lang='lat' dir='ltr'><strong>lex</strong></span> <span class='ocrx_word' id='word_1_795' title='bbox 2802 4785 3048 4854; x_wconf 86' lang='lat' dir='ltr'><strong>jubebat,</strong></span> <span class='ocrx_word' id='word_1_796' title='bbox 3090 4784 3142 4838; x_wconf 87' lang='lat' dir='ltr'><strong>id</strong></span> <span class='ocrx_word' id='word_1_797' title='bbox 3187 4792 3291 4846; x_wconf 88' lang='lat' dir='ltr'><strong>est,</strong></span> <span class='ocrx_word' id='word_1_798' title='bbox 3329 4796 3458 4835; x_wconf 89' lang='lat' dir='ltr'><strong>num</strong></span> 
     </span>
    </p>
   </div>
   <div class='ocr_carea' id='block_1_108' title="bbox 1870 4875 3462 4945">
    <p class='ocr_par' dir='ltr' id='par_1_108' title="bbox 1870 4875 3462 4945">
     <span class='ocr_line' id='line_1_108' title="bbox 1870 4875 3462 4945; baseline -0.006 -10"><span class='ocrx_word' id='word_1_799' title='bbox 1870 4879 2142 4945; x_wconf 82' lang='lat' dir='ltr'><strong>claudum,</strong></span> <span class='ocrx_word' id='word_1_800' title='bbox 2186 4887 2280 4930; x_wconf 90' lang='lat' dir='ltr'><strong>aut</strong></span> <span class='ocrx_word' id='word_1_801' title='bbox 2330 4893 2460 4932; x_wconf 90' lang='lat' dir='ltr'><strong>aure</strong></span> <span class='ocrx_word' id='word_1_802' title='bbox 2490 4878 2687 4944; x_wconf 87' lang='lat' dir='ltr'><strong>scissa,</strong></span> <span class='ocrx_word' id='word_1_803' title='bbox 2729 4887 2824 4931; x_wconf 90' lang='lat' dir='ltr'><strong>aut</strong></span> <span class='ocrx_word' id='word_1_804' title='bbox 2871 4891 3004 4932; x_wconf 89' lang='lat' dir='ltr'><strong>naso</strong></span> <span class='ocrx_word' id='word_1_805' title='bbox 3055 4875 3326 4942; x_wconf 90' lang='lat' dir='ltr'><strong>mutilum,</strong></span> <span class='ocrx_word' id='word_1_806' title='bbox 3367 4881 3462 4926; x_wconf 89' lang='lat' dir='ltr'><strong>aut</strong></span> 
     </span>
    </p>
   </div>
   <div class='ocr_carea' id='block_1_109' title="bbox 1871 4968 3456 5040">
    <p class='ocr_par' dir='ltr' id='par_1_109' title="bbox 1871 4968 3456 5040">
     <span class='ocr_line' id='line_1_109' title="bbox 1871 4968 3456 5040; baseline -0.003 -14"><span class='ocrx_word' id='word_1_807' title='bbox 1871 4972 2040 5026; x_wconf 85' lang='lat' dir='ltr'><strong>cauda</strong></span> <span class='ocrx_word' id='word_1_808' title='bbox 2085 4981 2384 5040; x_wconf 87' lang='lat' dir='ltr'><strong>amputata,</strong></span> <span class='ocrx_word' id='word_1_809' title='bbox 2430 4981 2526 5026; x_wconf 89' lang='lat' dir='ltr'><strong>aut</strong></span> <span class='ocrx_word' id='word_1_810' title='bbox 2575 4968 2910 5036; x_wconf 81' lang='lat' dir='ltr'><strong>scabiosum,</strong></span> <span class='ocrx_word' id='word_1_811' title='bbox 2965 4979 3057 5022; x_wconf 92' lang='lat' dir='ltr'><strong>aut</strong></span> <span class='ocrx_word' id='word_1_812' title='bbox 3090 4969 3456 5039; x_wconf 83' lang='lat' dir='ltr'><strong>impetigines,</strong></span> 
     </span>
    </p>
   </div>
   <div class='ocr_carea' id='block_1_110' title="bbox 1876 5045 3462 5140">
    <p class='ocr_par' dir='ltr' id='par_1_110' title="bbox 1876 5045 3462 5140">
     <span class='ocr_line' id='line_1_110' title="bbox 1876 5045 3462 5140; baseline -0.003 -24"><span class='ocrx_word' id='word_1_813' title='bbox 1876 5073 1966 5118; x_wconf 87' lang='lat' dir='ltr'><strong>aut</strong></span> <span class='ocrx_word' id='word_1_814' title='bbox 1999 5079 2161 5116; x_wconf 89' lang='lat' dir='ltr'><strong>unum</strong></span> <span class='ocrx_word' id='word_1_815' title='bbox 2197 5045 2503 5140; x_wconf 79' lang='lat' dir='ltr'><strong>testiculum</strong></span> <span class='ocrx_word' id='word_1_816' title='bbox 2550 5062 2841 5126; x_wconf 87' lang='lat' dir='ltr'><strong>haberent,</strong></span> <span class='ocrx_word' id='word_1_817' title='bbox 2874 5060 3287 5116; x_wconf 89' lang='lat' dir='ltr'><strong>considerantes</strong></span> <span class='ocrx_word' id='word_1_818' title='bbox 3320 5076 3334 5111; x_wconf 91' lang='lat'><strong>:</strong></span> <span class='ocrx_word' id='word_1_819' title='bbox 3377 5073 3462 5112; x_wconf 88' lang='lat' dir='ltr'><strong>re-</strong></span> 
     </span>
    </p>
   </div>
   <div class='ocr_carea' id='block_1_111' title="bbox 1871 5150 3457 5227">
    <p class='ocr_par' dir='ltr' id='par_1_111' title="bbox 1871 5150 3457 5227">
     <span class='ocr_line' id='line_1_111' title="bbox 1871 5150 3457 5227; baseline -0.005 -17"><span class='ocrx_word' id='word_1_820' title='bbox 1871 5155 2091 5227; x_wconf 84' lang='lat' dir='ltr'><strong>jiciebat</strong></span> <span class='ocrx_word' id='word_1_821' title='bbox 2143 5156 2285 5209; x_wconf 89' lang='lat' dir='ltr'><strong>enim</strong></span> <span class='ocrx_word' id='word_1_822' title='bbox 2335 5153 2436 5210; x_wconf 88' lang='lat' dir='ltr'><strong>ista</strong></span> <span class='ocrx_word' id='word_1_823' title='bbox 2487 5154 2595 5222; x_wconf 73' lang='lat' dir='ltr'><strong>lex,</strong></span> <span class='ocrx_word' id='word_1_824' title='bbox 2638 5171 2738 5209; x_wconf 91' lang='lat' dir='ltr'><strong>nec</strong></span> <span class='ocrx_word' id='word_1_825' title='bbox 2781 5154 2925 5208; x_wconf 90' lang='lat' dir='ltr'><strong>aliud</strong></span> <span class='ocrx_word' id='word_1_826' title='bbox 2979 5169 3139 5222; x_wconf 87' lang='lat' dir='ltr'><strong>quam</strong></span> <span class='ocrx_word' id='word_1_827' title='bbox 3189 5150 3457 5206; x_wconf 81' lang='lat' dir='ltr'><strong>dedecora</strong></span> 
     </span>
    </p>
   </div>
   <div class='ocr_carea' id='block_1_112' title="bbox 1877 5241 3460 5312">
    <p class='ocr_par' dir='ltr' id='par_1_112' title="bbox 1877 5241 3460 5312">
     <span class='ocr_line' id='line_1_112' title="bbox 1877 5241 3460 5312; baseline -0.004 -8"><span class='ocrx_word' id='word_1_828' title='bbox 1877 5259 2034 5304; x_wconf 88' lang='lat' dir='ltr'><strong>erant</strong></span> <span class='ocrx_word' id='word_1_829' title='bbox 2060 5247 2123 5300; x_wconf 81' lang='grc'><strong>³⁸.</strong></span> <span class='ocrx_word' id='word_1_830' title='bbox 2161 5247 2275 5302; x_wconf 83' lang='lat' dir='ltr'><strong>Alia</strong></span> <span class='ocrx_word' id='word_1_831' title='bbox 2309 5248 2435 5302; x_wconf 89' lang='lat' dir='ltr'><strong>item</strong></span> <span class='ocrx_word' id='word_1_832' title='bbox 2472 5248 2683 5302; x_wconf 89' lang='lat' dir='ltr'><strong>ratione</strong></span> <span class='ocrx_word' id='word_1_833' title='bbox 2727 5247 3038 5302; x_wconf 89' lang='lat' dir='ltr'><strong>sacerdotes</strong></span> <span class='ocrx_word' id='word_1_834' title='bbox 3083 5245 3245 5300; x_wconf 81' lang='lat' dir='ltr'><strong>etiam</strong></span> <span class='ocrx_word' id='word_1_835' title='bbox 3279 5241 3460 5312; x_wconf 82' lang='lat' dir='ltr'><strong>subje-</strong></span> 
     </span>
    </p>
   </div>
   <div class='ocr_carea' id='block_1_113' title="bbox 1879 5333 3459 5408">
    <p class='ocr_par' dir='ltr' id='par_1_113' title="bbox 1879 5333 3459 5408">
     <span class='ocr_line' id='line_1_113' title="bbox 1879 5333 3459 5408; baseline -0.003 -16"><span class='ocrx_word' id='word_1_836' title='bbox 1879 5347 2025 5392; x_wconf 89' lang='lat' dir='ltr'><strong>ctum</strong></span> <span class='ocrx_word' id='word_1_837' title='bbox 2073 5336 2172 5392; x_wconf 90' lang='lat' dir='ltr'><strong>sibi</strong></span> <span class='ocrx_word' id='word_1_838' title='bbox 2206 5339 2459 5408; x_wconf 88' lang='lat' dir='ltr'><strong>populum</strong></span> <span class='ocrx_word' id='word_1_839' title='bbox 2511 5335 2874 5408; x_wconf 82' lang='lat' dir='ltr'><strong>negligebant,</strong></span> <span class='ocrx_word' id='word_1_840' title='bbox 2914 5351 3034 5390; x_wconf 92' lang='lat' dir='ltr'><strong>cum</strong></span> <span class='ocrx_word' id='word_1_841' title='bbox 3091 5333 3260 5404; x_wconf 88' lang='lat' dir='ltr'><strong>legem</strong></span> <span class='ocrx_word' id='word_1_842' title='bbox 3294 5348 3459 5402; x_wconf 84' lang='lat' dir='ltr'><strong>prave</strong></span> 
     </span>
    </p>
   </div>
   <div class='ocr_carea' id='block_1_114' title="bbox 1877 5409 3456 5500">
    <p class='ocr_par' dir='ltr' id='par_1_114' title="bbox 1877 5409 3456 5500">
     <span class='ocr_line' id='line_1_114' title="bbox 1877 5409 3456 5500; baseline -0.004 -16"><span class='ocrx_word' id='word_1_843' title='bbox 1877 5430 2233 5500; x_wconf 83' lang='lat' dir='ltr'><strong>explicarent,</strong></span> <span class='ocrx_word' id='word_1_844' title='bbox 2271 5446 2369 5486; x_wconf 90' lang='lat' dir='ltr'><strong>nec</strong></span> <span class='ocrx_word' id='word_1_845' title='bbox 2413 5431 2479 5484; x_wconf 90' lang='lat' dir='ltr'><strong>ad</strong></span> <span class='ocrx_word' id='word_1_846' title='bbox 2530 5409 3001 5485; x_wconf 51' lang='lat' dir='ltr'><strong>Dei&#39;volunta&#39;tem</strong></span> <span class='ocrx_word' id='word_1_847' title='bbox 3053 5426 3456 5495; x_wconf 78' lang='lat' dir='ltr'><strong>exsequendam</strong></span> 
     </span>
    </p>
   </div>
   <div class='ocr_carea' id='block_1_115' title="bbox 1879 5516 3459 5592">
    <p class='ocr_par' dir='ltr' id='par_1_115' title="bbox 1879 5516 3459 5592">
     <span class='ocr_line' id='line_1_115' title="bbox 1879 5516 3459 5592; baseline -0.004 -16"><span class='ocrx_word' id='word_1_848' title='bbox 1879 5523 2045 5592; x_wconf 92' lang='lat' dir='ltr'><strong>probe</strong></span> <span class='ocrx_word' id='word_1_849' title='bbox 2090 5523 2336 5578; x_wconf 90' lang='lat' dir='ltr'><strong>homines</strong></span> <span class='ocrx_word' id='word_1_850' title='bbox 2384 5522 2664 5578; x_wconf 87' lang='lat' dir='ltr'><strong>erudirent</strong></span> <span class='ocrx_word' id='word_1_851' title='bbox 2727 5521 2820 5575; x_wconf 87' lang='lat' dir='ltr'><strong>sed</strong></span> <span class='ocrx_word' id='word_1_852' title='bbox 2870 5535 2897 5572; x_wconf 89' lang='lat' dir='ltr'><strong>a</strong></span> <span class='ocrx_word' id='word_1_853' title='bbox 2959 5527 3102 5572; x_wconf 84' lang='lat' dir='ltr'><strong>recta</strong></span> <span class='ocrx_word' id='word_1_854' title='bbox 3159 5517 3352 5572; x_wconf 89' lang='lat' dir='ltr'><strong>semita</strong></span> <span class='ocrx_word' id='word_1_855' title='bbox 3394 5516 3459 5570; x_wconf 89' lang='lat' dir='ltr'><strong>ad</strong></span> 
     </span>
    </p>
   </div>
   <div class='ocr_carea' id='block_1_116' title="bbox 1879 5607 3462 5685">
    <p class='ocr_par' dir='ltr' id='par_1_116' title="bbox 1879 5607 3462 5685">
     <span class='ocr_line' id='line_1_116' title="bbox 1879 5607 3462 5685; baseline -0.006 -17"><span class='ocrx_word' id='word_1_856' title='bbox 1879 5615 2110 5685; x_wconf 83' lang='lat' dir='ltr'><strong>ineptias</strong></span> <span class='ocrx_word' id='word_1_857' title='bbox 2167 5623 2222 5670; x_wconf 90' lang='lat' dir='ltr'><strong>et</strong></span> <span class='ocrx_word' id='word_1_858' title='bbox 2267 5614 2545 5669; x_wconf 76' lang='lat' dir='ltr'><strong>fatuitates</strong></span> <span class='ocrx_word' id='word_1_859' title='bbox 2589 5611 2874 5668; x_wconf 85' lang='lat' dir='ltr'><strong>deﬂectere</strong></span> <span class='ocrx_word' id='word_1_860' title='bbox 2935 5610 3200 5664; x_wconf 86' lang='lat' dir='ltr'><strong>sinerent.</strong></span> <span class='ocrx_word' id='word_1_861' title='bbox 3256 5607 3317 5662; x_wconf 78' lang='lat' dir='ltr'><strong>Et</strong></span> <span class='ocrx_word' id='word_1_862' title='bbox 3357 5609 3462 5662; x_wconf 86' lang='lat' dir='ltr'><strong>hoc</strong></span> 
     </span>
    </p>
   </div>
   <div class='ocr_carea' id='block_1_117' title="bbox 1878 5699 3460 5778">
    <p class='ocr_par' dir='ltr' id='par_1_117' title="bbox 1878 5699 3460 5778">
     <span class='ocr_line' id='line_1_117' title="bbox 1878 5699 3460 5778; baseline -0.006 -16"><span class='ocrx_word' id='word_1_863' title='bbox 1878 5709 2094 5778; x_wconf 88' lang='lat' dir='ltr'><strong>quidem</strong></span> <span class='ocrx_word' id='word_1_864' title='bbox 2127 5707 2517 5778; x_wconf 67' lang='lat' dir='ltr'><strong>obiurgationis</strong></span> <span class='ocrx_word' id='word_1_865' title='bbox 2553 5720 2722 5778; x_wconf 86' lang='lat' dir='ltr'><strong>genus</strong></span> <span class='ocrx_word' id='word_1_866' title='bbox 2765 5719 2930 5759; x_wconf 89' lang='lat' dir='ltr'><strong>unum</strong></span> <span class='ocrx_word' id='word_1_867' title='bbox 2961 5712 3060 5759; x_wconf 85' lang='lat' dir='ltr'><strong>est.</strong></span> <span class='ocrx_word' id='word_1_868' title='bbox 3101 5703 3344 5757; x_wconf 72' lang='lat' dir='ltr'><strong>Alterum</strong></span> <span class='ocrx_word' id='word_1_869' title='bbox 3395 5699 3460 5753; x_wconf 86' lang='lat' dir='ltr'><strong>ad</strong></span> 
     </span>
    </p>
   </div>
   <div class='ocr_carea' id='block_1_118' title="bbox 1387 5885 2085 5957">
    <p class='ocr_par' dir='ltr' id='par_1_118' title="bbox 1387 5885 2085 5957">
     <span class='ocr_line' id='line_1_118' title="bbox 1387 5885 2085 5957; baseline 0.004 -16"><span class='ocrx_word' id='word_1_870' title='bbox 1387 5888 1426 5914; x_wconf 49' lang='lat'><strong>3‘</strong></span> <span class='ocrx_word' id='word_1_871' title='bbox 1461 5885 1630 5943; x_wconf 78' lang='lat' dir='ltr'><strong>chit.</strong></span> <span class='ocrx_word' id='word_1_872' title='bbox 1668 5901 1799 5954; x_wconf 66' lang='lat' dir='ltr'><strong>in”,</strong></span> <span class='ocrx_word' id='word_1_873' title='bbox 1833 5885 1893 5940; x_wconf 76' lang='lat'><strong>9.1</strong></span> <span class='ocrx_word' id='word_1_874' title='bbox 1931 5901 2085 5957; x_wconf 63' lang='lat' dir='ltr'><strong>seqq.</strong></span> 
     </span>
    </p>
   </div>
   <div class='ocr_carea' id='block_1_119' title="bbox 3321 436 3564 490">
    <p class='ocr_par' dir='ltr' id='par_1_119' title="bbox 3321 436 3564 490">
     <span class='ocr_line' id='line_1_119' title="bbox 3321 436 3564 490; baseline -0.021 0"><span class='ocrx_word' id='word_1_875' title='bbox 3321 436 3457 490; x_wconf 63' lang='lat'><strong>970‘-</strong></span> <span class='ocrx_word' id='word_1_876' title='bbox 3559 477 3564 485; x_wconf 94' lang='lat'><strong>.</strong></span> 
     </span>
    </p>
   </div>
  </div>
