4070 6516
663 429 771 484 ‘279

1652 419 1708 475 S.
1750 422 2025 478 (SYRILLI
2065 424 2532 481 ALEXANDRINI
2572 425 2893 480 ARCIIIEP.

3831 423 3933 478 εει

664 545 940 602 lsraelitas
997 541 1268 611 pertinet,
1329 539 1398 594 ob
1439 553 1636 594 causas
1689 541 2078 608 hujuscemodi.
2136 543 2235 597 Alii

2345 546 2548 609 uitiati;
2584 546 2880 606 τοιαύταις.
2923 545 2985 596 Ol
3021 544 3117 612 μὲν
3156 541 3263 612 γὰρ
3306 541 3576 612 ἐρρῶσθαι
3606 541 3927 611 φράσαντες

665 649 900 700 namque
937 644 1177 685 amorem
1227 629 1279 682 in
1327 642 1526 683 uxores
1561 629 1741 684 valere
1765 630 2038 700 jubentes,
2070 634 2245 703 818

665 726 1013 793 libellumque
1061 721 1270 790 repudii
1322 720 1513 787 illis",
1552 730 1609 776 et
1654 738 2037 792 nonnunquam
2101 726 2239 779 nihil

663 817 792 872 mali
848 813 1208 877 commeritis,
1252 812 1592 879 objicientes,
1650 813 1769 868 aliis
1822 813 2236 882 copulabantur,

663 924 762 963 nec
791 922 850 962 se
884 906 989 960 ullo
1030 905 1187 958 modo
1220 906 1382 957 Deum
1416 905 1518 958 hoc
1546 904 1692 959 facto
1730 905 2003 960 oﬂ'endere
2042 907 2235 973 opina-

663 998 879 1049 bantur.
940 995 1042 1048 Alii
1096 996 1149 1047 in
1204 993 1630 1062 alienigenarum
1684 995 1821 1049 ﬁlias
1870 996 2233 1060 insaniebant,

660 1088 911 1156 quamvis
954 1086 1035 1141 lex
1069 1086 1274 1155 apertis
1304 1087 1488 1140 verbis
1522 1085 1963 1154 proclamasset:
1991 1104 2009 1137 ι
2042 1086 2235 1141 Filiam

662 1188 810 1231 tuam
847 1192 953 1231 non
985 1176 1139 1231 dabis
1178 1177 1289 1229 ﬁlio
1319 1176 1456 1243 ejus,
1492 1186 1547 1230 et
1592 1176 1757 1230 ﬁliam
1786 1175 1901 1242 ejus
1947 1193 2055 1232 non
2095 1178 2238 1234 acci—

658 1270 776 1335 pies
818 1268 927 1322 lilio
958 1278 1069 1322 tuo.
1111 1267 1347 1322 Seducet
1386 1268 1530 1322 enim
1570 1268 1737 1322 lilium
1777 1280 1925 1323 tuum
1959 1285 1989 1324 a
2039 1285 2147 1335 me,
2184 1280 2239 1326 et

660 1358 848 1414 abiens
878 1361 1075 1414 serviet
1102 1360 1204 1414 diis
1228 1359 1420 1414 alienis
1440 1359 1507 1415 ⁸⁸.
1538 1378 1557 1411 ι
1581 1362 1651 1414 De
1672 1362 1772 1415 hoc
1798 1362 1853 1414 in
1875 1361 2028 1416 libris
2050 1362 2237 1416 Esdrze

658 1452 833 1505 multa.
862 1452 1219 1507 disseruntur.
1254 1451 1407 1507 Unde
1443 1452 1660 1521 quidam
1702 1452 1877 1521 ipsum
1913 1468 2035 1508 esse
2071 1453 2238 1508 Mala-

656 1543 835 1595 cbiam
869 1541 1223 1605 arbitrantur,
1248 1544 1390 1612 quod
1423 1557 1584 1598 secus
1603 1553 1708 1598 est.
1740 1544 1804 1597 Et
1830 1545 1885 1597 in
1912 1544 1996 1600 bis
2020 1544 2236 1615 quidem

658 1634 911 1688 nonnulla
964 1635 1415 1704 vituperationem
1462 1636 1739 1691 continent
1771 1654 1785 1690 :
1816 1637 1873 1690 in
1911 1638 2017 1693 line
2055 1648 2235 1692 autem

656 1723 955 1792 prophetia:
1008 1726 1074 1779 de
1119 1726 1433 1780 ostensione
1494 1726 1797 1783 Salvatoris
1848 1729 2018 1783 nostri
2073 1730 2245 1785 verba»

658 1817 824 1881 ﬁunt,
864 1817 1082 1886 quando
1121 1817 1331 1872 scilicet
1370 1818 1565 1873 munda
1611 1828 1666 1875 et
1723 1820 2004 1876 incruenta
2058 1822 2233 1876 hostia

657 1906 769 1960 Beo
806 1906 1110 1963 offeretur:
1143 1904 1265 1979 Quae
1307 1908 1520 1965 sublato
1569 1920 1797 1981 peccato
1839 1912 2081 1967 omnium
2126 1914 2236 1967 cri-

658 1994 803 2048 mina
846 1995 1094 2052 desinere
1133 1996 1318 2064 faciat,
1344 1998 1666 2055 mortalibus
1703 2001 1757 2055 in
1783 2002 2077 2056 novitatem
2110 2002 2233 2058 vitae

656 2084 985 2143 reformatis.
1011 2088 1159 2142 Nova
1185 2091 1329 2145 enim
1356 2100 1609 2147 creatura
1634 2103 1818 2158 erunt,
1847 2108 1965 2164 qua:
1995 2095 2045 2147 in
2072 2093 2232 2149 Ebri-

654 2189 739 2232 sto
766 2190 911 2242 sunt,
947 2180 1037 2234 ubi
1062 2191 1246 2235 vetera
1271 2184 1607 2251 transierint,
1637 2195 1697 2239 ut
1723 2186 1984 2255 scriptum
2006 2186 2185 2241 est".
2206 2205 2225 2238 ι

2342 638 2463 698 ταῖς
2508 637 2587 699 είς
2621 638 2883 703 γυναῖκας
2921 632 3346 702 φιλοστοργίαις,
3388 628 3505 683 εἶτα
3540 631 3751 697 βιϐλίον
3798 630 3933 681 ἁπο-

2342 724 2583 787 στάσεως
2614 724 2931 794 ῥιπτοῦντες
2966 723 3175 786 αὑταῖς,
3220 724 3313 775 καὶ
3345 721 3430 774 ἐπ’
3460 720 3636 773 οὐδενὶ
3662 719 3779 771 τῶν
3810 717 3929 770 ἀτό-

2340 835 2458 871 πων
2520 817 2632 869 ἐσθ⁹
2678 818 2767 869 ὅτε
2822 816 3329 885 κατεγνωσμέναις,
3383 813 3784 865 συνεπλέκοντο
3838 809 3933 876 μὲν

2340 911 2576 979 ἑτέραις,
2623 907 2793 979 ᾤοντό
2844 925 2902 960 τε
2940 909 3019 960 ὅτι
3061 908 3182 961 κατ’
3221 907 3411 960 οὐδένα
3454 906 3653 975 τρόπον
3689 902 3925 956 λυποῦσι

2339 1001 2491 1064 Θεὸν,
2520 1000 2625 1053 κᾶν
2657 1001 2705 1052 εἰ
2733 1000 2937 1051 ἕλοιντο
2962 998 3120 1051 τοῦτο
3146 998 3296 1069 δρᾷν.
3334 1000 3551 1068 Ἔτεροι
3576 997 3630 1050 δὲ
3660 999 3791 1057 ταῖς
3821 994 3926 1046 τῶν

2340 1092 2650 1161 ἀλλοφύλων
2682 1090 3037 1159 ὲπεμαίνοντο
3068 1088 3389 1158 θυγατράσι,
3424 1090 3597 1142 καίτοι
3624 1088 3928 1155 διακεκρα-

2339 1186 2494 1253 γότος
2534 1184 2629 1237 τοῦ
2677 1184 2840 1252 νόμου
2879 1183 3102 1250 σαφῶςο
3162 1201 3179 1232 ι
3232 1181 3343 1252 Τὴν
3390 1180 3667 1250 θυγατέρα
3716 1196 3820 1231 σου
3865 1178 3924 1230 οὐ

2338 1276 2530 1338 δώσεις
2568 1275 2646 1345 τῷ
2688 1274 2789 1345 υἱῴ
2827 1274 3014 1336 αὐτοῦ,
3060 1274 3155 1326 καὶ
3199 1272 3307 1342 τὴν.
3341 1272 3617 1343 θυγάτερα
3655 1270 3833 1324 αὐτοῦ
3866 1269 3923 1320 οὺ

2338 1367 2482 1440 λήψῃ
2512 1366 2593 1437 τῷ
2627 1365 2726 1436 υἱῷ
2765 1383 2877 1418 σου.
2927 1364 3245 1435 Ἀποστῆσει
3279 1363 3390 1434 γὰρ
3421 1363 3511 1415 τὸν
3540 1362 3667 1414 υίόνπ
3695 1379 3796 1413 σου
3832 1361 3924 1412 ἀπ’

2338 1457 2494 1527 ἐμοῦ,
2531 1457 2626 1510 καὶ⁵
2670 1456 2954 1526 πορευθεὶς
2990 1455 3280 1525 λατρεὺσει
3320 1453 3461 1515 θεοῖς
3492 1454 3721 1523 ἑτέροις.
3765 1470 3787 1501 ι
3832 1451 3872 1501 Γ
3872 1450 3909 1501 ἐί

2338 1560 2461 1611 γονε
2490 1542 2549 1596 δὲ
2586 1544 2795 1613 μακρὸς
2842 1544 2972 1613 περὶ
3002 1543 3190 1595 τούτου
3230 1542 3386 1610 λόγος
3427 1542 3521 1593 καὶ
3565 1544 3621 1593 ὲν
3669 1543 3787 1602 τοῖς
3831 1539 3923 1591 τοῦ

2342 1634 2547 1706 Ἔσδρα
2579 1633 2822 1703 βιϐλίοις.
2863 1633 3024 1687 Ὅθεν
3062 1633 3207 1696 τινὲς
3247 1631 3409 1685 αὑτὸν
3442 1628 3927 1698 ὑπολαμϐάνουσιν

2338 1720 2479 1781 εῖναι
2529 1726 2622 1779 τὸν
2667 1724 2974 1796 Μαλαχίαν,
3023 1726 3138 1795 ἔχει
3169 1725 3225 1778 δὲ
3259 1726 3358 1794 οὐχ
3402 1722 3576 1787 οὕτως
3603 1723 3665 1775 τὸ
3696 1720 3920 1789 ἀληθές.

2338 1818 2449 1871 Καὶ
2476 1818 2547 1871 τὰ
2571 1818 2669 1889 μὲν
2702 1817 2801 1887 τῆς
2828 1816 3169 1888 ὲπιπλήξεως
3192 1819 3250 1870 ὲν
3282 1815 3525 1879 τούτοιςο
3556 1817 3614 1869 ὲν
3659 1813 3719 1867 δέ
3742 1829 3813 1880 γε
3848 1810 3923 1880 τῷ

2332 1910 2477 1963 τέλει
2521 1909 2621 1979 τῆς
2677 1910 3016 1980 προφητείας
3066 1907 3157 1963 τὸν
3201 1908 3331 1977 περὶ
3377 1907 3476 1977 τῆς
3524 1903 3618 1958 τοῦ
3667 1902 3923 1972 Σωτῆρος

2339 2000 2500 2072 ἡμῶν
2528 2000 2855 2065 ἀναδείξεως
2902 2003 3134 2054 ποιεῖται
3162 1999 3340 2069 λόγον,
3384 1999 3480 2053 ἅτε
3515 1996 3582 2067 δὴ
3615 1994 3927 2067 μελλούσης

2337 2092 2399 2145 τὸ
2427 2092 2681 2162 τηνικάδε
2712 2091 2928 2163 καθαρά
2953 2109 3013 2145 τε
3046 2092 3139 2145 καὶ
3172 2090 3509 2160 ἀναίμακτος
3554 2087 3717 2140 θυσία
3744 2100 3920 2156 προσ⁴

2342 2185 2665 2257 κομίζεσθαι
2689 2185 2773 2256 τῷ
2796 2185 2936 2255 Θεῷ,
2957 2183 3361 2255 καταλήγεινςδὲ
3388 2183 3454 2236 τὸ.
3476 2182 3696 2236 πάντων
3719 2183 3919 2251 ἐγκλή-

657 2287 824 2338 ματα,
864 2270 962 2340 τῆς
1002 2272 1277 2341 ἁμαρτίας
1305 2273 1675 2345 ἀνῃρημένης,
1710 2278 1802 2329 καὶ
1833 2279 1913 2340 είς
1946 2278 2244 2349 καινότητα
2275 2279 2421 2348 ζωῆς
2447 2278 2948 2349 ἀναμορφουμένων
2972 2277 3080 2330 τῶν
3112 2278 3211 2330 ἐπὶ
3231 2277 3369 2346 γῆςι
3392 2274 3570 2346 Καινὴ
3603 2276 3925 2345 γὰρρκτίσις

651 2366 719 2417 τὰ
758 2366 815 2417 ἐν
854 2365 1094 2437 Χριστῷ,
1123 2366 1232 2420 τῶν
1269 2369 1510 2439 ἀρχαίων
1547 2372 1980 2441 παρῳχηκότων,
2014 2373 2160 2426 κατὰ
2210 2373 2270 2427 τὸ
2302 2373 2709 2442 γεγραμμένον.

984 2516 1388 2608 TOMUS
1460 2519 1883 2610 PRIOR.

1328 2664 1481 2719 CAP.
1518 2667 1559 2720 l.

727 2776 889 2831 Vens.
922 2780 969 2832 l.
1004 2778 1303 2845 Assumptto
1324 2780 1462 2833 verbi
1502 2778 1715 2832 Domini
1768 2798 1924 2851 super
1956 2782 2126 2837 Israel
2179 2787 2241 2837 inv

653 2885 815 2922 mamt
837 2868 1010 2938 angeli
1050 2869 1184 2937 ejus.

724 2982 789 3037 ll.
836 2983 1272 3052 Assumptionem
1352 2983 1502 3037 verbi
1561 2986 1805 3041 nominat
1859 2991 2157 3060 prOphetia:
2198 3006 2229 3046 a

656 3077 766 3132 Βοο
820 3076 1097 3146 inspirata;
1140 3076 1287 3132 velut
1343 3079 1760 3147 susceptionem.
1848 3080 2231 3153 Suscipiebant
2261 3124 2303 3181 ο

655 3170 799 3223 enim
822 3169 966 3225 beati
998 3170 1276 3240 prophetas
1302 3185 1400 3239 per
1436 3170 1699 3240 Spiritum
1752 3176 2111 3245 cognitionem
2143 3175 2234 3231 fu-

657 3268 920 3322 turorum,
984 3266 1039 3312 et
1073 3257 1334 3326 quosdam
1393 3259 1619 3314 consilio
1672 3262 2037 3329 instruebant,
2071 3274 2235 3333 atque

654 3353 815 3405 etiam
846 3350 1224 3420 objurgabant,
1254 3368 1370 3418 .non
1405 3368 1436 3408 e
1477 3354 1735 3409 cordibus
1776 3355 1891 3410 suis
1926 3370 2062 3426 quos
2092 3354 2235 3411 forte

654 3441 852 3496 vellent
915 3456 1192 3497 sermones
1252 3444 1655 3511 deprontentes,
1715 3454 1808 3499 aut
1868 3446 1920 3499 in
1971 3447 2233 3517 quosdam

658 3532 792 3586 falsa
811 3532 1127 3589 dictitantes
1156 3549 1181 3587 :,
1201 3536 1294 3589 sed
1332 3551 1451 3607 quin
1480 3552 1511 3592 a
1547 3534 1657 3593 Deo
1683 3537 2003 3594 didicissent
2050 3539 2234 3610 profe-

658 3634 857 3691 rentes,
883 3639 937 3681 et
968 3643 1233 3699 supernos
1258 3632 1688 3687 sermonesaliis
1720 3632 1932 3687 sincere
1987 3634 2234 3701 citraque

656 3719 1135 3786 reprehensionem
1166 3723 1737 3793 apportantethaque
1793 3725 2131 3794 prophetiam
2202 3742 2239 3780 ιι

654 3808 888 3864 Domino
914 3813 1370 3880 susceptam,sive
1390 3824 1724 3882 assumptam
1750 3814 1903 3870 dicit.
1927 3814 2235 3871 Subosten-

654 3901 929 3957 ditautem
954 3917 1051 3971 per
1072 3906 1206 3969 haec,
1235 3919 1334 3959 nec
1361 3904 1767 3972 praedictionem
1790 3905 2030 3975 aliquam
2078 3907 2231 3961 cala-

653 3992 866 4048 mitosae
891 4002 987 4047 aut
1009 3994 1249 4051 molestae
1280 3996 1359 4050 rei
1384 3995 1613 4065 alicujus
1634 4011 1753 4067 qua:
1784 3994 2043 4053 lsraelitis
2075 4013 2235 4053 even-

656 4092 775 4137 tura
823 4084 916 4150 sit,
937 4099 1113 4155 neque
1156 4085 1366 4155 laudes,
1448 4088 1603 4156 quasi
1673 4088 1840 4141 viratu
1910 4103 1981 4142 ex
2034 4090 2233 4145 virtute

654 4174 940 4242 vixissent,
969 4178 1074 4232 ista
1107 4178 1389 4247 prapltetia
1433 4178 1730 4241 contineri,
1766 4179 1860 4234 sed
1882 4179 2231 4234 sacerdotum

654 4276 709 4320 et
732 4269 912 4336 populi
943 4269 1371 4339 increpationem
1425 4272 1625 4341 potius.
1690 4270 1851 4337 Illud,
1883 4288 1904 4323 ι
1960 4271 2013 4325 in
2066 4287 2233 4326 manu

655 4359 831 4427 angeli
854 4360 993 4429 ejus,
1025 4379 1053 4412 ι
1074 4360 1154 4417 sic
1176 4362 1469 4434 intelliges,
1494 4362 1643 4418 velut
1673 4378 1770 4432 per
1821 4378 2012 4417 manus
2054 4363 2231 4417 admi-

2661 2520 3047 2606 TOMOZ
3119 2517 3586 2604 ΠΡΩΤΟΣ.

2938 2652 3189 2706 ΚΕΦΑΛ.
3240 2655 3318 2707 A'.

2413 2766 2627 2837 Λῆμμα
2658 2768 2844 2835 λόγου
2866 2766 3086 2833 Κυρίου
3115 2764 3213 2818 ἐπὶ
3251 2764 3358 2817 τὸν
3400 2762 3651 2831 Ἰσραὴλ
3676 2762 3750 2815 ἐν
3766 2764 3913 2830 χειρὶ

2339 2862 2600 2932 ἀγγέλου
2634 2860 2840 2915 αὑτοῦ.

2410 2969 2485 3023 B'.
2510 2969 2721 3040 Λῆμμα
2748 2985 2879 3038 φησι
2901 2967 2994 3023 τοῦ
3017 2968 3197 3039 λόγου,
3229 2969 3326 3039 τῆς
3353 2967 3504 3038 παρὰ
3534 2965 3670 3018 Θεοῦ
3712 2982 3916 3035 προφηο

2337 3062 2487 3125 τείας
2520 3062 2681 3115 οἱονεὶ
2719 3062 2817 3131 τὴν
2848 3060 3028 3130 λῆψιν.
3092 3062 3364 3131 Ἐδὲχοντο
3401 3060 3522 3131 γὰρ.
3558 3061 3609 3111 οἱ
3658 3060 3925 3131 μακάριοι.

2338 3155 2613 3225 προφῆται
2647 3154 2734 3207 διὰ
2777 3152 2871 3205 τοῦ
2919 3153 3073 3221 ἁγίου
3118 3152 3434 3223 Πνεῦματος
3485 3152 3593 3204 τῶν
3642 3154 3917 3222 εσομένων

2336 3250 2435 3322 τὴν
2462 3248 2693 3317 γνῶσιν,
2733 3248 2833 3311 τάς
2857 3266 2918 3300 τε
2948 3247 3255 3317 συμϐουλὰς
3289 3246 3386 3299 καὶ
3418 3249 3525 3319 μὴν
3553 3249 3648 3301 καὶ
3676 3246 3777 3309 τὰς
3801 3250 3917 3299 επις

2336 3340 2561 3411 πλήξεις
2607 3339 2893 3393 ἐποιοῦντο
2945 3339 3081 3412 πρός
3117 3357 3288 3405 τινας,
3335 3340 3435 3391 οὐκ
3482 3339 3540 3405 ἐξ
3582 3339 3720 3401 ἰδίας
3768 3340 3915 3391 αὐτοὶ

2336 3433 2584 3505 καρδίας,
2624 3432 2717 3499 όῦς
2749 3434 2813 3488 ἂν
2841 3433 3043 3486 ἕλοιντο
3071 3430 3233 3502 τυχὸν
3264 3432 3611 3494 ἀνασπῶντες
3644 3431 3853 3497 λόγους,
3882 3431 3912 3499 ἦ

2335 3525 2756 3595 ψευδοεποῦντες
2815 3525 2954 3578 κατά
2998 3539 3185 3587 τινας,
3237 3522 3687 3593 διερμηνεύοντες
3742 3522 3796 3575 δὲ
3850 3522 3921 3573 τὰ

2338 3617 2489 3687 παρὰ
2516 3615 2674 3677 Θεοῦ,
2708 3617 2802 3668 καὶ
2834 3615 2958 3677 τοὺς
2984 3613 3190 3668 ἄνωθεν
3222 3617 3332 3678 τοῖς
3361 3614 3538 3676 ἄλλοις
3577 3613 3835 3683 καθαρῶς
3860 3628 3914 3663 τε

2336 3708 2432 3759 καὶ
2461 3706 2780 3777 ἀμωμήτως
2808 3704 3298 3776 διαπορθμεύοντες
3324 3704 3534 3773 λόγους.
3576 3703 3790 3758 (κακοῦν
3819 3704 3915 3771 τῆς

2337 3798 2673 3868 προφητείας
2704 3797 2804 3867 τὴν
2844 3796 3005 3868 λῆψιν
3036 3797 3290 3865 γενέσθαι
3322 3797 3454 3865 φησὶ
3496 3796 3651 3867 παρὰ
3685 3797 3911 3867 Κυρίου.

2347 3887 2714 3957 Ὑπεμφαίνει
2750 3886 2805 3939 δὲ
2852 3886 2941 3939 διὰ
2987 3885 3213 3952 τούτων,
3241 3886 3315 3949 ὡς
3357 3884 3479 3938 οὔτε
3519 3886 3915 3958 προαγόρευσιν

2336 3978 2449 4050 ἔχει
2481 3979 2604 4032 τινὰ
2634 3978 2734 4047 τῆς
2765 3978 3101 4049 προφητείας
3142 3980 3170 4031 ό
3210 3976 3385 4047 λόγος,
3418 3978 3692 4049 μοχθηροῦ
3723 3996 3784 4030 τε
3822 3978 3913 4030 καὶ

2334 4069 2559 4143 ἀνιαροῦ
2581 4072 2906 4141 πράγματος
2925 4070 3000 4133 ὼς
3024 4068 3436 4141 συμϐησομένου
3458 4074 3570 4133 τοῖς
3590 4070 3649 4134 ἐξ
3683 4068 3921 4139 Ἰσραὴλ,

2334 4163 2458 4217 οῦτε
2490 4164 2595 4235 μὴν
2630 4164 2883 4228 ἐπαίνους
2913 4163 2989 4227 ὡς
3026 4162 3343 4233 βεϐιωκόσιν
3378 4162 3553 4233 ὀρθῶς
3574 4178 3588 4193 ·
3626 4161 3913 4230 ἐπίπληξιν

2333 4257 2391 4310 δὲ
2441 4257 2641 4326 μᾶλλον
2685 4256 2790 4309 ἐπί,
2824 4273 2885 4308 τε
2937 4255 3113 4326 ἱερέας
3165 4257 3261 4309 καὶ
3303 4255 3485 4318 λαούς.
3543 4255 3615 4307 Τὸ
3652 4255 3744 4318 δὲ,
3803 4275 3820 4305 ι
3858 4257 3911 4305 ἐν

2333 4348 2477 4419 χειρὶ
2524 4347 2758 4416 ἀγγέλου
2806 4345 3003 4409 αὑτοῦ,
3048 4366 3066 4397 ›
3107 4347 3330 4400 τοιῶσδε
3369 4350 3603 4417 νοήσεις
3653 4347 3914 4418 διαχειρί-

654 4454 939 4515 nistrante,
993 4452 1108 4506 sive
1172 4463 1464 4524 peragente
1515 4455 1813 4523 prophetiae
1870 4454 2229 4509 ministerium

2338 4441 2519 4505 ζοντος
2561 4439 2770 4510 ὥσπερ,
2800 4441 2967 4511 ἤγουν
2997 4439 3413 4509 ἐκπράττοντος,
3449 4439 3549 4509 τὴν
3580 4438 3679 4507 τῆς
3702 4456 3911 4508 προφη-

656 4556 741 4603 eo,
768 4540 852 4595 cui
885 4551 1300 4611 cognomentum
1330 4544 1590 4614 Angelus.
1635 4543 1932 4612 assumptio
1962 4542 2105 4599 facta
2146 4556 2230 4598 est

655 4647 817 4700 super
847 4633 1033 4688 lsrael.
1067 4632 1304 4704 Angelus
1328 4645 1507 4690 autem
1539 4634 1835 4690 Malachias
1855 4644 2080 4709 prepter
2106 4652 2235 4691 cau-~

655 4735 746 4775 sas
765 4737 794 4774 a
828 4737 914 4778 me
937 4732 1062 4776 ante
1082 4725 1272 4780 allatas
1306 4737 1647 4796 nuncupatus
1667 4736 1768 4782 est.
1866 4712 1871 4717 ”
2202 4780 2209 4789 .

725 4814 893 4884 819
947 4814 1112 4871 Vens.
1141 4819 1195 4871 2.
1230 4817 1420 4874 Ponite
1449 4837 1605 4890 super
1642 4821 1803 4875 corda
1833 4833 2023 4877 vestra.
2063 4821 2240 4875 Dilch

658 4921 766 4970 uos,
785 4907 913 4960 dicit
950 4906 1227 4963 Dominus.

724 4996 811 5051 lll.
839 4997 956 5053 Non
999 5002 1296 5058 oscitanter
1329 5018 1449 5073 qua:
1479 5004 1703 5060 dicenda
1730 5014 1891 5061 erunt
1944 5006 2131 5061 audire
2152 5004 2239 5075 jn-

656 5088 768 5155 bet,
795 5089 892 5143 sed
945 5092 1186 5148 studiose
1239 5096 1417 5163 potius
1446 5105 1500 5150 et
1539 5098 1841 5151 attentione
1885 5097 2233 5151 animadver-

654 5179 912 5249 sioneque
940 5180 1218 5250 singulari.
1251 5185 1341 5241 Sic
1393 5186 1535 5241 enim
1567 5187 1789 5242 allectos
1832 5202 1953 5243 esse
1972 5191 2235 5243 condecet

653 5270 746 5338 qui
777 5271 988 5327 divinos
1019 5288 1298 5331 sermones
1353 5289 1480 5333 sunt
1551 5278 1928 5341 auscultaturi,
1999 5294 2231 5349 quorum

658 5363 931 5419 uberrima
952 5374 1008 5420 et
1036 5368 1368 5436 amplissima
1412 5370 1591 5424 futura
1639 5372 1710 5425 sit
1744 5372 1973 5437 utilitas,
2002 5388 2125 5427 cum
2174 5374 2229 5427 in

655 5454 895 5510 animum
931 5456 1092 5513 infusi
1115 5459 1341 5515 fuerint.
1375 5461 1562 5516 Psallit
1590 5464 1732 5518 enim
1793 5464 2013 5532 alicubi,
2070 5474 2125 5519 et
2153 5465 2229 5519 ait

660 5544 868 5604 divinus
900 5549 1066 5606 David
1101 5570 1113 5605 :
1152 5572 1171 5605 ι
1211 5553 1265 5607 In
1332 5557 1494 5610 corde
1535 5572 1654 5613 meo
1699 5558 1953 5612 abscondi
2015 5557 2227 5626 eloquia

664 5642 773 5703 tua,
808 5647 868 5691 ut
900 5656 1003 5695 non
1038 5658 1255 5711 peccent
1289 5645 1379 5698 tibi
1406 5646 1471 5700 ³ο.
1520 5668 1537 5696 ι
1572 5646 1722 5701 Licet
1748 5647 1915 5702 enim.
1948 5645 2074 5699 licet
2133 5660 2229 5698 au~

728 5813 772 5847 '7
809 5813 963 5871 Dent.
990 5834 1134 5885 xxxv,
1175 5821 1192 5874 l
1237 5839 1386 5889 sctl'l.
1464 5824 1508 5857 ³⁸
1544 5825 1696 5881 Deut.
1727 5841 1824 5889 vn,
1858 5825 1910 5889 3,
1942 5823 1997 5881 4.
2074 5824 2120 5857 δ’
2156 5822 2197 5879 ll
2233 5822 2359 5878 Cur.
2391 5838 2442 5891 ν,
2478 5824 2559 5878 Η.

2336 4534 2481 4600 τείας
2536 4535 2809 4589 διακονίαν
2868 4532 2962 4587 τοῦ
3013 4534 3242 4604 ἐπίκλην
3284 4532 3560 4600 Ἀγγέλου,
3608 4533 3671 4585 τὸ
3722 4533 3912 4601 λῆμμα

2339 4628 2562 4695 γέγονεν
2594 4628 2685 4680 ἐπὶ
2712 4626 2804 4680 τὸν
2836 4626 3070 4698 Ἰσραήλ.
3102 4627 3329 4696 Εἴρηται
3359 4624 3415 4677 δὲ
3443 4624 3707 4694 Ἀγγελος
3740 4627 3770 4677 ὁ
3800 4626 3914 4677 Mr

2341 4720 2532 4789 λαχίας
2558 4719 2624 4772 δι’
2654 4718 2834 4779 αἰτίας
2864 4718 2930 4781 ἃς
2962 4718 3063 4789 ἤδη
3094 4720 3371 4789 προεῖπον.

2416 4810 2601 4865 Θέσθε
2655 4810 2731 4878 δὴ
2781 4810 2881 4863 ἐπὶ
2938 4810 3044 4876 τὰς
3095 4808 3339 4877 καρδίας
3386 4806 3570 4877 ὑμῶν.
3610 4807 3915 4877 Ἠγάπησα

2338 4903 2512 4971 ὑμᾶς,
2545 4903 2708 4971 λέγει
2743 4902 2983 4969 Κύριος.

2408 4996 2479 5048 Γ’.
2522 4995 2596 5047 Οὐ
2633 4994 2909 5064 πάρεργον
2938 4991 3208 5045 ποιεῖσθαι
3240 4990 3566 5061 προστάττει
3598 4990 3708 5042 τῶν
3744 4992 3915 5061 ῥηθη-

2338 5086 2581 5156 σομένων
2614 5084 2712 5155 τὴν
2757 5083 2927 5155 ἀκοήν
2947 5100 2958 5111 ·
2992 5082 3445 5152 ἐσπουδασμένως
3477 5082 3532 5135 δὲ
3566 5082 3790 5151 μᾶλλον,
3822 5084 3914 5136 καὶ

2335 5183 2393 5232 ἐν
2422 5180 2645 5250 πλείστῃ
2674 5182 2913 5250 προσοχῇ
2941 5179 3035 5231 καὶ
3080 5181 3425 5248 κατανοήσει.
3455 5176 3774 5229 Διακεῖσθαι
3810 5177 3915 5247 γὰρ
3950 5242 3955 5249 ι

2338 5265 2439 5326 ὦδε
2456 5273 2722 5342 προσήκει
2746 5272 2871 5334 τοὺς
2899 5271 3061 5325 θείων
3081 5268 3369 5340 μέλλοντας
3394 5270 3698 5341 ἀκροᾶσθαι
3721 5269 3913 5335 λόγων

2339 5357 2415 5417 ὧν
2463 5364 2615 5417 ἔσται.
2659 5362 2883 5433 πλείστη
2921 5379 2980 5414 τε
3019 5365 3116 5434 ὅση
3172 5362 3268 5416 καὶ
3319 5362 3463 5433 μάλα
3515 5360 3838 5432 ἀμφιλαφὴς
3880 5361 3911 5429 ἡ

2336 5459 2541 5529 ὄνησις,
2575 5459 2704 5511 ὅταν
2735 5458 2815 5520 είς
2848 5455 3008 5508 αὐτὸν
3037 5455 3351 5525 είσχέωνται
3392 5455 3483 5508 τὸν
3527 5453 3673 5509 νοῦν.
3711 5453 3909 5507 Ψὰλλει

2337 5552 2443 5621 γάρ
2488 5568 2588 5602 που
2625 5550 2719 5603 καί
2769 5565 2933 5617 φησιν
2976 5550 3003 5599 ὁ
3056 5547 3337 5611 θεσπέσιος
3391 5547 3583 5602 Δαϐίδ⁸
3645 5566 3667 5601 ι
3718 5547 3804 5599 Ἐν
3846 5546 3906 5613 τῇ
3974 5578 3977 5581 ι

2338 5641 2530 5712 καρδία
2560 5639 2893 5713 μουμξγρυψα
2923 5637 2990 5692 τὰ
3016 5637 3171 5707 λόγιά
3196 5655 3309 5704 σου,
3327 5639 3473 5702 ὅπως
3495 5638 3563 5693 ἂν
3587 5639 3661 5709 μὴ
3686 5636 3913 5710 ἁμάρτω

2640 5825 2684 5856 ’⁵ο
2718 5822 2861 5877 t’sal.
2894 5836 3081 5888 cxvm,
3114 5820 3201 5876 11.
