4070 6518
207 443 322 501 281

1043 435 1599 495 COMMENTARlUS
1639 436 1710 494 IN
1745 437 2155 496 MALACHIAM
2195 437 2642 498 PROPHETAM.

3374 441 3484 497 282

211 575 324 613 σοι.
361 577 380 610 ι
404 546 559 610 Ἐστι
601 552 732 624 γάρ,
766 552 914 606 ἔστιν
947 553 1218 608 ἀκούοντά
1254 571 1376 607 τινα
1409 555 1545 626 μηδὲ
1575 555 1807 609 ἀκοῦσαι

1912 558 2145 614 dientem
2165 564 2353 627 putare
2398 571 2504 610 non
2561 553 2858 619 audivisse,
2876 552 2977 608 nisi
3019 561 3250 608 tuentem
3312 554 3475 608 verba

206 652 415 712 δοκεῖν,
444 650 494 702 εί
540 647 616 718 μὴ
649 647 905 702 ἀπτοιντο
954 649 1055 720 μὲν
1094 649 1330 715 διανοίας
1380 652 1430 704 oi
1475 649 1645 720 λόγοι,
1673 651 1808 706 ἀπο-

183 743 451 824 Ιπτάντες
476 741 533 794 δὲ
575 740 765 812 ῶσπερ
805 743 908 812 τῆς
945 742 1040 796 τοῦ
1078 743 1328 813 λέγοντος
1371 744 1640 817 γλώττης,
1687 742 1808 802 εἶτα

214 835 392 905 μόνην
418 832 900 904 προσαρῤάξαντες
937 834 1036 907 τὴν
1059 836 1153 890 τοῦ
1181 837 1473 901 ἀκούοντος
1505 839 1696 910 ἀκοὴν,
1724 840 1807 890 ei»

213 927 395 988 καίοις
427 927 486 978 ὲν
519 926 620 996 ἴσῳ
651 926 1095 995 καταλογισθείεν
1122 929 1217 981 καὶ
1249 932 1537 1000 κρυπτοῐς.
1561 929 1807 984 Τοιοῦτοί

209 1036 364 1083 τινες
393 1015 535 1089 ἦσαν
568 1019 716 1090 περὶ.
735 1014 811 1073 ὧν
841 1017 946 1089 ἔφη
975 1037 1062 1084 τις
1106 1020 1217 1073 τῶν
1269 1021 1441 1090 ἁγίων
1473 1024 1766 1095 προφητῶν
1787 1042 1804 1058 ·

205 1122 238 1160 ιι
267 1107 397 1161 Ἰδοὺ
439 1107 567 1171 λαὸς
597 1108 798 1178 μωρὸς,
835 1107 931 1160 καὶ
979 1107 1260 1180 άκάρδιος,
1291 1109 1559 1182 ὀφθαλμοὶ
1601 1112 1804 1181 αὐτοῖς,

211 1201 311 1252 καὶ
349 1201 410 1254 οὐ
453 1198 740 1269 βλέπουσιν
760 1216 774 1231 ο
805 1193 920 1253 ὦτα
947 1201 1154 1266 αὐτοῖς,
1187 1203 1281 1257 καί¹
1325 1203 1427 1256 οὐκ
1473 1205 1754 1261 ἀκούουσι.
1781 1225 1802 1261 ι

211 1291 515 1361 ηαρεγγυᾷ
547 1290 839 1363 τοιγαροῦν
865 1291 1184 1360 ἀναγκαίως
1207 1295 1237 1347 ὁ
1261 1297 1577 1367 προφήτης,
1609 1298 1802 1367 λέγων·

219 1400 249 1433 ι
271 1380 445 1435 Θέσθε
470 1381 535 1454 δὴ
563 1384 656 1436 ἐπὶ
701 1383 802 1448 τάς
849 1385 1077 1456 καρδίας
1111 1385 1288 1453 ὑμῶν·
1323 1406 1347 1439 ›
1375 1391 1655 1445 τουτέστιν
1676 1431 1692 1457 ,
1727 1391 1808 1455 είς

211 1472 346 1527 νοῦν
396 1473 511 1527 ἔσω
546 1476 642 1528 καὶ
688 1475 914 1547 καρδίαν
961 1479 1089 1542 τοὺς
1141 1478 1319 1544 θείους
1365 1481 1807 1554 ἑναποτιθέμενοι

212 1563 433 1633 λόγους,
471 1567 564 1619 καὶ
613 1566 721 1621 τῶν
769 1567 976 1621 ἄνωθεν
1023 1571 1518 1642 χρησμῳδημάτων
1558 1573 1808 1638 συνέντες

213 1657 320 1726 τὴν
367 1657 616 1728 δύναμιν,
669 1661 1019 1714 συναινέσατε
1067 1661 1286 1726 πάντως
1311 1678 1330 1692 ⁵
1363 1681 1382 1715 ι
1405 1663 1494 1728 Ὠς
1545 1665 1807 1737 ἠγάπησα

217 1749 324 1818 μὲν
359 1750 536 1819 ὑμᾶς,
568 1749 716 1819 λέγει
760 1750 966 1822 Κύριος
987 1792 1006 1816 ,
1034 1771 1054 1805 ι
1089 1752 1302 1822 ἠξίωσά
1323 1771 1388 1807 τε
1423 1754 1642 1826 ἀπάσης
1669 1759 1807 1828 ἠμε-

217 1840 469 1910 ρότητος,
516 1841 611 1894 καὶ
655 1841 904 1911 φειδοῦς,
960 1843 1055 1898 καὶ
1101 1844 1201 1914 τῆς
1249 1848 1364 1909 τοῖς
1419 1845 1807 1918 ἀγαπωμένοις

1916 650 2502 720 tetigerint:alingua
2562 649 2704 704 enim
2763 646 3032 715 loquentis
3084 645 3378 710 avolantia,
3429 655 3485 700 et

1913 741 2057 798 solas
2079 742 2361 796 audientes
2375 755 2536 796 aures
2569 739 2912 796 verberantis
2968 739 3122 791 vanis
3180 739 3400 793 merilo'
3422 753 3486 792 ac

1914 849 2020 889 non
2074 834 2298 904 prolatis
2319 833 2860 900 similiajudicentur.
2889 829 3060 898 Hujus
3091 829 3306 899 generis
3330 838 3487 884 erant

1913 926 2249 991 nonnulli,de
2269 927 2465 996 quibus
2483 925 2699 995 quidam
2732 934 3044 980 sanctorum
3063 923 3483 992 prophetarum:

1919 1038 1958 1072 ι.
1980 1019 2120 1076 Ecce
2153 1019 2382 1089 populus
2408 1019 2625 1082 stultus,
2659 1026 2714 1072 et
2743 1017 2860 1072 sine
2919 1015 3121 1071 corde:
3194 1014 3336 1068 oeuli
3382 1015 3492 1079 eis,

1913 1119 2086 1167 etnon
2113 1110 2318 1174 vident,
2347 1124 2509 1165 aures
2529 1109 2630 1176 eis,
2651 1116 2706 1164 et
2730 1123 2837 1162 non
2867 1107 3092 1162 audiunt
3120 1105 3190 1159 ιι.
3219 1125 3241 1157 ι
3267 1104 3481 1159 Hortari

1913 1204 2098 1274 itaque
2128 1203 2446 1272 prophetam
2499 1215 2725 1256 necesse
2806 1199 2948 1255 fuit:
3001 1217 3021 1249 ι
3058 1197 3248 1252 Ponite
3324 1210 3477 1264 supet

1913 1298 2076 1352 corda
2107 1303 2307 1359 vestra,
2352 1313 2372 1347 ι
2408 1295 2512 1349 hoc
2537 1301 2645 1358 est,
2675 1293 2817 1347 intra
2877 1291 3116 1345 aninmnt
3171 1298 3225 1344 et
3249 1305 3346 1343 cor
3401 1285 3490 1342 di-

1913 1389 2036 1445 vina
2068 1389 2231 1443 verba
2263 1395 2608 1456 reponentes,
2630 1397 3104 1456 supernorumque
3133 1381 3490 1437 oraculorum-

1912 1483 2022 1538 vim
2071 1478 2844 1553 intelligentes,assentiamini
2893 1477 3089 1546 plane:
3137 1494 3156 1526 ι
3215 1473 3497 1539 Quoniam

1913 1576 2076 1632 dilexi
2107 1589 2227 1638 vos,
2258 1575 2390 1630 dicit
2417 1573 2698 1638 Dominus,
2733 1590 2752 1624 ι
2778 1570 3036 1639 omnique
3075 1564 3499 1621 mansuetmline-

1913 1676 1968 1722 et
1996 1665 2344 1737 indulgentia,
2368 1674 2426 1721 et
2471 1679 2599 1720 cura
2630 1662 2836 1727 sedula,
2870 1676 2993 1731 qua:
3017 1657 3231 1715 dilectis
3260 1655 3499 1709 adhibe-

1911 1760 1958 1816 ri
1989 1760 2147 1827 solet,
2169 1759 2422 1830 dignatus
2449 1771 2589 1812 sum.
2629 1754 2743 1811 Hoc
2773 1765 2952 1810 autem
3003 1766 3222 1807 rursum
3253 1748 3495 1805 meritis-

1913 1852 2052 1908 simo
2106 1850 2214 1905 illis
2237 1851 2552 1919 exprobrat,
2575 1846 2719 1916 quod
2759 1846 2862 1902 sibi
2908 1860 3007 1914 pro
3033 1842 3191 1898 bonis
3230 1840 3364 1894 mala
3399 1853 3492 1892 re-

216 1931 541 2001 πρεπούσης
582 1932 913 2005 φιλοτιμίας·.
945 1935 1118 1989 Τοῦτο
1163 1935 1221 1990 δὲ
1271 1932 1338 1991 αὖ
1375 1933 1435 1992 εὖ
1487 1939 1635 2009 μάλα
1678 1957 1817 1994 κατ-

1917 1943 2224 2007 tribuerint,
2241 1955 2386 2004 cum,
2418 1948 2478 1994 ut
2499 1939 2767 1996 charitate
2810 1935 3039 2005 dignati,
3091 1933 3332 1988 vicissim
3362 1945 3494 1983 eum

215 2023 574 2087 ονειδίξοντος
600 2025 697 2095 μὲν
717 2065 732 2088 ,
775 2025 851 2091 ὡς
879 2025 1094 2098 πονηρὰ
1138 2028 1262 2082 ἀντὶ
1290 2028 1516 2098 ἀγαθῶν
1537 2030 1815 2085 ἀπέδοσαν

214 2115 371 2185 αὐτῷ
395 2156 410 2178 ,
462 2115 639 2169 καίτοι
685 2116 824 2182 δέον,
855 2119 931 2180 ὡς
975 2118 1198 2190 ἀγάπης
1227 2120 1584 2191 ἠξιωμένους,
1620 2124 1812 2177 ἀντευ-

215 2205 471 2274 φραίνειν
493 2209 615 2271 ταῖς
639 2207 958 2271 ὲπιεικείαις
998 2210 1092 2262 καὶ
1119 2213 1240 2275 ταῖς
1261 2214 1341 2277 είς
1364 2215 1474 2266 πᾶν
1499 2215 1677 2268 ὁτιοῦν
1700 2215 1817 2268 τῶν

217 2297 557 2351 ἁνδανόντων
584 2298 733 2368 αὑτῷ
756 2299 1012 2364 σπουδαῖς
1038 2318 1094 2354 τε
1125 2302 1220 2356 καὶ
1247 2302 1676 2374 προθυμίαις.Εἱ
1700 2305 1809 2373 γάρ

215 2385 339 2436 ἑστι
371 2384 482 2437 τῶν
511 2385 750 2451 ἀτόπων,
782 2387 844 2441 τὸ
889 2390 964 2460 μὴ
1021 2389 1307 2460 βούλεσθαι
1349 2394 1466 2455 τοῖς
1511 2393 1633 2446 καθ’
1662 2395 1813 2464 ἡμᾶς

214 2477 533 2531 ἀποδιδόναι
561 2477 659 2542 τὰς
682 2479 1022 2548 ὀφειλάς,τίς
1053 2481 1120 2536 ἂν
1145 2483 1357 2551 γένοιτο
1385 2479 1541 2552 λόγος
1563 2485 1657 2538 ἐπὶ
1673 2483 1810 2538 Θεοῦ

213 2568 316 2623 τοῦ
345 2570 523 2624 πάντα
548 2572 678 2641 ἡμῖν
706 2572 982 2638 πλουσίως
1017 2575 1363 2646 διανέμοντος
1391 2578 1461 2630 τά
1491 2576 1627 2646 πρὸς
1651 2575 1814 2629 εὐθυ-

220 2661 380 2731 μίαν,
408 2663 458 2714 εἰ
494 2663 570 2733 μὴ
601 2662 844 2733 βούλοιτό
883 2683 969 2729 τις
1006 2668 1300 2721 ἁντιτίνειν
1328 2668 1478 2739 αὐτῷ
1507 2669 1617 2722 τῶν
1648 2668 1810 2722 δεδω-

216 2755 480 2823 ρημένων
504 2755 604 2819 τὰς
629 2757 893 2827 ἀμοιϐάς;
923 2760 978 2811 ει
1005 2760 1101 2812 καὶ
1127 2760 1208 2812 ὅτι
1251 2759 1485 2830 μάλιστα
1514 2761 1713 2832 πρέποι
1744 2759 1811 2813 ἂν

1915 2037 2200 2110 probitate,
2230 2043 2278 2090 et
2310 2034 2512 2099 studio,
2569 2031 2962 2100 alacritateque
3025 2027 3093 2082 ad
3147 2025 3327 2081 omnia
3386 2022 3496 2091 ipsi

1914 2138 2131 2198 accepta
2169 2128 2442 2182 delectare
2471 2125 2751 2180 deberent.
2781 2122 2836 2177 Si
2883 2121 3027 2178 enim
3077 2117 3372 2174 absurdum
3405 2123 3494 2169 est

1915 2230 2120 2276 naturae
2151 2229 2350 2275 nostrae
2372 2216 2716 2273 consortibus
2751 2223 3011 2286 praestare
3055 2210 3199 2266 nolle
3231 2208 3373 2277 quod
3397 2207 3492 2262 de-

1915 2310 2064 2372 beas,
2097 2307 2224 2377 qnid
2249 2321 2413 2377 super
2436 2306 2546 2360 Deo
2577 2301 3044 2373 respondebimus,
3076 2299 3168 2367 qui
3194 2295 3348 2352 nobis
3371 2308 3493 2348 om-

1918 2398 2003 2452 nia
2033 2397 2100 2452 ad
2127 2397 2523 2467 iucunditatem
2557 2392 2882 2464 pertinentia
2919 2389 3257 2444 abundanter
3288 2382 3494 2440 submi-

1917 2487 2132 2550 nistrat,
2166 2487 2209 2542 si
2235 2489 2375 2542 dona
2404 2485 2562 2541 donis
2604 2499 2715 2539 non
2748 2478 3192 2552 rependet-imus?
3221 2474 3489 2543 siquidem

1917 2594 2046 2634 sana
2074 2587 2254 2634 mente
2271 2591 2457 2633 revera
2487 2577 2740 2647 praeditos
2772 2574 3028 2637 maxime.
3058 2571 3214 2626 decet
3247 2567 3375 2620 illud
3407 2563 3490 2618 di—

1915 2683 2079 2725 cere:
2117 2687 2138 2720 ι
2170 2668 2307 2736 Quid
2343 2668 2638 2723 retribuam
2673 2665 2927 2731 Domino,
2968 2677 3065 2734 pro
3093 2660 3346 2717 omnibus
3370 2670 3491 2725 quae

1920 2760 2316 2814 retribuitmihi
2350 2759 2436 2812 ⁸³2
2465 2777 2485 2810 s

216 2849 400 2900 ἐκεῖνο
452 2847 630 2917 λέγειν
693 2853 806 2915 τοῖς
840 2867 906 2919 γε
975 2851 1188 2923 ἀληθῶς
1255 2853 1580 2925 ἀρτίφροσι·
1635 2872 1660 2906 ιν
1684 2853 1748 2907 Τί
1809 2851 2181 2908 ἀνταποδώσω
2222 2852 2302 2924 τῷ
2346 2851 2537 2923 Κυρίῳ
2579 2850 2708 2923 περὶ
2757 2848 2976 2904 πάντων
3019 2841 3095 2902 ὧν
3141 2838 3492 2898 ἀνταπέδωκέ

218 2957 354 3009 μοις
389 2959 408 2991 ι

293 3031 409 3084 Καὶ
453 3031 692 3086 εἴπατεο
751 3033 850 3088 Ἐν
899 3036 1016 3089 τίνι
1068 3037 1393 3106 ἠγάπησας
1441 3038 1640 3108 made;
1687 3039 1814 3093 Οὐκ

1989 3031 2152 3088 Vnus.
2177 3033 2232 3087 5.
2266 3033 2336 3086 Et
2350 3033 2558 3087 dixistis
2588 3046 2609 3084 :
2663 3029 2731 3084 1η
2761 3046 2863 3099 quo
2885 3025 3120 3082 dilexisti
3148 3042 3242 3081 nos
3263 3027 3290 3080 .9
3338 3024 3493 3080 Non-

213 3120 484 3189 ἁδελςρὸς
508 3118 586 3191 ἦν
623 3121 807 3176 Ἠσαῦ
841 3123 948 3177 τοῦ
990 3124 1216 3189 Ἰακὼϐ,
1239 3125 1402 3194 λέγει
1443 3127 1680 3194 Κύριος,
1708 3124 1810 3178 καὶ

1917 3144 1980 3181 ne
2009 3127 2151 3181 Esau
2175 3137 2286 3181 erat
2321 3126 2487 3195 frater
2506 3124 2539 3177 .1
2548 3123 2674 3178 acab
2697 3123 2872 3179 ?dicit
2903 3119 3180 3183 Dominus,
3247 3129 3296 3173 et
3318 3117 3491 3173 dilexi

215 3212 512 3281 ἠγάπησα
563 3213 672 3267 τὸν
715 3214 951 3280 Ἰακὼϐ,
999 3214 1109 3269 τὸν·
1150 3215 1221 3269 δὲ
1269 3193 1460 3272 Ἡσαῦ
1509 3193 1810 3286 ἐμίσησα;

1915 3219 2168 3282 Jacob,et
2191 3193 2335 3272 Esau
2363 3219 2482 3272 odio
2511 3217 2671 3270 habui
2689 3217 2714 3271 ἒ)
2744 3214 2811 3270 Et
2846 3217 2995 3285 posui
3040 3214 3285 3268 terminos
3303 3211 3418 3280 ejus
3436 3211 3500 3265 ίητ

217 3301 323 3355 καί
360 3301 546 3367 ἔταξα
575 3303 646 3358 τὰ
682 3303 816 3372 ὅρια
846 3304 1034 3359 αὑτοῦ
1072 3308 1160 3372 είς
1188 3307 1554 3378 ἀφανισμὸν,
1575 3307 1672 3361 καί
1697 3309 1816 3376 τὴν

215 3399 633 3466 κληρονομίαν
658 3399 848 3454 αὑτοῦ
873 3400 960 3465 είς
983 3397 1221 3469 δώματα
1245 3401 1496 3470 ἐρήμου.

294 3489 370 3544 Δ’.
424 3489 780 3561 Ἐπλὴττοντο
825 3490 926 3559 μὲν
969 3490 1211 3545 Ἰουδαῖοι
1258 3492 1400 3545 κατὰ
1442 3492 1669 3562 καιροὺς
1695 3492 1810 3554 τοῖς

216 3581 290 3634 ὲκ
320 3582 469 3645 θείας
496 3582 666 3653 ὀργῆς
697 3583 1076 3651 συμϐαίνουσι,
1102 3586 1455 3656 πολυτρόπως
1484 3585 1809 3655 δεδυσσεϐη-

217 3671 400 3735 κότες.
419 3673 724 3728 ’Δπώθοντο
751 3673 860 3745 γὰρ
903 3676 983 3739 είς
1014 3676 1411 3747 αἰχμαλωσίας,
1444 3675 1810 3748 καταδῃωθεί-

217 3779 328 3833 aq;
371 3763 554 3827 αὐτοῖς
595 3766 695 3835 τῆς
743 3763 946 3837 χώρας,
979 3767 1146 3821 οἴκων
1192 3784 1250 3820 τε
1281 3766 1686 3838 ὴρημωμένων,
1717 3764 1810 3818 καὶ

218 3855 362 3926 ὁμοῦ
389 3855 494 3910 τῶν
520 3857 680 3912 θείων
703 3858 846 3912 ναῶν
875 3859 1412 3931 κατεμπρησθέντων
1436 3858 1544 3912 τῶν
1577 3859 1808 3929 Ἰεροσο-

217 3946 434 4017 λύμων.
461 3948 740 4019 Προφάσει
767 3949 825 4003 δὲ
854 3949 948 4003 τοῦ
980 3951 1050 4005 τὰ
1071 3951 1254 4004 τοιάδε
1286 3950 1477 4005 παθεῖν
1511 3951 1728 4016 αὐτοὺς,
1749 3953 1811 4006 τὸ

218 4041 532 4112 ἀποφοιτᾷν»
558 4041 777 4096 ἑλέσθαι
807 4041 992 4115 [φησὶ]
1019 4044 1116 4112 τῆς
1151 4043 1506 4114 γνησιότητος
1535 4046 1636 4114 τῆς
1672 4043 1812 4115 πρδς

218 4133 382 4196 Θεὸν,
405 4135 500 4185 καὶ
519 4133 699 4202 ὀλίγου
725 4133 1004 4197 παντελῶς
1017 4133 1244 4198 ἀξιῶσαι
1262 4135 1422 4204 λόγου
1437 4135 1537 4207 τὴν
1555 4137 1635 4199 εἰς
1646 4135 1811 4206 νόμον

218 4223 380 4278 αίδώ.
399 4225 616 4296 Ἐπειδὴ
662 4225 841 4278 τοίνυν
890 4225 1175 4296 ἀγαπῆσαι
1205 4227 1458 4295 λέγοντος
1485 4227 1688 4291 αὐτοὺς
1712 4227 1809 4280 τοῦ

217 4315 386 4380 Θεοῦ,
415 4316 508 4370 καὶ
538 4317 741 4389 σφόδρα
774 4334 838 4386 γε
880 4312 950 4388 ἦν
983 4317 1129 4382 εἰκὸς
1159 4318 1268 4372 τῶν
1292 4319 1394 4389 τῆς
1430 4319 1811 4390 αἰχμαλωσίας

216 4407 629 4478 διαμεμνῆσθαι
664 4408 871 4472 κακῶν,
910 4408 1073 4477 φάναι
1104 4426 1163 4461 τε
1197 4410 1340 4462 οὕτω
1367 4411 1532 4480 τυχὸν
1557 4411 1639 4477 τὸ,
1679 4411 1811 4465 ιιἘν

215 4498 332 4550 τίνι
377 4497 667 4568 ἠγάπησας
695 4499 880 4569 ἠμᾶςς
910 4517 928 4550 ›
967 4499 1458 4571 οἱκονομικὼτατος
1493 4501 1616 4554 λίαν
1642 4503 1671 4555 ό
1699 4501 1809 4556 τῶν
1841 4531 1890 4590 D

216 4589 364 4643 ὅλων
381 4588 532 4654 Θεὸς,
563 4588 898 4657 παριππεύει
931 4589 1030 4659 μὲν
1058 4590 1126 4642 τά
1155 4590 1242 4642 διὰ
1265 4590 1430 4660 μέσου
1459 4591 1813 4662 συμϐήματα,

218 4680 322 4734 καὶ
360 4680 459 4749 τὴν
496 4680 584 4731 ἐπ’
611 4680 795 4742 αὐτοῖς
821 4680 1158 4751 παρατρέκει
1184 4681 1456 4752 διήγησιν,
1488 4682 1813 4752 ἀνακομίζει

219 4789 290 4840 γε
331 4770 436 4842 μὴν
458 4770 556 4842 τὴν
587 4772 684 4841 τῆς
715 4772 937 4841 ἀγάπης
963 4768 1236 4839 ἀπόδειξιν
1255 4773 1350 4826 ἐπὶ
1380 4772 1477 4845 τὴν
1504 4772 1599 4826 τοῦ
1621 4774 1815 4842 γένους

218 4865 425 4934 ἀρχὴν,
454 4864 596 4934 φημὶ
640 4865 704 4933 δὴ
737 4865 828 4918 τὸν
873 4864 1087 4928 Ἰακὼϐ,
1124 4864 1183 4918 ὃν
1213 4866 1496 4936 ἀγαπῆσαι
1528 4866 1626 4936 μὲν
1667 4867 1814 4936 ίσχυ-

221 4955 457 5025 ρίζεται,
496 4957 970 5027 κατεστυγημένον
1018 4956 1075 5010 δὲ
1109 4957 1437 5027 πεποιῆσθαι
1483 4957 1576 5010 τὸν
1615 4957 1806 5022 Ἠσαῦ,

218 5047 407 5099 καίτοι
450 5049 561 5109 τοῖς
617 5047 831 5115 φύσεως
863 5048 1050 5117 νόμοις
1081 5050 1160 5109 είς
1191 5048 1530 5120 ἀδελφότητα
1561 5049 1638 5120 τῷ
1659 5067 1806 5102 τετι-

221 5135 458 5205 μημὲνῳ
510 5135 993 5205 συνδούμενον.Ὠς
1042 5137 1152 5209 γὰρ
1201 5139 1230 5191 ό
1276 5138 1561 5203 θεσπέσιος
1607 5141 1808 5211 γράφει

109 5259 122 5273 .
216 5225 463 5289 Παῦλος,
501 5246 519 5278 ι
545 5229 728 5298 Μήπω
756 5229 1123 5299 γεννηθέντων
1149 5272 1163 5295 ,
1226 5231 1364 5302 μηδὲ
1405 5231 1730 5303 πραξάντων
1757 5251 1809 5286 τι

217 5318 514 5389 ἀγαθὸν,ῆ
550 5321 774 5390 φαῦλον,
811 5341 828 5372 ι
861 5323 1156 5376 ἀπόλεκτον
1185 5326 1420 5377 ἐποιεῖτο
1467 5325 1559 5379 τὸν
1612 5325 1830 5387 Ἰακὼϐ,

219 5412 284 5477 ἐξ
319 5405 381 5464 οὗ
424 5413 485 5464 τὸ
516 5413 627 5465 τῶν
666 5414 932 5468 Ἰουδαίων
964 5415 1171 5487 ἀνεφύη
1198 5416 1389 5484 γένος·
1424 5418 1723 5490 ἐκϐέϐληκε
1754 5420 1812 5474 δὲ

215 5502 316 5554 τὸν
354 5501 547 5566 Ἡσαῦ,
601 5503 690 5556 καὶ
723 5504 782 5556 οὐ
814 5505 986 5574 δήπου
1016 5506 1196 5576 φαμὲν
1223 5507 1364 5559 κατὰ
1388 5507 1690 5578 πρόκλησιν
1711 5509 1810 5579 (οὐ

218 5594 335 5663 γὰρ
378 5593 561 5656 ἄδικος
610 5597 638 5648 ὁ
684 5595 835 5660 Θεὸς,
867 5596 990 5650 οὗτε
1027 5598 1134 5668 μὴν
1159 5599 1341 5651 ἄνισον
1374 5599 1405 5670 ἢ
1435 5601 1726 5670 ὲτεραλκὲς
1751 5601 1813 5654 τὸ

220 5683 308 5754 ἐφ’
339 5685 554 5756 ἑκάστῳ
598 5687 704 5739 τῶν
751 5689 846 5741 ἐπὶ⁷
891 5688 988 5759 τῆς
1030 5689 1132 5758 γῆς
1155 5690 1391 5759 διεξάγει
1420 5694 1592 5763 κρῖμα
1680 5709 1812 5764 προ-

1911 3311 2310 3376 desolationem,
2334 3319 2382 3363 et
2405 3309 2764 3364 [nereditatem
2799 3309 2916 3375 ejus
2946 3306 3002 3360 in
3035 3307 3218 3358 domos
3249 3303 3503 3358 solitudi-

1912 3406 2013 3458 nis.

1981 3495 2069 3549 IV.
2108 3493 2560 3550 Percutiebantur
2600 3490 2891 3560 aliquando
2951 3487 3120 3544 ιιιάωὶ
3176 3486 3244 3541 ab
3277 3484 3503 3541 infenso

1912 3589 2043 3653 Deo,
2067 3604 2187 3644 cum
2216 3587 2402 3642 multis
2419 3601 2478 3640 se
2509 3584 2877 3654 impietatibus
2913 3582 3356 3637 olistrinxissent.
3383 3578 3500 3633 Va-

1911 3689 2048 3736 stata
2072 3679 2217 3735 enim
2254 3694 2442 3734 eorum
2473 3685 2642 3739 terra,
2683 3675 2880 3746 captivi
2904 3675 3281 3744 abigebantur,
3316 3671 3491 3726 domi-

1912 3773 2010 3827 bus
2030 3771 2343 3834 exinanitis,
2363 3779 2414 3825 et
2446 3767 2831 3840 Hierosolymis
2859 3781 2964 3820 una
2987 3781 3113 3821 cum
3142 3764 3323 3820 divino
3355 3772 3490 3817 tem-

1912 3862 1998 3932 plo
2017 3861 2280 3933 ,Crematis
2306 3861 2372 3912 ”.
2419 3859 2587 3930 820
2623 3859 2776 3925 Quod
2843 3867 3025 3910 autem
3080 3857 3182 3910 ista
3242 3853 3487 3924 perpessi

1912 3951 2160 4015 fuissent,
2195 3950 2318 4004 inde
2335 3949 2570 4019 legitima
2593 3963 2718 4017 erga
2754 3948 2918 4001 Deum
2961 3945 3269 4009 deserendi,
3322 3953 3378 3999 et
3403 3958 3502 3998 re-

1911 4044 2207 4098 verentiam
2239 4043 2377 4110 legis
2401 4040 2550 4111 parvi
2584 4040 2806 4095 omnino
2830 4038 3095 4109 pendendi
3137 4037 3487 4092 occasionem

1910 4135 2262 4206 arripicbant.
2292 4134 2428 4201 Quia
2459 4133 2622 4201 igitur
2647 4133 2856 4185 dicente
2878 4129 3008 4195 Deo,
3027 4142 3087 4185 se
3113 4129 3234 4185 illos
3261 4129 3489 4185 dilexis-

1910 4244 1992 4293 se,
2037 4235 2092 4280 ιρι
2122 4226 2274 4280 valde
2313 4225 2527 4294 quidem
2559 4223 2818 4279 credibile
2859 4231 3094 4278 erateos
3141 4222 3482 4276 miseriarum

1911 4318 2245 4389 captivitatis
2273 4315 2450 4372 denuo
2479 4329 2774 4380 memores,
2812 4315 2884 4368 ita
2937 4314 3171 4369 fortasse
3214 4314 3495 4380 dicturos,

1916 4432 1936 4465 ι
1973 4413 2030 4466 ln
2055 4426 2162 4479 quo
2191 4409 2422 4464 dilexisti
2449 4407 2590 4462 nos?
2628 4425 2646 4459 ι
2676 4406 3095 4476 prudentissimo
3117 4405 3343 4461 consilio
3365 4405 3487 4460 uni-

1918 4517 2193 4560 versurum
2227 4502 2368 4556 Deus
2398 4515 2518 4569 quae
2541 4499 2851 4552 acciderant
2878 4499 3490 4566 prattermittit,eorum-

1912 4612 2018 4668 que
2048 4595 2408 4651 narrationem
2439 4590 3135 4660 relinquit,dilectionisque
3147 4590 3500 4646 demonstra--

1911 4690 2110 4744 tionem
2135 4686 2200 4739 ad
2226 4684 2440 4754 generis
2466 4697 2655 4738 eorum
2707 4683 3050 4751 principium,
3115 4679 3282 4736 Jacob
3331 4681 3489 4736 nimi-

1911 4795 2052 4843 rum,
2092 4779 2326 4843 revocat,
2352 4791 2510 4846 quem
2571 4790 2630 4830 se
2660 4775 2908 4829 dilexisse
2943 4775 3248 4839 confirmat,
3288 4777 3482 4830 odisse

1909 4881 2088 4925 autem
2126 4869 2300 4934 Esau,
2325 4868 2677 4937 quantumvis
2708 4867 2760 4921 ei
2799 4867 2890 4936 qui
2927 4866 3251 4937 diligebatur
3283 4874 3496 4921 natura:

1914 4962 2139 5030 legibus,
2168 4970 2227 5014 ut
2249 4957 2736 5020 frater,devinctns
2756 4966 2919 5011 esset.
2947 4956 3159 5010 Etenim
3190 4966 3248 5011 ut
3276 4958 3491 5011 divinus

1916 5054 2113 5108 Paulus
2139 5053 2324 5107 scribit
2355 5066 2370 5102 :
2411 5069 2430 5101 ι
2467 5049 2600 5105 Cum
2623 5049 2860 5103 nondum
2891 5049 3002 5103 nati
3035 5047 3284 5114 fuissent,
3314 5063 3489 5116 neque

1915 5144 2116 5213 aliquid
2162 5141 2286 5197 beni
2317 5142 2573 5210 egissent,
2597 5151 2692 5193 aut
2720 5140 2844 5193 ntali
2872 5139 2938 5203 δ”,
2971 5159 2990 5192 ι
3029 5139 3196 5193 Jacob
3216 5139 3398 5204 elegit,
3451 5153 3480 5190 a

1915 5251 2022 5304 quo
2053 5233 2356 5289 Iudaeorum
2383 5247 2514 5303 gens
2535 5233 2798 5302 originem
2825 5231 2982 5286 duxit
3019 5249 3034 5285 :
3067 5231 3268 5302 abjeeit
3300 5241 3483 5284 autem

1907 5325 2068 5390 Esau,
2101 5341 2207 5380 non
2243 5325 2385 5394 quod
2415 5327 2510 5379 'ab
2550 5339 2617 5380 eo
2667 5333 2988 5394 provocatus
3031 5335 3175 5379 essm
3215 5322 3344 5393 (non
3405 5332 3490 5376 cst

1907 5420 2049 5473 enim
2083 5418 2317 5488 injustus
2361 5415 2526 5483 Deus,
2565 5431 2663 5471 nec
2702 5416 2966 5484 iniquam,
3018 5421 3112 5468 aut
3165 5413 3484 5482 ancipitem,

1907 5525 2003 5566 seu
2038 5510 2351 5565 variabilem
2400 5509 2507 5565 fert
2559 5509 2882 5564 sententiam
2930 5506 2984 5560 in
3045 5520 3501 5576 unumquemque

1909 5601 2250 5674 mortalem);
2293 5602 2388 5657 sed
2414 5617 2535 5656 cum
2570 5609 2819 5669 tanquam
2857 5597 2995 5652 Deus
3017 5597 3296 5652 amborum
3334 5595 3487 5651 futu-

1911 5709 1999 5748 ras
2032 5694 2272 5748 actiones
2301 5702 2354 5748 et
2393 5693 2672 5762 utriusque
2695 5703 2874 5746 mores
2926 5697 3246 5760 pranosset,
3296 5687 3494 5746 melio-

298 5857 344 5891 “
370 5857 570 5918 Jerem.
595 5877 648 5930 v,
678 5862 766 5919 Ἡ.
847 5864 890 5898 ’⁵³
920 5862 1060 5920 Psal.
1085 5879 1206 5929 ειν,
1242 5865 1321 5920 1‘2.
1397 5865 1444 5903 ⁸⁸
1473 5865 1539 5920 ιν
1567 5867 1698 5938 lteg.
1730 5885 1829 5924 xxv

1912 5877 2096 5940 δεθείη.
2176 5870 2410 5926 “Rom.
2438 5886 2514 5928 ix.
2553 5868 2633 5924 ll.
