4070 6528
173 466 291 522 285
982 455 1534 516 COMMENTARIUS
1570 453 1638 510 ΙΝ
1678 451 1792 508 MAI

1896 446 2086 505 ΞΙΙΙΔΜ
2126 440 2574 502 PROPHETAM.
3327 437 3441 495 286

179 580 433 632 πεσεῖται
467 591 702 638 παντως,
732 573 806 636 ὡς
857 573 917 626 ἐν
964 572 1121 642 τύπῳ
1168 572 1422 641 σαφηνιεῖ
1447 567 1558 622 τῶν
1595 567 1754 621 Ἰδου-
1781 601 1792 628 Α

1896 571 1958 619 .st
1985 561 2078 632 qui
2110 561 2218 616 Deo
2244 557 2502 623 adhaeret,
2539 569 2636 626 spe
2673 562 2824 612 certa
2849 561 2904 611 et
2925 551 3076 608 ﬁrma
3105 549 3436 607 sustentabi-

181 671 365 740 μαίων
393 672 422 722 6
450 668 650 740 κλῆρος
675 667 906 720 εἰσάπαν
933 663 1314 735 ὴρημωμένος.
1351 661 1489 714 Ἀλλ’
1521 661 1616 728 ὅγε
1639 655 1758 728 Θεῷ

1896 670 1970 718 ur,
1996 662 2050 708 et
2081 652 2344 708 bonorum
2369 648 2611 720 largitori
2631 645 2956 706 acclamabit
2986 662 3004 698 :
3034 662 3054 696 ι
3090 643 3323 700 lnmanu
3351 650 3437 695 tua

180 761 606 834 προσκείμενος,
665 755 883 826 ἀσφαλῆ
915 755 1008 808 καὶ
1057 752 1455 824 ἐρηρεισμένην
1501 750 1614 815 ἕξει
1659 748 1764 818 τὴν.

1896 755 2042 802 ortes
2073 756 2206 799 mete
2232 742 2301 800 '°.
2332 760 2354 794 ι

180 853 400 914 ἐλπίδα,
423 852 517 905 καὶ
539 850 617 920 τῷ
637 849 748 903 τῶν
773 846 997 915 ἀγαθῶν
1020 847 1204 916 δοτῆρι
1230 843 1348 912 Θεῷ
1375 841 1760 914 προσφωνήσει

181 946 362 1012 λέγων
382 962 395 974 ·
439 964 457 996 ‹
480 945 567 996 Ἑν
600 945 722 1005 ταῖς
752 939 906 1011 χερσί
937 956 1032 992 σου
1058 937 1108 991 οἱ
1135 935 1327 1007 κλῆροι
1353 952 1476 1006 μου.
1512 951 1534 983 ι

256 1037 414 1088 Διότι
441 1034 578 1103 ἐροῦ
615 1034 674 1088 Ἠ
707 1029 1006 1100 Ἰδουμαία
1034 1026 1490 1094 κατέστραπται,
1512 1022 1612 1077 καί
1638 1022 1764 1075 ἐπι-

183 1126 558 1195 στρέψωμεν,
598 1122 699 1176 καὶ
734 1119 1304 1189 ἀνοικοδομήσωμεν
1342 1117 1448 1180 τὰς
1483 1113 1761 1182 ἐρήμους.

190 1217 343 1272 Τάδε
377 1216 538 1284 λέγει
573 1215 785 1282 Κύριος
816 1209 1235 1277 παντοκράτωρ
1254 1222 1270 1236 ·
1308 1204 1490 1261 Αὐτοὶ
1537 1201 1764 1257 οἰκοδο-

1940 1035 2103 1090 Veas.
2126 1034 2180 1088 4.
2205 1032 2348 1098 Quia
2376 1031 2536 1094 dicet,
2565 1028 2807 1083 Idumam
2841 1026 3091 1080 subverso
3116 1033 3216 1086 est,
3281 1031 3328 1074 et
3365 1035 3446 1072 re-

1868 1139 2150 1192 vertamur,
2173 1134 2221 1180 et
2258 1123 2631 1190 rewdiﬁcemus
2661 1121 2893 1174 deserta.
2918 1117 3046 1172 Παει-
3070 1116 3196 1169 dicit
3258 1113 3442 1166 Domi-

1871 1231 1966 1275 nus
1992 1220 2311 1286 omnipotens
2341 1233 2365 1271 :
2398 1215 2515 1285 Ipsi
2537 1213 2894 1282 wdiﬁcabunt,
2933 1219 2981 1264 et
3007 1226 3100 1279 ego
3146 1208 3444 1268 destruant;

178 1311 481 1380 μήσουσι,
513 1308 613 1362 καί
649 1307 764 1379 ἐγὼ
788 1303 1182 1372 καταστρέψει)
1204 1317 1220 1332 ο
1246 1301 1345 1355 καὶ
1368 1297 1768 1366 ἐπικληθήσε-

186 1418 284 1457 ται
325 1402 528 1468 αὐτοῖς
570 1402 702 1470 ὅρια
736 1397 1009 1466 ἀνομίας,
1044 1395 1145 1450 καί
1187 1393 1337 1460 λαὸς
1363 1392 1454 1462 ἐφ’
1478 1391 1552 1446 ὂν
1578 1403 1768 1459 παρα-

186 1497 466 1548 τέτακται
493 1492 708 1559 Κύριος
738 1489 849 1554 ἕως
875 1486 1112 1552 αἰῶνος.

1871 1320 1919 1366 et
1968 1310 2286 1365 vocabuntur
2329 1307 2404 1362 eis
2448 1306 2655 1360 termini
2697 1302 3015 1373 iniquitatis,
3091 1308 3142 1351 et
3218 1295 3441 1366 populus

1871 1417 2029 1472 super
2073 1415 2224 1469 quem
2267 1407 2510 1453 extensus
2542 1404 2620 1450 est
2672 1393 2928 1448 Dominus
2977 1406 3138 1461 usque
3181 1390 3236 1442 in
3299 1397 3448 1441 auer-

1875 1509 2022 1549 num.

263 1581 345 1637 E'.
384 1580 662 1652 Δυσχερὴς
715 1580 814 1651 μὲν
851 1577 973 1633 λίαν
1015 1580 1050 1649 ἡ
1106 1578 1210 1649 τῆς
1256 1576 1457 1640 λέξεως
1503 1572 1767 1643 συνθήκη,

1950 1582 2012 1639 γ.
2048 1581 2381 1638 Perditiicilis
2412 1588 2496 1635 est
2521 1578 2809 1634 verborum
2833 1579 3142 1637 contextus,
3177 1569 3296 1624 sive
3317 1583 3448 1623 con-

189 1674 341 1746 πλὴν
379 1676 478 1729 οὐκ
515 1675 716 1737 ἄτοπος
745 1672 855 1726 τῶν
887 1671 1262 1743 προκειμένων
1304 1671 1333 1722 6
1372 1666 1518 1731 νοῦς.
1554 1665 1774 1718 Δέδωκα

1896 1676 2037 1732 texio
2062 1693 2077 1730 :
2105 1682 2475 1729 verumtamen
2503 1668 2770 1726 sententia
2800 1665 3043 1735 subiecta
3103 1676 3209 1715 non
3265 1660 3451 1714 incon-

193 1767 298 1836 μὲν
344 1766 453 1835 γὰρ
504 1763 635 1832 ἐγὼ,
685 1762 884 1833 φησὶν,
931 1760 1026 1815 τοῦ
1065 1759 1238 1814 Ἠσαῦ
1286 1757 1645 1829 κληρονομίαν
1693 1755 1773 1818 είς

1896 1767 2120 1824 veniens.
2151 1765 2333 1835 Inquit
2353 1763 2523 1825 enim,
2553 1760 2685 1815 Dedi
2722 1757 2951 1828 quidem
2966 1754 3134 1824 822
3156 1766 3256 1822 ego
3283 1753 3451 1804 haere-

189 1857 502 1928 ἀφανισμὸν
535 1857 630 1910 καὶ
681 1857 763 1918 είς
805 1854 1108 1927 ἐρήμωσιν,
1143 1851 1296 1924 ὑμῶν
1333 1850 1443 1904 τῶν
1479 1849 1538 1916 ἐξ
1579 1846 1773 1902 Ἰακὼϐ

1896 1861 2101 1915 litatem
2132 1857 2273 1913 Esau
2297 1857 2352 1911 in
2373 1852 2780 1914 desolationem,
2817 1849 2870 1902 in
2907 1844 3271 1906 solitudinem,
3297 1857 3326 1894 a
3357 1855 3456 1893 vo-

191 1946 709 2018 ὲκπεπορθηκότων.
726 1945 876 2015 Ἐρεί
896 1944 954 1997 δὲ
990 1945 1122 2008 ίσως
1160 1946 1189 1998 6
1225 1943 1517 2014 Ἰδουμαῖος
1535 1955 1551 1972 ο
1583 1941 1648 1994 Εἰ
1677 1939 1770 1992 καὶ

1896 1953 1953 2007 »ἴε
1976 1965 2042 2006 ex
2070 1948 2236 2005 Jacob
2265 1944 2576 2017 propagatis
2599 1943 2964 1997 devastatam.
2997 1935 3103 1990 Sed
3124 1932 3342 1989 HI)in
3375 1931 3454 1986 ili»

194 2038 613 2108 κατέστραπται
641 2035 942 2102 παντελῶς,
977 2034 1076 2088 καὶ
1104 2035 1185 2096 είς
1233 2032 1387 2103 λῆξιν
1431 2032 1558 2102 ἦκει
1594 2029 1780 2084 κακῶν

1896 2051 2008 2098 :ent
2039 2040 2268 2095 fortasse
2298 2053 2314 2090 :
2349 2035 2461 2092 Etsi
2508 2032 2657 2103 regio
2689 2045 2851 2101 quam
2887 2025 3248 2083 habitavimus
3294 2037 3453 2092 pror-

191 2127 264 2197 *ιν
319 2127 725 2198 κατῳκήκαμεν
779 2123 986 2195 χώραν,
1042 2122 1157 2176 ἀλλ’
1200 2116 1293 2174 οὖν
1351 2120 1780 2192 ἐπιστρέψαντες

1896 2149 1976 2191 ius
1997 2134 2049 2187 in
2074 2129 2455 2187 vastitudinem
2492 2125 2736 2188 redacta,
2783 2131 2839 2178 et
2882 2117 3147 2176 extremis
3200 2111 3451 2169 amictata

2078 2221 2111 2229 ..
2225 2219 2260 2229 ..
2285 2217 2316 2229 η
2416 2215 2428 2228 ο
2595 2211 2795 2229 _A,,-_;-!
2839 2207 3098 2229 ,I-_-I-n--
3165 2205 3322 2229 ..-1.Α-
3373 2203 3428 2229 ..ι

194 2217 500 2290 ἐγεροῦμεν
529 2217 628 2288 μὲν
659 2218 758 2282 τὰς
786 2217 1162 2289 ἠρημωμένας
1210 2216 1395 2278 πόλεις
1442 2230 1503 2266 τε
1551 2212 1646 2266 καὶ
1673 2211 1785 2264 κώ-

1896 2215 2537 2286 estmalis,nibilominus
2593 2211 2796 2269 reversi
2829 2207 3102 2264 desolatas
3165 2205 3324 2259 urbes
3373 2203 3454 2256 vi.

197 2327 332 2378 μας,
364 2309 766 2379 κατοικήσομεν
817 2307 876 2361 δὲ
929 2306 1097 2371 αὑτὰς
1139 2307 1190 2359 οἱ
1236 2303 1686 2372 διασεσωσμένοι.
1717 2299 1784 2356 Τί

1896 2326 2085 2383 eosque
2114 2307 2556 2370 instaurabimus,
2620 2311 2674 2356 et
2705 2302 2793 2370 qni
2833 2301 3060 2355 salutem
3110 2295 3452 2357 retinnimus,

191 2399 324 2470 οῦνς
355 2403 499 2474 Πρὸς
527 2401 721 2465 ταῦτα,
751 2403 906 2472 φησὶ,
934 2401 1058 2455 τάδε
1093 2399 1242 2467 λέγει
1266 2397 1472 2468 Κύριος
1495 2412 1511 2426 θ
1563 2413 1582 2445 ί
1616 2383 1783 2447 Αὐτοὶ

1896 2417 1977 2458 eas
1998 2381 2316 2456 incolemns.
2341 2394 2478 2462 Quid
2502 2388 2798 2462 igituriAd
2837 2387 2977 2451 haec,
2997 2385 3189 2455 inquit,
3220 2383 3321 2439 ista
3370 2381 3454 2436 di-

195 2494 636 2565 οἰκοδομήσουσι,
669 2493 766 2547 καὶ
796 2491 907 2560 ἐγὼ
946 2489 1329 2563 καταστρέφω.
1365 2508 1382 2539 ι
1440 2487 1784 2558 Κεκλήσεται

1896 2489 2235 2548 eitDominus
2265 2505 2280 2541 :
2318 2503 2337 2535 ι
2370 2483 2476 2555 ipsi
2500 2479 2866 2544 aditicabunt,
2895 2486 2952 2532 et.
2973 2491 3074 2547 ego
3101 2475 3393 2529 destruant.
3429 2490 3452 2521 ι

193 2588 262 2641 δὲ
307 2561 525 2648 πάντ-ως
576 2587 610 2655 ἡ
649 2584 946 2654 Ἰδουμαία,
982 2561 1179 2654 ("Opus
1222 2580 1474 2652 ἀνομίας,
1505 2599 1524 2631 ι
1571 2578 1650 2642 ὡς
1695 2575 1788 2630 διὰ

1896 2583 1951 2638 Et
1980 2581 2212 2636 ldumzea
2240 2574 2460 2632 omnino
2513 2569 2795 2625 vocabitur
2855 2586 2874 2618 ς
2919 2563 3160 2622 Termini
3212 2561 3454 2630 impieta-

199 2675 268 2727 π)
281 2675 467 2745 είστην
495 2674 628 2744 ὅσην
657 2674 934 2744 ἁμαρτίαν
967 2671 1453 2743 κατεστραμμένη,
1487 2690 1504 2722 ι
1537 2669 1631 2722 καὶ
1657 2666 1785 2729 λαὸς

199 2767 294 2836 ἐφ’
329 2766 388 2819 ὃν
425 2765 837 2837 παρατέτακται
859 2764 1066 2836 Κύριος
1089 2764 1193 2826 ἓως
1216 2761 1430 2824 αἰῶνος.
1457 2779 1474 2810 ι
1494 2760 1552 2812 '0
1576 2759 1674 2828 μὲν
1693 2753 1787 2811 οὖν

199 2858 304 2913 τοῦ
365 2858 690 2929 γράμματος
739 2857 864 2920 νοῦς
913 2857 1013 2926 οὐχ
1056 2856 1264 2926 ἕτερος,
1303 2850 1476 2925 οἶμαι,
1504 2853 1588 2914 τὶς
1635 2849 1790 2920 παρὰ

201 2946 402 3001 τοῦτόν
446 2949 582 3001 ἐστι.
615 2947 916 3017 Προσθείην
943 2947 988 3000 δ’
1025 2946 1112 3008 ἂν,
1142 2947 1226 2999 ὅτι
1253 2943 1364 2998 τῶν
1414 2942 1477 2996 τό
1528 2940 1788 3012 σαρκικδν

205 3039 307 3094 καὶ
320 3039 507 3108 γήϊνον
535 3038 768 3108 ἐχόντων
797 3037 1049 3108 φρόνημα
1081 3035 1314 3104 (γήϊνος
1339 3035 1468 3105 γὰρ,
1485 3033 1560 3096 ὡς
1583 3030 1738 3101 ἔφην,
1760 3032 1791 3083 6

219 3131 522 3200 Ἰδουμαῖος
553 3128 938 3200 ἑρμηνεύεται)
965 3128 1140 3197 πάντη
1166 3143 1226 3179 τε
1256 3125 1349 3179 καὶ
1377 3125 1590 3186 πάντως
1609 3124 1638 3174 6
1665 3120 1789 3190 πιλῆ-

207 3239 306 3293 ρος
355 3223 621 3283 πεσεῖται,
665 3220 802 3274 Θεοῦ
831 3219 1316 3291 καταστρέφοντος.
1345 3216 1419 3269 Οὐ
1448 3220 1556 3284 νὶιπ
1587 3214 1701 3284 ἔχει
1727 3211 1790 3266 τὸ

1887 2673 1980 2739 tis,
2020 2691 2038 2724 ι
2065 2677 2250 2739 utpote
2283 2663 2521 2734 peccatis
2568 2658 2818 2731 plurimis
2845 2659 3167 2726 depravata,
3205 2672 3223 2705 ι
3260 2661 3317 2708 et
3365 2664 3460 2720 po-

1887 2766 2043 2835 pulus
2066 2775 2230 2830 super
2261 2771 2422 2828 quem
2451 2763 2716 2810 extensus
2765 2760 2849 2807 est
2883 2749 3146 2805 Dominus
3175 2759 3345 2813 usque
3405 2743 3459 2796 in

1886 2867 2166 2910 aeternum.
2211 2870 2230 2903 ι
2270 2848 2486 2902 Litterae
2521 2844 2684 2913 igitur
2712 2857 2927 2906 sensus,
2949 2850 3008 2895 ut
3027 2838 3284 2899 arbitror,
3327 2849 3461 2903 prte-

1887 2953 1972 2999 ter
1997 2945 2138 2998 hunc
2178 2940 2354 2996 nullus
2391 2945 2492 2993 est.
2546 2934 2701 2988 Libet
2761 2946 3057 3003 apponere.
3112 2929 3350 2985 carnalia
3406 2934 3461 2980 et

1889 3045 2102 3090 terrena
2131 3029 2481 3104 cogitantium
2506 3027 2784 3099 (terrenus
2818 3024 2985 3088 enim,
3014 3030 3074 3074 ut
3125 3019 3256 3082 dixi,
3304 3023 3464 3071 sonat

1889 3141 2084 3182 nomen
2115 3122 2405 3192 ldumazus)
2447 3121 2752 3185 Inereditas,
2789 3117 2895 3172 Deo
2926 3111 3462 3175 eubvertente,cadct

1891 3217 2126 3289 penitus.
2159 3214 2295 3269 Nam
2321 3229 2442 3284 qua:
2475 3213 2526 3267 in
2557 3213 2660 3266 hoc
2700 3209 2900 3264 mundo
2946 3204 3269 3268 actitantnr,
3290 3200 3458 3255 ﬁrmi.

205 3286 430 3376 ᾖεϐαιον
470 3311 538 3364 τὰ
584 3313 643 3365 ὲν
672 3310 809 3380 τῷδε
853 3309 930 3380 τῷ
973 3286 1163 3379 κόσμῳ
1195 3306 1466 3378 πρακτέα,
1495 3302 1620 3358 otiae
1681 3303 1789 3376 μὴν

1896 3286 2078 3364 tudine
2104 3313 2311 3371 carent,
2345 3318 2518 3375 neque
2547 3317 2701 3357 usum
2723 3301 2806 3356 sui
2838 3304 3155 3367 perpetuum
3199 3294 3463 3362 praebent,

203 3403 437 3474 διηνεκῆ
464 3402 561 3474 τὴν
593 3401 841 3473 μέθεξινο
879 3399 1215 3474 παριππεύει
1260 3398 1368 3468 γὰρ
1395 3398 1519 3460 τοὺς
1569 3395 1791 3467 ἔχοντας

207 3496 550 3566 πρόσκαιρος
577 3492 830 3565 εὐθυμία,
859 3494 953 3548 καὶ
986 3495 1044 3546 ὲν
1067 3493 1166 3562 ἴσῳ
1188 3490 1349 3552 σκιᾶς
1378 3489 1789 3560 μετατάττεται,

204 3586 244 3656 ἢ
278 3585 499 3655 θανάτῳ
529 3583 846 3646 σϐεσθέντος
873 3582 1036 3647 τινὸς,
1070 3583 1238 3653 ήγουν
1281 3579 1544 3651 ἀδοκήτου
1585 3597 1793 3650 συμφοο

217 3677 327 3746 ρᾶς
360 3674 830 3746 ἐπενηνεγμένης.

295 3765 440 3819 Ἀλλ’
467 3767 516 3819 εἰ
547 3764 646 3818 καί·
670 3783 754 3828 τις
789 3764 965 3818 ἕλοιτο
1003 3764 1111 3816 τῶν
1140 3762 1450 3834 Ἰδουμαίων
1477 3763 1568 3816 τὸν
1601 3762 1793 3816 ἑαυτοῦ

211 3859 422 3928 κλῆρον
458 3857 783 3928 οἰκοδομεῖν,
817 3856 852 3928 ῆ
888 3855 1116 3910 πλοῦτον
1162 3857 1433 3924 συλλέγων
1474 3855 1570 3908 τὸν
1598 3855 1656 3920 ἐξ
1683 3854 1796 3908 ἀδι-

211 3951 368 4015 κίας,
398 3950 432 4022 ἦ
471 3951 582 4013 τοῖς
620 3949 888 4012 διακένοις
923 3947 1189 4016 δοξαρίοις
1235 3947 1538 4018 ἐντρυφῶν,
1579 3945 1797 4018 ἠδυνα-

213 4042 434 4106 στεῑαις
459 4043 578 4106 ταῖς
597 4042 737 4095 κατὰ
756 4042 846 4094 τὸν
878 4039 988 4110 βίον
1013 4038 1403 4110 ἐναϐρύνεσθαι
1425 4039 1612 4100 θέλων,
1636 4038 1798 4091 αὑτὸν

212 4135 443 4205 εὑρήσει
486 4133 579 4186 τὸν
605 4131 711 4185 τῶν
739 4131 884 4185 ὅλων·
901 4130 1034 4184 Θεὸν
1071 4131 1353 4202 μονονουχὶ
1398 4132 1493 4184 καὶ
1535 4131 1798 4200 ἀνθεστη-

213 4228 359 4281 κότα
386 4225 480 4278 καὶ
515 4225 837 4293 μαχόμενον.
879 4223 969 4286 Ὠς
1011 4223 1122 4294 γὰρ
1161 4225 1190 4276 ὁ
1222 4223 1505 4286 θεσπέσιος
1557 4223 1797 4293 γέγραφε

216 4315 494 4388 μαθητὴς,
551 4334 568 4365 ι
599 4313 669 4367 El
709 4331 794 4377 τις
846 4313 990 4367 θέλει
1044 4310 1184 4368 εἶναι
1222 4314 1374 4383 φίλος
1425 4314 1519 4367 τοῦ
1569 4314 1796 4381 κόσμου,

212 4405 417 4477 ἐχθρὸς
453 4403 548 4457 τοῦ
577 4402 710 4457 Θεοῦ
741 4403 1082 4459 καθίσταται.
1117 4424 1148 4456 ι.
1168 4403 1335 4458 Οὔπω
1375 4403 1647 4456 παύσεται,
1672 4404 1798 4473 γὰρ,

214 4499 297 4562 ὡς
324 4497 487 4566 ἔφην,
516 4495 624 4549 τῶν
661 4495 730 4548 τὰ
759 4495 920 4564 γήϊνα
946 4499 1161 4566 φρονεῖν
1188 4497 1500 4566 ᾑρημένων,
1537 4495 1652 4547 ἀλλ’
1683 4495 1802 4547 οὐδὲ

216 4593 323 4660 τῆς
347 4589 483 4660 πρὸς
502 4587 697 4650 αὐτοὺς
725 4585 1018 4656 καταλήξει
1051 4587 1257 4658 μάχης.
1282 4590 1448 4641 Mtan
1473 4586 1579 4657 γὰρ
1607 4588 1693 4640 ἀεὶ
1713 4588 1804 4641 τδν

217 4681 527 4752 ἀλιτήριον,
556 4677 653 4732 καὶ
690 4676 1047 4746 ἁπόπεμπτον
1083 4681 1315 4732 ποιεῖται
1342 4679 1433 4732 τὸν
1465 4677 1804 4749 φιλαμαρτή-

223 4787 389 4842 μονα.

296 4861 413 4915 Kal
458 4862 510 4914 οἱ
559 4859 854 4930 ὀφθαλμοὶ
899 4859 1068 4929 ὑμῶν
1128 4858 1378 4926 ὄψονται
1412 4895 1428 4920 ,
1483 4855 1578 4909 καὶ
1639 4855 1806 4924 ὑμεῖς

216 4954 417 5024 ἐρεῖτε
439 4969 453 4983 ’
508 4953 908 5023 Ἑμεγαλύνθη
941 4955 1154 5021 Κύριος
1179 4949 1454 5019 ὑπεράνω
1483 4947 1600 5003 τῶν
1632 4949 1808 5018 ὁρίων

220 5045 336 5099 τοῦ
380 5043 646 5110 Ἰσραήλ.

301 5138 359 5203 (ἶ
362 5135 396 5189 ⁸.
439 5136 628 5194 Ὅταν,
661 5134 815 5204 φησὶ,
851 5136 948 5204 τὴν
991 5133 1101 5186 τῶν
1135 5134 1473 5204 πραγμάτων
1509 5130 1803 5202 κατωρθώ-

221 5245 366 5297 σητε
400 5227 580 5295 φύσιν,
603 5227 883 5296 μονονουχὶ
908 5226 964 5278 δὲ
991 5227 1084 5279 καὶ
1098 5225 1395 5295 ἀναμύοντι
1423 5223 1529 5295 τῷ⁴
1554 5223 1803 5294 κατίδητε

219 5318 424 5388 σαφῶς
475 5318 618 5388 ἅπερ
671 5317 810 5388 ἔφην
858 5318 1082 5386 ἀρτίως,
1121 5317 1243 5370 τότε
1277 5317 1341 5388 δὴ
1371 5315 1588 5380 πάντως
1631 5317 1806 5386 ἐρεῖτε

223 5409 765 5480 συγκατανεῦοντες,
805 5409 886 5460 ὅτι
934 5407 1244 5472 δεδόξασται
1315 5407 1410 5460 καὶ
1463 5405 1804 5478 ἑμεγαλὺνθη

225 5504 367 5566 Θεὸς
408 5503 467 5555 ἐν
497 5503 607 5565 τοῖς
637 5502 805 5572 ὁρίοις
836 5499 932 5552 τοῦ
972 5501 1206 5570 Ἰσραήλ.
1240 5500 1303 5553 0i
1351 5500 1448 5567 μὲν
1475 5499 1582 5570 γὰρ
1611 5497 1673 5562 ἐξ
1713 5499 1809 5551 Ἰα-

225 5595 352 5650 κὼὸ
399 5593 707 5662 γεγονότες,
756 5592 1032 5644 τουτέστιν
1071 5591 1332 5654 Ἰουδαῖοι,
1365 5587 1807 5660 προσκεκρουκό-

226 5704 347 5751 τξς,
378 5686 454 5750 ὡς
487 5684 644 5755 ἔφην,
679 5683 768 5736 διὰ
802 5682 1059 5751 πλείστην
1110 5681 1360 5736 ἀσέϐειαν
1406 5681 1600 5746 ἔξοικοί
1632 5698 1689 5733 τε
1722 5697 1809 5748 γε·

309 5864 355 5892 ¹¹⁰
383 5859 524 5917 Psal.
555 5875 681 5927 xxx,
715 5859 797 5916 16.
877 5859 914 5891 '“
951 5857 1066 5914 Jac.
1100 5871 1172 5924 tv,
1212 5857 1262 5911 4.

1891 3401 2146 3470 quoniam
2173 3406 2517 3469 temporarias
2555 3394 2738 3449 laatitia
2766 3389 3026 3461 praeterit,
3085 3387 3290 3442 umbra:
3315 3384 3468 3440 simi-

1891 3493 1978 3548 lis.
2001 3501 2094 3548 τοι
2110 3497 2285 3546 morte
2329 3504 2362 3544 e
2387 3489 2562 3544 medio
2589 3487 2810 3543 tollente
2865 3491 2960 3536 aut
3003 3477 3294 3548 improvisa
3322 3475 3469 3532 cala-

1893 3581 2085 3639 mitate
2106 3577 2519 3636 interveniente.

1965 3757 2071 3817 Sed
2098 3755 2202 3813 etsi
2227 3754 2352 3825 quis
2379 3753 2738 3808 Idumaeorum
2779 3747 2880 3802 sub
2922 3739 3332 3812 intelligentiam
3379 3750 3468 3790 ca-

1896 3850 2134 3905 dentium
2187 3846 2558 3902 hereditatem
2579 3856 2730 3898 suam
2758 3839 3028 3895 aediﬁcare
3052 3833 3282 3889 voluerit
3307 3872 3322 3895 ,
3377 3839 3473 3884 aut

1897 3939 2114 3995 divitias
2139 3936 2506 4006 exiniqnitate
2533 3944 2871 4002 congregans
2896 3969 2914 3995 ,
2975 3935 3070 3980 aut
3126 3925 3183 3979 in
3234 3921 3476 3992 gleriolis

1899 4030 2149 4088 inanibus
2176 4028 2400 4084 delicias
2435 4026 2536 4081 sibi
2573 4023 2935 4086 constituens,
2979 4028 3072 4070 aut
3116 4013 3353 4084 potentia
3417 4011 3472 4064 in

1897 4123 1999 4179 bac
2026 4122 2136 4175 vita
2161 4117 2339 4174 efferri
2373 4115 2585 4182 volens,
2629 4114 3004 4167 universorum
3081 4107 3246 4159 Deum
3298 4104 3474 4169 ipsum

1902 4221 2106 4268 tantum
2135 4225 2238 4264 non
2264 4205 2618 4262 obsistentetn
2643 4210 2940 4268 contraque
2964 4201 3287 4265 pugnantem
3320 4191 3468 4242 inve-

1903 4304 2030 4360 niet.
2060 4301 2194 4355 Nam
2221 4308 2278 4352 ut
2308 4296 2522 4351 divinus
2579 4291 2873 4361 discipulus
2914 4287 3174 4355 scriptum
3232 4279 3476 4349 reliquit,

1910 4418 1927 4447 ι
1960 4394 2060 4462 Qui
2091 4389 2322 4446 voluerit
2348 4400 2471 4441 esse
2512 4385 2720 4438 amicus
2743 4379 2923 4434 stecnli
2979 4377 3162 4446 bujus,
3221 4373 3476 4428 inimicus

1906 4487 1996 4540 Dci
2023 4464 2375 4539 constituitur
2399 4479 2500 4531 ⁸³.»
2532 4474 2778 4530 Nondum
2811 4469 2955 4524 enim
2989 4469 3309 4537 quiescet,ut
3340 4462 3476 4527 dixi,

1906 4577 2078 4632 abhis
2109 4573 2201 4644 qui
2232 4581 2440 4627 terrena
2469 4567 2704 4634 sapiunt,
2745 4578 2843 4615 nec
2901 4560 2967 4613 iis
2999 4556 3274 4612 adversari
3331 4552 3476 4608 desi-

1904 4678 2030 4727 stet.
2055 4668 2282 4735 Semper
2311 4663 2455 4716 enitn
2483 4658 2804 4728 ﬂagitiosum
2822 4651 2959 4715 odit,
2991 4658 3046 4705 ct
3079 4647 3326 4717 cupidius
3351 4659 3475 4714 pec-

1905 4768 2116 4816 cantem
2158 4751 2354 4820 rejicit.

1976 4849 2144 4902 Vens.
2197 4843 2251 4898 5.
2332 4840 2397 4894 Et
2454 4837 2594 4892 oculi
2663 4833 2817 4889 vestri
2855 4830 3122 4892 ridebunt,
3174 4834 3225 4880 et
3255 4840 3347 4878 vos
3394 4823 3481 4875 αἱ»

1904 4939 2028 4993 cetis
2058 4952 2076 4990 :
2107 4932 2481 5004 Magni/ionius
2505 4937 2578 4982 est
2608 4924 2861 4980 Dominus

1907 5029 2038 5085 ruel.

1993 5121 2074 5178 VI.
2114 5116 2364 5188 Quando,
2406 5111 2600 5182 inquit,
2664 5123 2775 5164 rem
2835 5121 2933 5176 pro
2981 5113 3174 5160 natura
3205 5115 3299 5156 sua
3334 5104 3481 5152 recte

1913 5211 2296 5288 przcstiteritis,
2313 5216 2368 5262 et
2397 5214 2603 5262 tantum
2628 5218 2733 5257 non
2770 5197 2973 5270 apertis
3026 5194 3188 5250 animi
3212 5189 3379 5246 oculis
3403 5188 3480 5240 vi-
3549 5241 3553 5248 ,

1914 5283 2102 5363 deritis
2134 5301 2551 5373 perspicuequ
2584 5293 2744 5350 modo
2767 5291 2898 5356 dixi,
2950 5298 3076 5343 tunc
3125 5283 3347 5339 omnino
3385 5294 3480 5330 an-
3588 5337 3598 5341 _

1916 5370 2181 5459 nitentes,
2210 5391 2564 5465 gloriﬁcatum
2588 5395 2641 5441 et
2672 5383 3074 5452 magniﬁcatum
3093 5389 3210 5429 esse
3241 5371 3404 5424 Deum
3426 5370 3480 5422 in

1915 5458 2299 5545 fluibuslsrael
2369 5479 2688 5536 fatebimini.
2733 5473 2808 5528 Ex
2839 5471 3006 5526 Jacob
3037 5466 3180 5520 enim
3218 5458 3482 5532 prosemi-

1917 5584 2051 5648 nati,
2081 5577 2245 5635 ,ιιιᾶωί
2277 5583 2628 5642 nempe,cum
2657 5565 2824 5620 Deum
2858 5557 3228 5617 ollendissent,
3259 5559 3320 5606 ut
3341 5547 3484 5617 dixi,

1919 5643 2179 5737 extorres,
2201 5676 2253 5725 et
2276 5662 2492 5736 captivi,
2512 5670 2563 5715 et
2597 5653 2829 5712 inimicis
2858 5643 3237 5720 cxpugnabilcs
3265 5648 3484 5713 propter

2914 4937 3070 4989 super
3115 4916 3363 4972 terminos
3395 4926 3479 4966 ιι·
3575 4955 3583 4965 .
