4070 6510
680 443 786 498 287
1713 442 1769 498 S.
1814 440 2088 499 CYRILLI
2128 439 2599 497 ALEXANDBINI
2639 441 2959 498 ARCHIEP.
3809 457 3884 515 εδδ

680 571 948 612 summam
974 543 1305 625 impietatem
1327 553 1454 608 lacti
1495 558 1784 613 sunt.'b'bi
1840 575 1970 614 vero
2019 558 2287 615 miseriis.

2285 560 2330 616 Α
2355 559 2599 626 γόνασιν,
2633 559 2728 613 καὶ
2757 559 3115 630 αἰχμάλωτοι,
3146 560 3239 614 καὶ
3268 560 3539 632 ἀλώσιμοι
3573 565 3677 628 τοῖς
3705 569 3881 640 εχθροῖς,

678 649 967 712 exercitos,
990 655 1045 703 et
1073 661 1170 716 pro
1201 647 1463 715 dignitate
1503 650 1720 717 punitos
1775 653 1914 706 Deus
1968 652 2257 706 miseratus

2373 651 2589 723 Ἐπειδὴ
2616 654 2673 707 δὲ
2703 655 3057 724 πεπραχότας
3085 654 3303 720 ἀθλίως,
3335 657 3434 710 καὶ
3470 658 3805 729 ἀποχρώντως
3827 685 3885 721 κε.

679 748 784 804 est,
818 738 1114 803 redierunt,
1149 749 1208 792 et-
1249 755 1335 793 res
1387 756 1578 795 eorum
1627 742 1692 816 in.
1735 742 1950 805 melius,
1991 751 2154 812 atque
2203 743 2256 796 in

2361 745 2750 816 κολασμένους,
2788 747 3126 818 κατηλέησεν
3154 749 3182 800 ὁ
3211 749 3366 813 Θεὸς,
3411 751 3812 824 ἀνεκομίσθησαν
3832 765 3884 825 εἷς

678 833 959 900 antiquum
989 839 1186 884 statum
1226 831 1493 886 reatituta:
1509 841 1654 887 sunt.
1693 833 1859 903 823
1922 833 1988 887 Et
2032 834 2258 912 benefa-

2360 834 2420 888 τδ
2467 835 2562 890 ἀπ’
2593 835 2791 907 ἀρχῆς,
2824 835 3225 904 ἀνενεγκόντων
3280 839 3467 902 αὐτοῖς
3506 842 3596 893 ἐπὶ
3639 843 3694 894 τὸ
3721 846 3883 915 ἄμεινον

677 927 826 972 ctum
851 919 1105 987 deinceps
1129 919 1532 987 regioni,urbes
1563 920 1628 975 de
1657 920 1866 990 integro
1889 908 2255 990 incoluerunt,

2359 925 2468 979 τῶν
2503 927 2876 996 πραγμάτων,
2898 929 3007 982 Καῖ
3045 928 3233 997 γέγονε
3274 931 3375 1000 μὲν
3401 933 3459 984 ἐν
3489 933 3736 1007 εὐπαθείᾳ
3754 908 3786 1008 ’ἡ
3812 943 3883 1009 χὼ.

681 1014 948 1082 templum-
1009 1013 1387 1078 condiderunt,
1473 1011 1904 1082 Hierosolymam
1986 1015 2260 1073 moenibus

2361 1033 2452 1088 ρα,
2475 1019 2834 1088 κατῳκήκασι
2866 1019 2924 1072 δὲ
2953 1019 3053 1081 τὰς
3086 1021 3290 1085 πόλεις,
3314 1022 3666 1092 ἀνεδείμαντο
3686 1028 3762 1079 τὸν
3782 1034 3882 1100 ναὸν,

678 1123 794 1162 com
805 1107 1138 1171 munierunt,
1161 1113 1216 1159 et
1240 1121 1360 1174 quae
1384 1106 1558 1176 magis
1581 1108 2038 1176 optabant,quam
2068 1123 2260 1178 spera-

2357 1110 2703 1180 ἁνετείχισαν
2729 1111 2830 1182 τὴν
2868 1110 3245 1185 Ἰερουσαλὴμ,
3289 1115 3387 1168 καὶ
3415 1118 3666 1184 γεγόνασι
3699 1123 3826 1176 πάλιν

681 1197 830 1257 bant.
861 1197 926 1250 iis
955 1196 1138 1250 denuo
1162 1204 1288 1249 sunt
1313 1195 1581 1264 perl'ruiti.
1600 1197 1833 1251 lilumara
1862 1206 2044 1252 autem
2075 1209 2136 1254 ut
2163 1215 2261 1254 va-

2359 1202 2470 1264 τοῖς
2497 1203 2628 1271 παρ’
2660 1201 2855 1256 ἐλπίδα
2907 1205 2998 1257 καὶ
3031 1204 3154 1258 κατ’
3194 1205 3386 1276 εὐχήν.
3405 1205 3476 1259 Ἦ
3497 1208 3555 1260 δέ
3581 1226 3640 1277 γε
3663 1212 3881 1266 τῶνἸδον·

679 1297 818 1340 stata
883 1296 993 1350 est,
1039 1287 1112 1340 ita
1157 1287 1476 1354 permansit,
1514 1302 1615 1342 nec
1654 1289 1720 1343 ad
1738 1289 2104 1346 conditionem
2138 1291 2263 1347 feli-

2361 1293 2537 1363 μαίων
2580 1295 2868 1366 ἠρήμωται
2921 1295 3094 1367 χώρα,
3129 1297 3225 1350 καὶ
3278 1297 3591 1368 μεμένηκεν
3635 1303 3689 1352 ἐν
3727 1310 3881 1369 κακοῐς,

677 1378 877 1432 ciorcm
911 1387 1090 1432 erecta
1124 1385 1227 1430 est.
1248 1377 1434 1446 itaque
1485 1377 1832 1449 glorifrcattts
1868 1387 1954 1435 cst
2005 1381 2148 1437 Deus
2197 1383 2260 1438 in

2357 1387 2459 1440 οὐκ
2483 1387 2845 1456 ἀνασφήλασα
2878 1404 2946 1439 πε
2956 1389 3009 1458 pl.
3029 1388 3090 1440 τὺ
3123 1388 3370 1458 ἄμεινον.
3396 1389 3609 1444 Οὐκοῦν
3635 1391 3880 1457 δεδόξαςται

681 1481 727 1522 le
737 1471 924 1522 rmiuis
955 1468 1149 1524 Israel.

2358 1478 2493 1543 Θεὸς
2515 1481 2573 1532 ἔν
2597 1483 2711 1542 τοῖς
2740 1479 2910 1548 ὁρίοις
2953 1479 3199 1549 Ἰσραήλ.

735 1559 1024 1614 Sciendum
1045 1559 1409 1628 porro,etiam
1433 1560 1729 1615 secundum
1765 1562 2270 1620 reconditissimuur

2442 1572 2638 1625 ’ἰστέον
2671 1572 2749 1638 δὲ,
2786 1572 2880 1624 ὃτιο
2901 1573 2995 1624 καὶ
3040 1570 3180 1624 κατὰ
3229 1571 3322 1624 τὸν
3368 1571 3637 1626 ὲσώτατον
3663 1575 3785 1639 νοῦν,
3810 1582 3881 1634 κᾶν

674 1663 926 1715 sensum,
943 1651 1192 1717 quamvis
1221 1651 1442 1720 quidam
1470 1652 1640 1707 Deum
1679 1663 2032 1724 agnoscentes
2079 1655 2256 1725 ipsum

2360 1662 2421 1716 εἴ
2460 1664 2519 1716 ὲν
2558 1663 2924 1735 προσκρούσει
2965 1663 3202 1730 γένοιντό
3231 1681 3382 1726 τινες
3412 1664 3522 1716 τῶν
3552 1665 3748 1721 εἰδότων
3769 1669 3878 1737 Θεὸν,

673 1738 1015 1805 υίῐειιόετίιιι,
1044 1755 1108 1794 ac
1151 1749 1374 1812 propter
1418 1753 1703 1814 peccatum
1746 1760 1937 1815 pennas
1987 1747 2266 1816 dederint,

2361 1755 2466 1810 κᾶν
2497 1756 2544 1808 εί
2573 1755 2913 1810 παιδεύόιντο
2959 1755 3043 1808 δι”
3061 1755 3358 1825 ἁμαρτίαν,
3405 1755 3520 1810 am:
3553 1753 3642 1811 οῦν
3681 1760 3766 1812 οὐκ
3805 1764 3880 1814 ela-

678 1841 865 1886 tamen:
885 1848 990 1889 non
1006 1833 1249 1889 funditus
1271 1835 1577 1904 perituros;
1611 1852 1735 1892 nam
1768 1837 1933 1906 Deus,
1968 1839 2056 1895 ubi
2081 1856 2257 1910 quau-

2285 1906 2340 1921 __
2363 1845 2510 1901 ἁπαν
2543 1848 2739 1911 αὐτοὺς
2768 1845 3066 1900 ἀπολέσθαι
3111 1846 3406 1918 συμϐαίνει
3432 1865 3445 1877 ·
3495 1852 3821 1921 κατοικτείρει
3841 1853 3877 1905 δὲ

677 1932 788 1976 tum
817 1924 951 1980 satis
968 1933 1054 1979 est
1085 1925 1252 1981 in‘eos
1280 1927 1748 1990 animadverterit.
1782 1906 2253 1996 miseretur.—et-'ad

2285 1906 2488 2000 Each;
2520 1936 2817 2000 παιδεύσας
2845 1936 3178 2007 ἀρκούντως,
3205 1938 3301 1992 καὶ
3329 1937 3651 2009 ἀνακομίζει
3678 1941 3810 1993 πάλιν
3827 1944 3881 2005 εἰς

675 2031 990 2086 prOSperum
1026 2027 1225 2072 statum
1265 2033 1360 2076 eos
1423 2021 1651 2076 reducit.
1720 2020 2016 2078 Terrenum
2071 2036 2252 2081 autem

2355 2028 2640 2100 εὐθυμίαν;
2673 2028 2798 2092 Τοῖς
2843 2027 2902 2080 δέ
2937 2045 3001 2096 γε
3046 2027 3106 2081 τὸ
3145 2030 3332 2100 γήῖνον
3371 2030 3628 2098 ἀγαπῶσι
3667 2032 3878 2102 φρόνημα,

676 2107 933 2163 atl'ectum
977 2108 1352 2179 diligentibus,
1403 2120 1458 2168 et
1499 2112 1567 2167 ad
1615 2113 1737 2169 sola
1779 2129 1900 2185 quae
1924 2118 2103 2172 carnis
2128 2126 2254 2172 sunt

2355 2119 2448 2172 ml.
2473 2121 2554 2182 είς
2586 2117 2722 2189 μόνα
2763 2117 3112 2188 βλέπουσιτά
3143 2120 3368 2190 σαρκὸς,
3400 2120 3631 2191 μάχεται
3657 2122 3876 2192 διηνεκῶς,

675 2197 1111 2267 respicientibus,
1137 2199 1462 2256 adversatur
1483 2215 1716 2272 semper,
1752 2213 1812 2259 es
1837 2205 1932 2258 ine
1961 2221 2073 2262 suae
2092 2222 2255 2277 super

2353 2209 2449 2263 καὶ
2497 2209 2595 2279 τῆς
2639 2209 2727 2261 ἐπ’
2755 2209 2939 2271 αὐτοῖς
2976 2209 3147 2280 ὀργῆς
3196 2214 3502 2281 παρατενεί
3544 2213 3664 2273 τοὺς
3690 2213 3876 2282 χρόνους.

674 2289 795 2345 illos
829 2299 1040 2358 tempus
1062 2290 1355 2360 producit:
1394 2309 1416 2344 ι
1450 2291 1804 2349 Vocabuntur
1853 2297 2025 2363 enim,
2053 2297 2250 2368 inquit,

2361 2317 2380 2350 ‹
2413 2298 2762 2370 κληθήσεται
2799 2299 2931 2371 γὰρ,
2962 2301 3150 2371 φησὶν,
3182 2301 3369 2364 αὐτοῖς
3402 2302 3527 2372 ὅρια
3575 2302 3791 2371 ἀνομίας,
3815 2305 3877 2356 καὶ

673 2380 776 2436 illis
805 2380 1020 2436 termini
1046 2381 1366 2451 impietatis,
1397 2392 1454 2439 et
1490 2384 1726 2455 populus
1761 2400 1926 2456 super
1961 2402 2122 2457 quem
2152 2405 2253 2445 ex.-

2152 2405 2253 2445 εκμ-
2353 2392 2482 2457 λαὺς
2510 2394 2598 2462 ἐφ’
2635 2392 2694 2446 ὅν
2725 2393 3106 2464 παρατέταται
3126 2392 3330 2465 Κύριος
3359 2393 3469 2456 ἕως
3494 2393 3696 2454 αἰῶνος.
3738 2411 3753 2444 ι

673 2482 856 2529 tensus
884 2481 967 2528 est
997 2473 1260 2529 Dominus
1289 2475 1344 2530 in
1367 2485 1657 2530 aeternum.
1695 2493 1723 2529 ν

740 2563 908 2620 Vens.
939 2564 993 2619 6.
1015 2561 1192 2620 Filius
1215 2565 1483 2638 gloriﬁcat
1509 2576 1735 2636 patrem,
1779 2577 1828 2623 et
1853 2586 2032 2624 servus
2083 2571 2256 2625 domi-

2431 2565 2567 2631 mc
2611 2563 2842 2628 δοξάζει
2877 2565 3124 2634 πατέρα,
3163 2567 3264 2619 καὶ
3314 2565 3544 2631 δοῦλος
3594 2567 3692 2620 τὸν
3725 2569 3877 2635 κύριον

668 2673 794 2714 num
829 2675 1003 2713 suum.
1036 2657 1102 2713 Et
1132 2659 1181 2713 si
1207 2667 1357 2729 pater
1389 2674 1504 2712 sum
1528 2673 1642 2727 ego,
1664 2657 1753 2710 ubi
1785 2669 1860 2713 est
1903 2661 2073 2729 gloria
2099 2665 2254 2716 mea?

2353 2656 2561 2710 αὑτοῦ.
2593 2655 2702 2709 Καὶ
2734 2658 2784 2709 ει
2810 2656 3007 2724 πατήρ
3044 2659 3162 2726 ειμι
3193 2657 3333 2725 ἐγὼ,
3369 2657 3491 2711 θεοῦ
3531 2659 3691 2712 ἐστιν
3715 2661 3744 2726 ἡ
3769 2661 3874 2724 δόξα

669 2757 720 2802 ει
756 2750 802 2802 si
822 2749 1068 2803 dominus
1105 2766 1222 2804 sum
1259 2765 1375 2819 ego,
1411 2747 1499 2802 ubi
1521 2755 1598 2802 est
1672 2749 1831 2804 timor
1885 2753 2073 2804 uteris?
2126 2753 2252 2806 dicit

2349 2765 2507 2816 .uov;
2545 2747 2643 2801 καὶ
2675 2749 2727 2800 εὶ
2757 2749 2964 2815 κύριός
3004 2751 3120 2817 ειμι
3162 2749 3297 2817 ἐγὼ,
3337 2750 3456 2803 ποῦ
3503 2749 3665 2803 ἐστιν
3690 2756 3718 2805 c'
3742 2756 3876 2819 φάεος

672 2837 931 2892 Dominus
949 2841 1295 2910 omnipotens.

2356 2857 2474 2907 μου
2498 2853 2518 2900 ;
2546 2837 2716 2908 λέγει
2741 2840 2957 2906 Κύριος
2993 2841 3443 2909 παντοκράτωρ.

739 2930 852 2984 VII.
879 2930 1131 2986 Limitem
1160 2931 1388 2988 rationis
1417 2946 1670 3003 egressos
1706 2935 2103 3004 contempsisse
2134 2952 2256 3005 quae

2425 2928 2498 2980 Z'.
2544 2929 2688 2994 Ἐξω
2735 2928 2832 2981 τοῦ
2875 2927 3207 2998 καθήκοντος
3265 2930 3446 2995 ἰόντας
3492 2931 3666 2998 λόγου,
3706 2933 3783 2984 καὶ
3823 2927 3874 2986 ὧν

673 3021 897 3077 minime
922 3023 1225 3094 oportebat,
1250 3024 1492 3080 ostendit
1513 3025 1732 3095 ubique.
1765 3026 1930 3097 Frugi
1953 3028 2103 3082 enim
2130 3030 2255 3083 tiliis

2353 3020 2552 3090 ἥκιστα
2575 3019 2714 3090 χρῆν
2734 3019 2974 3089 ἀφειδεῖν
2993 3019 3326 3090 ᾑρημένους,
3357 3021 3640 3088 ἀποξαίνει
3666 3022 3873 3091 πανταχῆ.

673 3114 1052 3181 conveniebat,
1087 3124 1143 3170 et
1170 3116 1390 3186 quidem
1411 3117 1538 3186 jure
1566 3119 1857 3174 admodum
1881 3135 1946 3174 ac
1967 3121 2255 3188 merito,ut

2355 3111 2480 3174 Τοῖς
2515 3110 2614 3181 μὲν
2651 3115 2761 3182 γὰρ
2805 3109 3075 3164 ἐπιεικέσι
3129 3111 3238 3163 τῶν
3293 3111 3430 3163 υἱῶν
3481 3113 3668 3183 πρέποι
3712 3114 3783 3175 ἂν,
3811 3115 3873 3164 καὶ

673 3205 839 3272 patris
861 3206 941 3261 sui
961 3205 1186 3276 gloriam
1201 3209 1594 3275 procurandum
1611 3211 1756 3266 serio
1774 3214 2134 3283 susciperent,
2149 3231 2254 3282 quo

2281 3253 2322 3311 ε
2359 3200 2503 3270 μάλα
2536 3201 2781 3265 εἰκότως,
2815 3199 2879 3253 τὸ
2906 3201 3318 3271 μεταποιεῖσθαι
3354 3203 3561 3273 σφόδρα
3587 3205 3679 3273 τῆς
3705 3205 3780 3256 τοῦ
3807 3204 3873 3272 φύ-

675 3295 958 3368 itajnclyti
987 3299 1156 3368 patris
1182 3297 1275 3353 lilii
1299 3309 1646 3354 vocarentur.
1675 3300 1792 3357 .lam
1825 3304 1868 3356 si
1895 3305 2020 3374 quis
2051 3306 2246 3374 tidelis,

2282 3292 2322 3311 ν
2358 3309 2550 3356 σαντος
2587 3292 2769 3362 δόξης,
2807 3292 2894 3344 ἵνα
2939 3293 3035 3344 καὶ
3080 3292 3472 3346 εὐκλεεστάτου
3511 3294 3697 3364 πατρὸς
3729 3295 3873 3364 ὄνομά·

674 3402 768 3441 seu
798 3402 1087 3455 germanus
1115 3388 1188 3443 sit
1221 3389 1493 3457 minister,
1521 3393 1689 3448 etiam
1745 3396 2023 3451 dominum
2091 3413 2247 3455 suum

2357 3384 2555 3448 ζωνται
2598 3385 2785 3438 τέκνα.
2818 3385 2880 3437 Et
2922 3384 2977 3436 δὲ
3008 3383 3071 3454 δή
3101 3397 3186 3446 τις
3214 3384 3298 3454 εἴη
3335 3384 3434 3438 καὶ
3463 3385 3669 3454 οἰκέτης
3690 3387 3870 3456 γνήσιος,

671 3479 938 3534 celebrem
957 3479 1093 3545 ﬁeri,
1127 3491 1182 3535 et
1219 3496 1326 3536 non
1357 3483 1672 3552 obscurum,
1712 3496 1768 3542 et
1825 3488 1973 3543 velut
2026 3492 2250 3560 pedibus

2356 3476 2631 3549 περιφανῆ
2659 3493 2763 3530 που
2815 3476 3033 3540 πάντως
3065 3477 3160 3529 καὶ
3202 3476 3600 3546 διαϐόητονιτὸν
3625 3479 3790 3530 οἰκεῖον
3811 3477 3871 3528 εῦ-

674 3571 961 3636 protritum
995 3585 1239 3637 manere,
1269 3587 1596 3643 magnopere
1617 3577 1843 3645 optabit.
1876 3577 2009 3633 Nam
2039 3581 2118 3634 sic
2137 3581 2254 3650 ipse

2358 3575 2506 3642 ξεται
2531 3574 2782 3643 γενέσθαι
2815 3575 3102 3646 δεσπότην,
3137 3576 3237 3629 οὐκ
3286 3575 3502 3647 ἄσημον
3551 3571 3680 3628 εἶναι
3706 3573 3781 3625 καὶ
3806 3587 3873 3622 πε-

672 3677 890 3731 quoque
912 3672 1118 3733 partem
1141 3662 1579 3735 felici:atis,qu:c
1612 3668 1664 3722 in
1721 3669 1806 3724 liis
1857 3679 1961 3735 est,
1996 3672 2151 3739 feret,
2196 3683 2251 3728 ct

2359 3667 2690 3738 πατημένον.
2724 3667 2954 3732 Μεθέξει
2993 3667 3101 3738 γὰρ
3130 3668 3272 3721 οὕτω
3324 3669 3420 3722 καὶ
3458 3667 3615 3730 αὐτὸς
3646 3666 3733 3736 τῆς
3760 3664 3802 3715 ἐν
3829 3678 3870 3728 γε

674 3755 817 3821 quod
866 3754 968 3810 sibi
1021 3767 1344 3813 ornamento
1375 3759 1449 3813 sit
1480 3757 1663 3825 faciet,
1695 3769 1750 3816 et
1769 3775 1889 3817 eam
1911 3778 2136 3820 summae
2158 3781 2252 3821 vo-

2358 3758 2566 3822 τούτοις
2590 3757 2914 3830 εὐημερίας,
2938 3760 3034 3812 καὶ
3055 3758 3316 3828 καύχημα
3341 3760 3403 3812 τὸ
3426 3760 3608 3830 χρῆμα
3631 3757 3869 3824 ποιήσεται,

677 3847 897 3916 luptatis
918 3848 1261 3904 occasionem
1311 3851 1413 3906 sibi
1449 3851 1630 3907 ducet.
1693 3852 1798 3908 Vos
1824 3865 2026 3918 autem,
2058 3856 2248 3925 inquit,

2359 3851 2454 3905 καὶ
2515 3850 2783 3922 θυμηδίας
2839 3852 2940 3922 τῆς
2999 3852 3282 3921 ἀνωτάτης
3339 3851 3598 3919 λογιεῖται
3642 3847 3868 3918 πρόφασιν.

673 3954 796 3992 cum
821 3953 905 3993 me
928 3949 986 3994 ut
1037 3948 1246 4009 patrem
1303 3942 1601 4008 honorare,
1654 3953 1818 4014 atque
1865 3955 1924 4000 ut
1968 3947 2248 4003 dominum

2370 3937 2560 4006 Ὑμεῖς
2585 3937 2662 3999 δὲ,
2694 3938 2880 4008 φησὶν,
2904 3938 2981 4001 ὡς
3011 3938 3226 4008 πατέρα
3255 3955 3321 4008 με
3344 3939 3582 4003 δοξάζειν
3611 3935 3869 4005 ὀφείλοντες.

675 4028 867 4083 timere
896 4027 1188 4096 deberetis,
1216 4029 1270 4083 in
1299 4029 1565 4086 ambobus
1580 4044 1686 4084 non
1715 4046 1904 4101 parum
1959 4035 2027 4090 ab
2060 4034 2147 4089 om
2161 4036 2252 4091 cio

2359 4029 2586 4082 δεδιέναι
2635 4029 2692 4082 δὲ
2744 4031 2839 4083 καὶ
2890 4030 2965 4092 ὡς
3008 4029 3298 4097 δεσπότην,
3333 4031 3457 4084 κατ’
3488 4030 3646 4100 ἄμφω
3669 4025 3750 4080 τοῦ
3773 4024 3868 4094 πρέ-

675 4119 996 4186 descivistis,
1023 4129 1077 4176 et
1108 4120 1460 4177 inveniemini
1515 4137 1615 4177 nec
1673 4133 1732 4177 ut
1768 4125 1906 4194 patri
1965 4127 2248 4195 honorem,

2361 4135 2552 4181 ποντος
2583 4119 2644 4170 οὐ
2675 4118 2909 4188 μετρίως
2932 4118 3347 4190 διημαρτήκατε
3371 4135 3383 4148 ·
3417 4117 3676 4173 ἁλώσεσθε
3699 4115 3744 4167 δὲ
3772 4115 3868 4182 μήτε

671 4198 869 4266 τιθούι
897 4211 1118 4267 domino
1152 4213 1401 4269 timorem
1433 4212 1828 4283 impertientes.
1865 4215 1966 4273 Ubi
1999 4219 2144 4274 enim
2167 4229 2253 4275 est

2359 4210 2437 4274 ὡς
2459 4211 2628 4280 πατρὶ
2656 4211 2753 4282 τὴν
2781 4211 2960 4278 δόξαν,
2998 4213 3135 4282 μήτε
3161 4211 3269 4280 μὴν
3292 4211 3368 4274 ὡς
3397 4211 3620 4280 δεσπότῃ
3645 4207 3724 4260 τὸν
3752 4202 3868 4274 φόὸιον

675 4305 850 4356 honor
879 4302 1073 4358 meus?
1103 4303 1191 4360 ubi
1222 4304 1407 4372 timor,
1439 4303 1485 4359 si
1518 4304 1650 4359 nihil
1672 4305 1740 4359 ad
1798 4307 2027 4378 gloriam
2074 4326 2250 4366 meam

2359 4301 2710 4362 ἀνάπτοντες.
2741 4301 2852 4353 Πυῦ
2881 4301 2990 4371 γὰρ
3023 4301 3055 4371 ἡ
3082 4299 3210 4364 δόξα
3241 4317 3344 4370 μου
3371 4315 3384 4364 ;
3415 4299 3515 4353 ποῦ
3542 4299 3594 4352 δὲ
3622 4301 3648 4351 ό
3675 4290 3869 4364 φόῢοςνεί

676 4392 952 4458 pertinens
973 4394 1153 4450 facere
1185 4396 1487 4459 sustinetis,
1511 4411 1687 4464 neque
1709 4412 1928 4468 pmuam
1962 4417 1990 4455 a
2029 4401 2250 4458 domino

2363 4390 2528 4460 μηδὲν
2576 4390 2685 4442 τῶν
2727 4391 2808 4452 εἰς
2861 4389 3015 4455 δόξαν
3061 4389 3310 4460 ὁρώντων
3359 4391 3458 4460 τὴν
3506 4389 3636 4459 ἐμὴν
3672 4379 3867 4453 ἀνέχεσθε

678 4493 1004 4550 metuentes,
1035 4484 1151 4553 eius
1172 4485 1328 4555 iussa
1352 4493 1673 4561 capessitis?
1731 4490 2041 4548 Istiusmodi
2091 4495 2251 4565 quip-

2359 4481 2513 4553 δρᾷν,
2541 4483 2677 4553 μήτε
2711 4483 2816 4553 μὴν
2843 4482 2906 4534 τὸ
2924 4482 3527 4545 κολάζεσθαιδεδιότες,
3545 4483 3648 4542 τοῖς
3668 4473 3867 4571 δεσπόται

677 4576 821 4643 piam
853 4590 952 4646 per
983 4576 1178 4634 Isaiam
1217 4595 1435 4651 quoque
1475 4583 1647 4640 dicit:
1692 4603 1711 4638 ι
1770 4584 2174 4652 Audi,cmlum,
2197 4594 2254 4640 et

2286 4611 2330 4666 Β
2359 4574 2536 4627 εἴκετε
2593 4573 2814 4642 νόμοις;
2871 4573 3015 4643 Ἔφη
3075 4591 3128 4627 τι
3184 4573 3426 4627 τοιοῦτον
3473 4575 3562 4626 καὶ
3613 4569 3690 4623 διὰ
3735 4569 3867 4634 φωνῆς

677 4667 900 4723 auribus
920 4669 1153 4738 percipe,
1205 4681 1367 4739 terra,
1405 4675 1530 4744 quia
1574 4676 1831 4732 Dominus
1886 4676 2098 4731 locutus
2124 4685 2252 4731 est:

2287 4661 2319 4666 ⁷
2372 4664 2628 4718 Ἡσαΐουο
2668 4665 2921 4726 «Ἄκουε,
2953 4665 3169 4733 οὐρανὲ,
3207 4664 3301 4716 καὶ
3338 4661 3656 4728 ἐνωτίζου,ή
3699 4661 3774 4724 γῆ.

677 4757 843 4814 Filios
894 4761 1053 4830 genui
1105 4770 1160 4816 et
1226 4739 1482 4830 exaltari,
1538 4767 1639 4836 ipsi
1692 4779 1872 4823 autem
1929 4776 2255 4837 spreverunt

2360 4754 2566 4824 Κύριος
2585 4754 2875 4823 ἐλάλησενο
2899 4755 3062 4819 Υίοὺς
3087 4755 3373 4824 ἐγέννησα,
3408 4755 3499 4808 καὶ
3529 4753 3700 4820 ὓψωσα
3716 4765 3728 4777 ο
3755 4739 3867 4837 αὐτοί

679 4849 847 4903 me”.
877 4869 896 4901 ι
933 4849 1232 4916 Quaerenda
1259 4852 1422 4921 igitur
1442 4869 1471 4908 a
1496 4834 1670 4920 nobis,
1697 4871 1815 4924 quae
1838 4856 1953 4910 Deo
2002 4868 2129 4912 sunt
2159 4857 2254 4913 ho-

2358 4848 2415 4901 δέ
2443 4865 2511 4918 με
2541 4847 2835 4917 ἠθέτησαν.
2861 4866 2878 4897 ι
2908 4847 3029 4917 Χρὴ
3055 4847 3234 4900 τοίνυν
3269 4849 3416 4916 ἡμᾶς
3438 4847 3501 4898 τά
3527 4845 3599 4906 είς
3623 4834 3865 4924 δόξαννΘεω

580 4951 588 4959 ·
679 4941 924 5006 noritica,
986 4951 1042 4996 et
1085 4943 1152 4998 ad
1221 4958 1384 5014 opera
1437 4957 1625 5004 sancta
1652 4948 2095 5014 incumbentium,
2129 4966 2187 5004 cu

2361 4940 2563 5010 ζητεῖν,
2599 4939 2691 4992 καὶ
2743 4939 2850 5009 μὴν
2898 4940 2993 4991 καὶ
3038 4937 3354 5002 ἐπείγεσθαι
3405 4931 3700 5003 κατορθοῦν,
3726 4923 3775 4976 τί)
3801 4933 3865 5024 τέ’

679 5033 917 5088 sciamus
952 5035 1212 5105 scriptum
1245 5052 1398 5092 esse:
1439 5059 1458 5092 ι
1497 5039 1634 5095 Vivo
1663 5055 1784 5110 ego,
1809 5041 1942 5095 dicit
1968 5041 2249 5110 Dominus,

2359 5032 2680 5102 γραμμένον
2709 5030 2948 5093 εἰδότας·
2987 5049 3005 5080 ε
3031 5030 3117 5082 Ζῶ
3146 5029 3275 5096 ἐγὼ,
3303 5030 3450 5098 λέγει
3474 5020 3759 5095 Κύριος,ὄτι

677 5123 804 5193 quia
834 5103 1196 5195 gloriﬁcantes
1225 5144 1310 5184 me
1334 5130 1668 5200 gloriticabo,
1697 5103 1866 5203 “82$.
1886 5140 1940 5186 et
1963 5131 2052 5202 qui
2117 5103 2250 5188 con;

2357 5125 2680 5193 δοξάζοντὰς
2704 5141 2771 5194 με
2798 5123 3027 5187 δοξάσω,
3058 5123 3152 5175 καὶ
3177 5125 3204 5175 ὁ
3229 5123 3522 5188 ὲξουθενων
3550 5133 3631 5187 με,
3652 5103 3865 5212 ἀτιμωθῇ·

683 5219 997 5284 temnitme,
1024 5195 1401 5277 contemnetur
1433 5223 1500 5278 ⁵³.
1533 5241 1552 5275 ι
1595 5223 1996 5279 Gloriﬁcabitur
2019 5236 2250 5281 autem:

2361 5237 2535 5272 σεται.
2567 5238 2584 5268 ι
2622 5217 2914 5281 Δοξόισεται
2944 5216 3001 5268 δὲ
3027 5214 3162 5282 πρὸς
3187 5215 3345 5284 ἡμῶν
3375 5217 3402 5267 ό
3429 5211 3604 5279 Πατὴρ
3623 5208 3647 5258 ό
3666 5200 3755 5254 τῶν
3769 5195 3864 5248 ὅλων

681 5304 837 5362 nobis
885 5306 1045 5363 Pater
1073 5309 1447 5366 universorum
1479 5311 1642 5378 Deus,
1674 5312 1720 5366 si
1763 5327 1866 5368 non
1899 5315 2041 5384 quod
2099 5317 2255 5371 nobis

2359 5313 2510 5376 Θεὸς,
2546 5311 2667 5381 οὐχὶ
2707 5311 2769 5362 τὸ
2798 5310 2982 5372 αὐτοῖς
3011 5309 3143 5379 ἡμῖν
3169 5306 3270 5379 ἡδύ
3319 5324 3379 5359 τε
3423 5306 3512 5360 καὶ
3541 5300 3679 5394 φθςθξν

676 5396 970 5466 jucundum
994 5409 1050 5456 et
1077 5401 1312 5458 amicum
1351 5410 1456 5468 est,
1485 5417 1645 5473 agere
1701 5405 2109 5474 studuerimus,
2162 5407 2255 5462 sed

2362 5405 2565 5475 ραίνειν
2613 5378 3063 5464 έσπουδακότων,
3123 5378 3546 5452 ἀνατεθεικότων
3608 5388 3660 5442 δὲ
3715 5378 3863 5475 μᾶλλον

685 5492 759 5547 illi
783 5493 960 5563 potius
987 5503 1220 5550 mentem
1243 5504 1482 5550 nostram
1529 5496 1962 5552 dedicaverimus
1984 5501 2115 5554 etin
2139 5515 2257 5554 om-

2357 5496 2508 5567 αὐτῷ
2553 5497 2646 5549 τὸν
2691 5494 2837 5557 νοῦν,
2870 5496 2961 5546 καὶ
2993 5495 3108 5556 τοῖς
3157 5491 3325 5545 αὑτοῦ
3371 5488 3620 5556 νεύμασιν
3646 5469 3864 5578 ἑπομένίνςν
3927 5547 3929 5550 γ

684 5586 844 5642 nibus
870 5587 938 5642 ad
960 5588 1080 5658 ejus
1111 5596 1300 5642 nutum
1326 5602 1425 5643 nos
1456 5589 1994 5646 coutormaverimus.
2030 5591 2260 5646 Timebi-

2252 5622 2260 5633 -
2359 5589 2656 5658 πανταχοῦ.
2686 5585 3114 5656 Φοδηθησόμεθα
3149 5584 3204 5636 δὲ
3245 5583 3338 5636 καὶ
3375 5582 3448 5643 ὼς
3480 5575 3681 5645 Κύριον,
3705 5571 3859 5660 τὴνιείς

685 5694 805 5736 mus
828 5695 956 5735 vero
977 5689 1034 5734 ut
1063 5680 1374 5744 Dominum,
1397 5681 1444 5736 si
1472 5683 1886 5750 propensionem
1905 5683 1970 5739 ad
2001 5683 2258 5754 improbi-

2256 5713 2258 5722 ’
2360 5681 2665 5752 φαυλότητα
2699 5679 2868 5750 ῥοπὴν
2891 5679 3286 5740 ἀνακόπτοντες
3310 5674 3444 5728 αἰδοῖ
3465 5667 3552 5724 τοῦ
3574 5660 3863 5735 προσκρουειν

759 5855 802 5890 ⁸¹
830 5857 912 5914 lsa
966 5873 1005 5922 ι,
1037 5859 1092 5913 2.
1175 5856 1424 5930 “IReg.
1451 5858 1624 5927 11,30.
