4070 6534
209 324 322 378 289

1030 301 1581 365 COMMENTARIUS
1623 300 1687 354 IN
1733 296 2145 353 MALACHIAM
2184 294 2626 350 PRUPHETAM.

3365 295 3473 354 390

207 430 386 502 αὐτῷ,
418 429 514 484 καὶ
565 425 658 481 τὸν
704 424 799 478 ἐπὶ
845 421 940 476 τοῦ
995 420 1140 474 θείου
1192 418 1436 488 βήματος
1489 412 1833 474 εὐνοοῦντες,

1924 417 2088 470 atem,
2107 407 2312 476 pudore
2329 406 2561 476 quodam
2581 403 2724 458 illius
2737 401 3042 466 oﬂ‘endendi
3063 403 3470 468 resciderimus.

209 523 453 592 ἔλεγχον.
503 537 521 570 ι
558 519 698 580 Τοὺς
726 516 831 586 γὰρ
864 513 1072 574 πάντας
1105 512 1255 580 ἡμᾶς
1289 509 1370 561 δεῖ
1406 506 1786 578 φανερωθῆναι

210 610 524 684 ἔμπροσθεν
547 607 640 661 τοῦ
677 607 918 677 βήματος
955 601 1049 655 τοῦ
1083 599 1340 672 Χριστοῦ,
1371 599 1457 651 ἵνα
1495 596 1788 666 κομίσηται

210 706 444 765 ἕκαστος
472 701 542 754 τὰ
578 697 669 751 διὰ
696 695 790 749 τοῦ
835 694 1104 765 σώματος,
1135 691 1272 761 πρὸς
1319 689 1356 742 ἂ
1396 686 1650 759 ἔπραξεν,
1679 685 1788 738 εἴτε

210 794 442 864 ἀγαθὸν,
474 791 584 844 εἴτε
610 787 832 858 φαῦλον.
861 805 880 838 ι

295 881 483 952 Ὑμεῖς
508 882 561 934 οἱ
605 879 796 946 ἱερεῖς,
835 877 889 929 οἱ
923 870 1314 942 φαυλίζοντες
1341 865 1405 922 τὸ
1439 865 1626 935 ὄνομά
1647 880 1788 933 μου.

214 976 325 1030 Kal
349 974 558 1027 εῖπατε
577 987 593 1001 ο
625 970 722 1022 Ἑν
748 968 866 1021 τίνι
893 963 1309 1034 ἐφαυλίσαμεν
1334 960 1402 1012 τύ
1429 957 1615 1027 ὄνομά
1642 970 1791 1017 σου;

214 1064 639 1134 Προσάγοντες
669 1058 820 1128 πρός
855 1058 920 1110 τὸ
962 1051 1396 1120 θυσιαστήριόν
1427 1067 1546 1119 μου
1577 1047 1794 1116 ἄρτους

215 1157 690 1229 ἡλιστημένους.
731 1152 841 1206 Kal
877 1150 1106 1204 εἴπατε·
1163 1148 1265 1200 Ἐν
1290 1145 1408 1198 τίνι
1453 1141 1794 1212 ήλισγήσα-

211 1269 332 1322 μεν
348 1250 568 1314 αὐτούς
588 1263 605 1310 ;
628 1247 731 1300 Ἐν
753 1243 832 1309 τῷ
850 1241 1052 1310 λέγειν
1078 1238 1234 1308 ὑμᾶς
1256 1252 1270 1268 ο
1299 1232 1558 1304 Τράπεζα
1575 1232 1796 1300 Κυρίου

214 1342 600 1414 ὴλισγημέγη
650 1336 806 1400 ἐστὶ,
840 1334 936 1388 καὶ
988 1333 1061 1387 τὰ
1099 1328 1478 1398 ἐπιτιθέμενα
1514 1323 1798 1394 ,βρώματα

213 1431 689 1503 ἐξουδενωμένα.

292 1527 373 1582 H'.
431 1527 770 1581 Ἐπαιτιᾶται
818 1520 1022 1591 σφόδρα
1071 1515 1181 1569 τῶν
1215 1511 1480 1567 Ἰουδαίων
1525 1509 1586 1562 τδ
1636 1506 1799 1579 ῥᾴθυ-

219 1638 346 1691 μον,
377 1616 459 1682 οἷς
491 1618 583 1672 καὶ
619 1617 646 1670 6
681 1615 844 1685 νόμος
869 1611 1130 1681 ἐπιφωνεῖ
1161 1608 1240 1672 τὸ,
1269 1627 1286 1658 ι
1309 1602 1568 1666 Εὐλαϐεῖς
1597 1603 1800 1654 ποιεῖτε

217 1713 348 1775 τοὺς
388 1710 537 1772 υἱοὺς
575 1707 814 1778 Ἰσραήλ.
849 1724 868 1756 ›
897 1703 1128 1773 Ἔψεται
1179 1699 1287 1770 γὰρ
1327 1696 1402 1760 ὡς
1447 1694 1651 1748 ἐπίπαν
1685 1693 1801 1755 ταῖς

1894 497 2404 565 accusationemquc
2428 496 2567 564 apud
2581 495 2820 549 divinum
2840 493 3070 546 tribunal
3085 497 3360 549 uobiscum
3378 511 3473 545 vo-

1895 589 2269 644 lutaverimus.
2308 607 2326 638 «
2359 586 2560 642 Omnes
2593 586 2739 640 enim
2795 601 2896 641 nos
2941 585 3274 641 manifestari
3311 600 3471 653 Opor-

1897 691 1975 736 tet
2004 688 2128 732 ante
2172 677 2406 732 tribunal
2457 677 2684 740 Cbristi,
2728 685 2786 730 ut
2821 677 3050 745 recipiat
3107 675 3474 742 unusquisque

1896 780 2055 843 prout
2089 771 2255 840 gessit
2279 770 2333 820 in
2363 783 2592 836 corpore
2615 782 2733 830 suo,
2761 768 2873 820 sive
2893 768 3053 830 bona,
3074 767 3186 820 sive
3210 753 3344 818 mala
3365 765 3434 818 “.
3451 784 3465 813 ι

1970 862 2203 916 Vens.7.
2220 859 2322 913 Vos
2349 859 2770 928 sarerdotes,qui
2794 857 3058 927 despicitis
3080 872 3262 910 nomen
3279 872 3472 912 monui.

1898 951 1969 1006 Et
1997 951 2204 1004 dixistis
2237 966 2255 1004 :
2281 948 2345 1001 In
2371 964 2474 1018 quo
2536 949 2868 1014 despeximus
2892 963 3075 1001 nomen
3109 955 3252 998 tuum
3273 948 3298 998 ?
3332 943 3475 1012 Olfe-

1900 1054 2068 1096 rentes
2100 1046 2170 1094 ad
2192 1041 2361 1093 altare
2398 1054 2566 1090 meum
2604 1054 2763 1106 panes
2809 1037 3055 1106 pollutos.
3109 1033 3174 1086 Et
3227 1035 3472 1087 dixistis:

1901 1135 1968 1189 In
2006 1151 2108 1205 quo
2149 1133 2429 1199 polluimus
2451 1133 2573 1184 eos?
2602 1129 2668 1183 In
2702 1146 2761 1182 eo
2821 1129 2963 1198 quod
3010 1128 3224 1180 dicitis:
3292 1125 3474 1178 Mensa

1902 1226 2115 1282 Domini
2147 1225 2344 1296 pallula
2371 1234 2468 1286 est,
2523 1233 2568 1275 et
2613 1205 2952 1288 superposita:
3014 1235 3145 1274 esca:
3196 1227 3316 1272 sunt
3386 1218 3477 1269 de:

1899 1328 2110 1387 spectw.

1970 1517 2102 1574 VIII.
2128 1515 2444 1588 Expostnlat
2465 1515 2812 1570 vehementer
2843 1526 2964 1567 cum
3001 1509 3376 1567 sacerdotibus
3403 1511 3472 1562 ob

1905 1609 2231 1678 socordiam,
2257 1609 2450 1676 quibus
2473 1617 2527 1661 et
2551 1607 2634 1661 lex
2651 1605 2916 1661 acclamat
2939 1603 3091 1668 illud,
3123 1622 3141 1654 ι
3175 1602 3476 1673 Religiosos

1911 1701 2068 1756 facite
2087 1699 2222 1753 ﬁlios
2246 1698 2431 1754 Israel.
2466 1717 2484 1749 ι
2517 1696 2772 1763 Subjecta
2840 1695 2984 1749 enim
3031 1693 3315 1761 multitudo
3340 1707 3477 1763 pene

216 1801 332 1854 τῶν
380 1799 698 1870 ἡγουμένων
732 1796 1056 1857 ὲπιεικείαις
1107 1793 1142 1862 ἡ
1199 1788 1304 1842 ὑπὸ
1369 1789 1529 1858 χεῖρα
1573 1783 1801 1853 πληθὺς,

1918 1797 1959 1848 tn
1983 1792 2236 1849 omnibus
2266 1790 2567 1861 principum
2605 1790 2742 1843 bona
2771 1787 3020 1858 exempla
3069 1785 3332 1854 sequitur,
3379 1799 3477 1836 nec

216 1891 489 1944 ἀδικεῖται
535 1889 590 1942 δὲ
645 1888 706 1941 οὐ
763 1886 1019 1960 μετρίως,
1055 1883 1183 1936 ὃταν
1232 1880 1314 1950 ἴδη
1353 1875 1801 1950 κατημεληκότας

217 1984 323 2053 τῆς
367 1982 503 2053 πρὸς
540 1979 671 2033 Θεὸν
718 1975 920 2040 αἰδοῦς.
974 1971 1414 2042 Συγκαθίσταται
1460 1966 1569 2038 γὰρ
1642 1964 1804 2027 εὐθὺς

223 2076 320 2129 καὶ
355 2072 724 2144 συναρρωστεῖ
766 2069 826 2122 τὸ
875 2066 1116 2138 ῥᾴθυμον
1149 2064 1228 2126 είς
1258 2060 1571 2120 εὐλάϐειαν,
1604 2056 1698 2108 καὶ
1736 2055 1802 2126 τῇ

219 2169 335 2221 τῶν
355 2163 681 2235 καθηγητῶν
712 2159 975 2215 ὑπτιώσει
1000 2150 1558 2220 συμπλάττεται.⁶’οτι
1582 2148 1640 2200 δέ
1659 2148 1805 2199 ἐστιν

220 2259 435 2330 ἀληθὴς
467 2259 494 2311 6
522 2257 700 2324 λόγος,
728 2251 1059 2308 πιστώσεται
1091 2248 1263 2318 λέγων
1289 2247 1317 2300 6
1349 2243 1456 2299 τῶν
1489 2242 1623 2294 ὅλων
1651 2237 1806 2305 Θεὸς,

221 2329 329 2405 ὅτι
349 2369 366 2402 ι
398 2351 461 2402 Οί
491 2347 748 2418 ποιμένες
772 2341 1196 2415 ὴφρονεύσαντο,
1247 2336 1342 2391 καὶ
1369 2335 1458 2388 τὸν
1483 2331 1689 2404 Κύριον
1708 2329 1810 2382 οὐκ

222 2417 598 2508 ἐξεζήτησανξ
620 2433 719 2488 Διὰ
748 2432 904 2488 τοῦτο
933 2433 1033 2484 οὐκ
1063 2429 1250 2499 ἐνόησε
1285 2427 1437 2479 πᾶσα
1462 2425 1496 2494 ή
1536 2421 1697 2491 νομὴ,
1716 2417 1811 2473 καὶ

223 2528 745 2602 διεσκορπίσθησαν.
778 2545 796 2578 ι
850 2522 1058 2578 Οὐκοῦν
1086 2522 1162 2585 ὡς
1201 2517 1402 2572 ἐπίπαν
1433 2516 1484 2569 οί
1512 2513 1622 2567 τῶν
1653 2511 1810 2565 θείων

227 2620 634 2692 θυσιαστηρίων
683 2615 956 2690 ἱερουργοὶ
1005 2612 1276 2684 πρόφασις
1314 2607 1654 2678 εὑρίσκονται
1701 2603 1813 2664 τοῖς

226 2717 414 2775 ἄλλοις
459 2691 744 2779 εύδοκίμου
797 2705 942 2776 ζωῆς
972 2703 1091 2775 μὲν,
1128 2701 1285 2770 εἴπερ
1331 2698 1535 2750 ’ἐλοιντο
1575 2691 1813 2746 διαϐιοῦν

223 2805 433 2878 ὀρθῶς,
481 2803 573 2857 καὶ
617 2800 736 2853 καθ’
775 2798 833 2850 ὃν
887 2795 1151 2866 προσήκει
1206 2790 1405 2862 τρόπον
1435 2787 1496 2840 τὸ
1525 2784 1688 2846 σέϐας
1718 2784 1814 2836 ἁν-

230 2901 471 2954 άπτειν·
527 2892 766 2964 αἰσχρῶν
813 2890 871 2943 δὲ
901 2889 996 2942 καὶ
1041 2884 1309 2957 βδελυρῶν
1346 2879 1814 2951 ἐπιτηδευμάτων,

230 2992 284 3044 εί
315 2988 425 3062 πρό
454 3003 516 3056 γε
543 2985 649 3039 τῶν
675 2981 846 3037 ἄλλων
877 2974 1021 3035 οῦτοι
1059 2978 1126 3032 τὰ
1170 2974 1346 3029 τοιάδε
1374 2971 1482 3026 τῶν
1513 2967 1701 3024 κακῶν
1727 2967 1817 3020 εὑ-

233 3057 514 3154 ρίσκοιντο
539 3071 1088 3148 κατηρρωστηκότες.
1115 3069 1158 3120 Τ
1163 3067 1384 3140 αύτῃτοι
1413 3062 1510 3117 καὶ
1553 3062 1581 3114 6
1622 3057 1816 3114 θεσπέ-

233 3187 356 3232 σιος
373 3168 573 3238 Πέτρος
600 3167 711 3225 τοῖς
739 3161 951 3215 τελοῦσι
971 3157 1312 3219 διδασκάλοις
1330 3150 1597 3222 ἐπεφώνει
1615 3148 1815 3218 σοφῶς,

231 3263 322 3314 ὅτι
358 3259 632 3330 προσῆκεν
659 3254 856 3317 αὐτοὺς
887 3251 1092 3313 τύπους
1122 3246 1374 3317 γενέσθαι
1398 3247 1510 3306 τοῖς
1528 3241 1817 3313 ποιμνίοις.

247 3353 443 3423 Ὑμεῖς
489 3351 611 3403 ἐστε
649 3345 851 3410 τοίνυν,
905 3342 1060 3413 φησὶ,
1113 3342 1163 3392 οἱ
1212 3341 1324 3402 τοῖς
1371 3337 1471 3408 τῆς
1525 3331 1820 3405 ἱερωσύνης

234 3446 524 3515 αὐχήμασι
543 3440 950 3512 διαπρέποντες,
971 3439 1020 3489 oi
1051 3435 1401 3506 φαυλίζοντες
1423 3431 1485 3484 τὸ
1509 3428 1680 3495 ὄνομά
1696 3444 1818 3498 μου.

235 3538 354 3592 Καὶ
384 3537 432 3587 εἰ
466 3531 719 3605 βούλεσθε
771 3530 967 3601 μαθεῖν
995 3529 1088 3582 τοῦ
1127 3521 1435 3597 φαυλισμοῦ
1469 3521 1557 3575 τὸν
1600 3518 1820 3591 τρόπον,

235 3629 546 3686 ἀκούσεσθε
567 3624 1016 3696 διακεκραγότος·
1068 3622 1159 3674 Ἐν
1183 3619 1261 3690 τῷ
1298 3616 1634 3689 προσφέρειν
1679 3612 1824 3682 ὑμᾶς

235 3726 323 3788 εἰς
373 3722 432 3775 τὸ
480 3716 864 3789 θυσιαστήριον
895 3730 994 3785 μου
1047 3713 1248 3781 ἄρτους
1302 3705 1723 3779 ηλισγημένους.
1760 3701 1825 3754 Εἰ

236 3815 301 3868 δέ
339 3813 404 3884 δὴ
430 3811 671 3880 λέγοιντο
706 3808 800 3862 καὶ
827 3807 961 3877 πρὸς
989 3803 1146 3858 τοῦτο
1177 3800 1369 3854 πάλινο
1406 3815 1425 3849 ι
1453 3797 1582 3850 Τίνα
1618 3794 1682 3865 δὴ
1705 3792 1825 3864 τρό-

241 3923 350 3958 πον
395 3883 777 3974 ἦλισγήσαμεν
826 3895 1054 3960 αὐτούς;
1090 3913 1109 3946 ι
1162 3889 1271 3964 ἐρῶ
1315 3888 1449 3960 πρὸς
1500 3886 1670 3955 ὑμᾶς’
1739 3883 1825 3946 Ὠς

239 3993 426 4048 οἴεσθε
457 3992 556 4064 μὲν
585 3992 734 4054 ίσως,
776 3988 974 4058 μᾶλλον
1020 3985 1076 4038 δέ
1125 3984 1218 4037 καὶ
1250 3981 1435 4042 αὐτοῖς
1479 3976 1638 4048 βοᾶτε
1685 3974 1827 4045 πρά-

242 4102 476 4158 γμασιν,
504 4084 586 4137 δτι
629 4101 647 4135 ι
679 4079 938 4153 Τράπεζα
961 4075 1164 4148 Κυρίου
1192 4069 1586 4140 ἐξουδενωμένη
1615 4066 1780 4120 ἐστίν.
1802 4084 1821 4117 ι

258 4178 482 4249 Ἐπειδὴ
523 4176 580 4230 δὲ
621 4175 828 4228 ἕκαστα
861 4172 970 4225 τῶν
1017 4166 1321 4240 εἰρημένων
1373 4158 1828 4233 ἀναμηρύσασθαι

243 4273 381 4344 κρῆς
415 4269 510 4323 καὶ
538 4264 923 4339 διερμηνεῦσαι
949 4259 1156 4331 σαφῶς,
1176 4259 1308 4329 φέρε
1335 4256 1601 4325 λέγωμεν,
1619 4251 1670 4304 τί
1698 4266 1828 4303 ποτε

245 4366 362 4435 ἄρα
389 4361 636 4432 βούλεται
659 4356 852 4428 δηλοῦν
881 4357 910 4408 6
932 4355 1092 4424 ἄρτος
1119 4352 1146 4403 6
1175 4347 1557 4420 ὴλισγημένος.
1576 4344 1831 4412 Ἠλισγη-

251 4431 420 4526 μένον
456 4451 554 4522 μὲν
581 4445 673 4503 οῦν
704 4449 794 4501 τὸν
824 4442 1250 4518 μεμολυσμένον,
1280 4440 1442 4511 ἠγουν
1465 4436 1555 4488 τὸν
1587 4431 1830 4526 ἀκάθαρ-
1860 4467 1905 4521 D

247 4522 344 4600 τον
378 4539 654 4614 ὀνομάζει.
695 4539 907 4594 Είδέναι
937 4535 994 4590 δὲ
1023 4534 1338 4602 ἀναγκαῖον,
1371 4531 1453 4583 ὅτι
1503 4525 1645 4579 κατά
1672 4541 1735 4593 γε
1769 4522 1833 4576 τὸ

247 4637 332 4708 τῷ
365 4613 630 4706 νομοθέτῃ
653 4629 840 4685 δοκοῦν
869 4628 961 4682 ἐπὶ
986 4629 1107 4689 ταῖς
1136 4620 1483 4692 τελουμέναις
1505 4617 1717 4678 θυσίαις
1738 4613 1833 4667 καὶ

248 4701 413 4796 ἄρτοι
431 4701 920 4794 ’προσεήκομίζοντσ
961 4714 1098 4785 πλὴν
1131 4709 1328 4780 ἄζυμοι
1359 4725 1416 4762 τε
1448 4706 1542 4760 καὶ
1572 4701 1828 4774 καθαροί·

255 4793 434 4889 μόνην
470 4793 527 4868 δὲ
571 4812 669 4884 τὴν
699 4810 797 4881 τῆς
824 4807 1077 4869 αἰνέσεως
1107 4802 1294 4856 θυσίαν
1343 4799 1428 4852 ἐπ’
1458 4797 1641 4866 ἄρτοις
1675 4793 1836 4864 ζυμί·

1903 1884 2174 1939 mediocre
2211 1882 2591 1937 detrimentum
2627 1878 2983 1947 accipit,cnm
3005 1890 3096 1931 eos
3119 1874 3475 1930 reverentiam

1903 1990 2031 2046 erga
2063 1975 2229 2029 Deum
2253 1972 2575 2044 postliabere
2609 1969 2801 2024 cernit.
2871 1967 3066 2022 Statim
3097 1966 3238 2022 enim
3289 1965 3476 2020 eodem

1904 2066 2192 2136 redigitur,
2234 2075 2289 2120 et
2318 2063 2521 2120 desidia
2555 2062 2606 2116 in
2633 2059 2780 2114 cultu
2819 2058 2999 2112 divino
3027 2055 3188 2112 simul
3241 2054 3478 2125 languet,

1906 2167 1962 2214 et
1989 2159 2056 2213 ad
2095 2157 2476 2226 magistrorum
2503 2152 2750 2220 supinam
2797 2147 3177 2219 negligentiam
3241 2144 3475 2214 ﬁngitur.

1909 2250 2050 2306 Vera
2091 2264 2175 2303 me
2205 2249 2386 2303 dicere
2415 2262 2478 2300 ex
2510 2242 2688 2298 verbis
2724 2241 2816 2296 Dei
2857 2240 3232 2294 universorum
3288 2246 3478 2307 pales.-

1913 2359 1934 2394 ι
1968 2340 2220 2396 Pastores
2249 2335 2414 2392 stulte
2441 2341 2686 2403 egerunt,
2719 2340 2775 2386 et
2808 2330 3093 2384 Dominum
3127 2342 3236 2380 non
3287 2325 3480 2393 exqui-

1910 2435 2176 2488 siverunt.
2209 2430 2437 2499 Propter
2470 2427 2573 2482 boc
2611 2440 2720 2480 non
2744 2422 3010 2478 intellexit
3029 2417 3208 2474 omnis
3253 2432 3404 2488 grex,
3426 2426 3482 2469 et

1912 2524 2154 2595 dissipati
2188 2530 2315 2579 sunt
2334 2522 2404 2577 ⁵⁵.
2446 2539 2466 2572 ι
2494 2519 2683 2588 Itaque
2715 2517 2766 2571 in
2787 2514 3039 2570 omnibus
3090 2511 3223 2576 fere.
3277 2508 3368 2578 qui
3415 2507 3481 2560 ad

1913 2619 2092 2674 divina
2120 2614 2308 2670 altaria
2329 2611 2641 2666 sacriﬁcant
2671 2608 2884 2664 cmteris
2914 2607 2978 2660 ad
3015 2604 3177 2658 vitam
3198 2602 3480 2672 probatam

1915 2711 2270 2766 incitamento
2295 2715 2442 2769 sunt,
2477 2705 2521 2760 si
2551 2719 2617 2759 ex
2639 2701 2840 2756 virtute
2867 2699 3066 2762 vivere,
3099 2705 3154 2752 et
3178 2693 3346 2749 Deum
3370 2708 3484 2747 mo-

1915 2802 1984 2856 do
2010 2815 2116 2870 quo
2143 2799 2395 2854 convenit
2421 2795 2601 2851 colere
2663 2790 2930 2847 voluerint
2953 2806 2970 2846 :
2997 2788 3064 2843 ad
3102 2785 3332 2841 nefanda
3382 2798 3475 2837 au-

1917 2903 2023 2946 tem
2059 2899 2113 2945 et
2143 2887 2479 2944 detestabilia
2507 2887 2684 2941 studia
2733 2885 2917 2949 duces,
2953 2882 2998 2937 si
3057 2895 3168 2951 pra:
3220 2877 3340 2932 aliis
3387 2877 3484 2930 IIII-

1913 2983 2147 3054 jusmodi
2180 2980 2338 3035 malis
2370 2979 2508 3034 male
2533 2978 2737 3032 habere
2769 2972 3194 3043 conspiciantur.
3233 2968 3371 3023 Hinc
3431 2978 3486 3022 et

1921 3075 2132 3130 divinus
2157 3071 2352 3126 Petrus
2378 3069 2669 3138 magistros
2696 3067 2971 3133 sapienter
3001 3062 3302 3124 admonuit,
3354 3074 3486 3114 con-

1925 3165 2129 3218 venire.
2155 3176 2248 3216 eos
2273 3160 2503 3215 formam
2539 3155 2714 3228 gregis
2736 3155 2850 3208 ﬁeri
2875 3153 2942 3207 ".
2989 3149 3096 3207 Vos
3123 3150 3286 3220 igitur
3331 3149 3486 3210 estis,

1922 3254 2094 3321 inquit
2120 3252 2399 3322 pr0plieta,
2432 3249 2522 3318 qui
2554 3244 2839 3304 sacerdotii
2868 3243 3132 3312 dignitate
3186 3241 3486 3308 conspicui,

1920 3347 2011 3415 qui
2051 3344 2324 3414 despicitis
2355 3355 2550 3398 nomen
2597 3352 2798 3392 meum.
2851 3336 2918 3390 Et
2966 3335 3008 3388 si
3037 3333 3252 3388 modum
3287 3332 3490 3401 despe-

1921 3437 2114 3492 ctionis
2146 3434 2334 3488 audire
2374 3431 2559 3495 vultis,
2583 3429 2818 3483 audietis
2867 3426 3189 3480 clamantem
3223 3439 3239 3477 :
3271 3442 3290 3474 ι
3324 3421 3379 3475 In
3423 3436 3489 3476 eo

1921 3529 2062 3598 quod
2094 3525 2300 3581 offertis
2319 3525 2384 3578 ad
2413 3523 2582 3577 altare
2603 3535 2781 3574 meum
2804 3531 2969 3589 panes
3000 3516 3250 3584 pollutos.
3284 3534 3304 3567 ι
3340 3514 3490 3580 Quod

1923 3621 1968 3676 si
1991 3617 2268 3686 obiiciant,
2303 3634 2322 3667 ι
2345 3614 2401 3668 In
2435 3628 2544 3682 quo
2576 3611 2863 3682 polluimus
2879 3607 3010 3663 eos?
3046 3624 3064 3658 ι
3094 3606 3267 3660 dicam
3291 3605 3444 3658 vobis
3472 3618 3488 3650 '.

1923 3715 2059 3782 Quia
2090 3711 2294 3784 putatis
2321 3710 2482 3776 forte,
2513 3707 2597 3762 vel
2624 3707 2804 3778 potius
2828 3703 2958 3771 ipsis
2988 3701 3150 3755 rebus
3195 3696 3491 3758 testamini,

1921 3806 2086 3879 825
2135 3817 2376 3860 mensam
2421 3798 2630 3854 Domini
2686 3798 2995 3865 despectam
3048 3803 3191 3844 esse.
3229 3787 3492 3854 Quoniam

1923 3909 2106 3955 autem
2135 3893 2341 3965 singula
2387 3892 2652 3946 dictorum
2704 3884 3042 3954 recolligere.
3107 3889 3163 3936 et
3215 3879 3495 3948 perspicue

1925 3987 2205 4044 declarare
2230 3991 2465 4056 oportet,
2489 3994 2586 4051 age
2614 3978 2883 4040 dicamus,
2917 3973 3046 4044 quid
3071 3970 3173 4026 sibi
3200 3969 3351 4040 panis
3380 3967 3494 4038 pol-

1927 4079 2072 4133 lutus
2118 4075 2268 4130 velit.
2317 4071 2586 4126 Pollutum
2646 4067 2831 4136 itaque
2890 4059 3316 4118 contaminatum
3380 4057 3496 4110 sive

1927 4169 2262 4226 immundum
2297 4163 2559 4220 nominat.
2597 4158 2887 4215 Sciendum
2911 4168 3091 4224 porro,
3120 4166 3185 4204 ex
3221 4149 3498 4204 voluntate

1927 4258 2328 4333 legislatorisin
2393 4252 2679 4310 sacriﬁciis
2734 4263 2857 4318 quae
2901 4243 3298 4314 peragebantur
3331 4241 3494 4294 etiam

1930 4331 2098 4424 panes
2123 4349 2304 4406 oﬁ‘erri
2334 4347 2542 4412 solitos,
2567 4343 2660 4399 sed
2691 4355 2910 4412 azymos
2959 4346 3016 4392 et
3049 4349 3214 4405 puros
3249 4351 3264 4388 :
3325 4331 3497 4386 solum

1933 4456 2111 4501 autem
2141 4440 2464 4497 sacriﬁcium
2494 4435 2668 4490 laudis
2702 4434 2755 4486 in
2781 4428 3119 4486 fermentatis
3166 4425 3346 4497 peragi
3377 4425 3498 4494 jus-

1940 4537 2012 4591 sit
2042 4536 2107 4586 ".
2142 4533 2218 4586 De
2251 4529 2447 4601 quibus
2471 4525 2612 4596 quod
2640 4523 2864 4592 mystice
2893 4516 3083 4573 disseri
3139 4513 3328 4582 possit,
3373 4510 3500 4565 alibi

1938 4626 2071 4681 satis
2092 4622 2392 4682 docuimus,
2417 4633 2536 4688 quze
2556 4629 2698 4669 nunc
2720 4610 2948 4668 strictim
3005 4612 3266 4676 repetam,
3327 4617 3394 4656 ne
3448 4601 3500 4654 in

1938 4715 2102 4770 rebus
2137 4712 2292 4780 longe
2319 4707 2622 4762 utilissimis
2644 4703 2801 4758 taedio
2839 4711 3031 4768 captus
3087 4695 3290 4747 videar.
3344 4691 3503 4745 Panis

1935 4819 2066 4874 ergo
2095 4815 2336 4873 azymus,
2367 4812 2460 4854 seu
2527 4811 2632 4850 non
2677 4792 3050 4852 fermentatus,
3114 4786 3325 4856 signum
3379 4795 3503 4836 esse

249 4925 377 4971 ταις
414 4905 685 4958 τελεῖσθαι
732 4900 1082 4974 προστέταχε.
1119 4896 1227 4949 Καὶ
1271 4893 1353 4957 τίς
1389 4894 1417 4946 6
1460 4890 1586 4963 περὶ
1630 4886 1833 4941 τούτων

1935 4904 2098 4967 queat
2125 4895 2250 4948 vita:
2281 4907 2384 4947 non
2411 4891 2742 4945 fermentata:
2771 4899 2834 4938 ac.
2854 4897 3020 4952 puraz.
3039 4880 3212 4942 Atque
3237 4878 3308 4931 ita
3341 4875 3503 4929 etiam

253 4966 520 5070 μυστικὸς
572 4995 637 5048 ἂν
672 4966 880 5063 γένοιτο
907 4966 1081 5057 λόγος,
1115 4983 1477 5057 ἀποχρώντως
1528 4983 1587 5034 ἐν
1630 4979 1833 5050 ἑτέροις

1938 4966 2151 5041 divinus
2175 4983 2444 5038 Paulusin
2477 4980 2580 5033 ﬁde
2605 4974 2922 5048 jnstiﬁcatis
2964 4970 3148 5027 scribit
3188 4985 3202 5021 :
3247 4985 3266 5018 ι
3319 4966 3506 5034 Itaque

249 5059 562 5160 εἰρήκαμεν
581 5105 595 5118 ο
621 5059 978 5156 ἀφηγήσομαι
1006 5081 1062 5134 δὲ
1090 5078 1186 5131 νῦν
1217 5077 1310 5130 καὶ
1340 5076 1397 5126 ἐν
1441 5072 1727 5143 ἐπιδρομῇ,
1760 5069 1833 5131 ὼς

1931 5077 2209 5146 epulemur
2235 5089 2339 5127 non
2371 5073 2423 5126 iu
2458 5071 2722 5126 fermento
2743 5065 2934 5129 veteri,
2953 5077 3128 5132 neque
3157 5061 3207 5114 in
3243 5059 3508 5112 fermento

249 5184 320 5236 ἂν
354 5182 428 5252 μὴ
466 5179 680 5250 δοκοίην
710 5175 937 5247 ὀκνηρὸς
967 5169 1105 5226 εἷναί
1133 5187 1217 5234 τις
1247 5170 1302 5221 ἐν
1329 5185 1391 5238 γε
1424 5168 1536 5226 τοῖς
1573 5163 1715 5218 οὕτω
1745 5161 1838 5212 λυ-

254 5268 675 5331 σιτελεστάτοις.
716 5264 922 5319 Οὐκοῦν
969 5265 996 5315 6
1043 5262 1142 5333 μὲν
1185 5260 1390 5330 ἄζυμος
1418 5259 1578 5328 ἄρτος
1608 5255 1832 5324 σημεῖον

250 5359 323 5412 ἂν
353 5357 566 5425 γένοιτο
593 5355 738 5425 ζωῆς
765 5357 862 5426 τῆς
896 5352 1103 5422 ἀζύμου
1136 5352 1226 5403 καὶ
1261 5348 1526 5418 καθαρᾶς.
1555 5344 1711 5398 Οὕτω
1738 5343 1832 5395 καὶ

251 5453 287 5504 ὁ
327 5448 612 5511 θεσπέσιος
659 5446 868 5508 Παῦλος
917 5447 1026 5508 τοῖς
1079 5447 1135 5496 ἐν
1185 5442 1358 5496 πίστει
1399 5436 1834 5507 δεδικαιωμένοις

251 5540 583 5605 ἐπιστέλλει,
613 5537 787 5608 λέγων
809 5555 820 5566 ·
864 5555 882 5588 ι
918 5537 1079 5589 Ὥστε
1111 5533 1453 5606 ἑορτάζωμεν
1486 5531 1560 5602 μὴ
1598 5531 1654 5580 ἐν
1689 5528 1836 5600 ζύμη

335 5725 384 5757 ⁸⁵
411 5723 453 5777 II
483 5722 607 5779 Cor.
633 5739 684 5790 v,
720 5724 803 5778 IO.
881 5724 926 5756 ⁵³
950 5721 1148 5780 Jcrem.
1179 5737 1232 5792 χ,
1257 5721 1345 5774 9.1.
1415 5721 1457 5751 ⁸⁸
1490 5719 1506 5772 1
1540 5718 1684 5771 I’ctr.
1714 5733 1763 5779 ν,
1804 5716 1821 5770 l

1990 5718 2034 5749 ⁵⁷
2070 5715 2207 5771 I‘sal.
2236 5729 2380 5780 χιιι,
2404 5713 2495 5767 25.

1932 5167 2151 5221 malitia:
2177 5163 2525 5232 etnequitiae,
2558 5157 2652 5216 sed
2694 5158 2746 5212 in
2805 5155 3010 5225 azymis
3067 5147 3395 5207 sinceritatis
3450 5155 3507 5198 et

1937 5257 2268 5314 veritatis”.
2299 5274 2318 5306 ι
2346 5256 2411 5308 Et
2442 5254 2637 5308 iterum
2663 5268 2676 5304 :
2718 5267 2736 5301 ι
2777 5248 3088 5318 Expurgate
3107 5252 3260 5295 vetus
3281 5239 3507 5291 fermen-

1941 5359 2074 5414 tum,
2111 5357 2170 5402 ut
2197 5347 2314 5402 sitis
2331 5360 2468 5399 nova
2507 5340 2837 5413 conspersio,
2862 5339 3001 5393 sicut
3021 5334 3155 5390 estis
3183 5326 3441 5401 azymi”.
3480 5343 3501 5378 ι

1943 5439 2199 5493 llortatur
2231 5439 2356 5492 item
2386 5436 2636 5491 Christus
2669 5444 2892 5489 sanctos
2945 5423 3218 5497 apostolos
3254 5422 3337 5475 liis
3384 5433 3510 5472 ver-

1943 5533 2026 5587 bis
2057 5551 2070 5587 :
2108 5551 2125 5583 ι
2155 5529 2354 5585 Cavete
2393 5545 2422 5582 a
2450 5528 2710 5583 fertnento
2766 5524 3157 5579 Pharisaeorum
3198 5524 3254 5572 et
3305 5511 3510 5570 Saddu-

2597 5713 2642 5743 ⁵⁸
2670 5709 2687 5764 1
2721 5710 2846 5765 Cor.
2884 5723 2936 5774 v,
2968 5706 3022 5761 8.
3107 5701 3154 5734 "
3183 5701 3314 5759 ibid.
3349 5698 3401 5756 7.
