4070 6524
646 306 744 361 291
1705 296 1766 354 S.
1805 297 2082 354 CYRIIJJ
2123 298 2590 355 ALEXANDRINI
2630 302 2948 360 ARCHIEP.
3807 319 3886 382 ’λῃ

645 432 891 477 eteorum
927 417 997 471 ⁸⁸.
1030 434 1050 467 ι
1084 413 1244 470 Pura:
1283 415 1448 485 igitur
1473 424 1529 469 et
1565 414 1926 469 sanctiﬁcata:
1962 424 2019 469 et
2046 428 2250 485 azyma:

2353 416 2580 486 παλαιᾷ,
2612 416 2749 487 μηδὲ
2777 420 2836 472 ἐν
2870 420 3017 491 ζύμῃ
3047 423 3245 487 κακίας
3282 426 3382 478 καὶ
3419 428 3698 496 πονηρίας,
3727 432 3819 487 ἀλλ’
3846 442 3887 493 ὲν

648 512 772 566 vita:
801 511 903 565 hoc
926 522 1094 579 genus
1119 507 1274 578 panis
1301 515 1387 561 est
1407 505 2051 577 symbolunt.0il'erebant
2078 507 2242 575 igitur

2351 506 2579 576 ἀζύμοις
2637 507 2988 579 είλικρινείας
3034 514 3127 566 καὶ
3173 515 3457 587 ἀληθείας.
3492 539 3509 570 ι
3564 521 3670 573 Καὶ
3724 526 3883 583 πάλιν·

648 618 748 673 pro
776 616 855 669 se,
891 607 951 656 ut
975 601 1028 655 in
1057 600 1199 671 typis
1225 600 1404 653 adhuc
1440 606 1495 653 et
1552 597 1789 662 umbris,
1816 597 1909 665 qui
1941 598 2239 653 secundum

2354 616 2371 646 ι
2395 596 2771 669 Ἐκκαθάρατε
2797 595 2891 653 οὖν
2920 603 3020 671 τὴν
3051 603 3288 659 παλαιὰν
3316 607 3525 678 ζύμην,
3562 610 3647 663 ἵνα
3685 608 3772 683 ἧτε
3804 624 3886 673 νέοι

651 695 823 762 legem
860 707 1029 762 panes
1048 706 1268 762 azyinos
1284 701 1337 745 et
1358 705 1547 761 azyma
1575 688 1896 746 offerebant.

2351 688 2598 758 φύραμα,
2626 689 2811 753 καθώς
2848 693 2970 745 ὲστε
3010 694 3229 766 ἄζυμοι.
3254 717 3272 749 ι
3306 700 3610 772 Παρεγγυᾷ
3629 703 3682 756 δὲ
3703 705 3889 775 Χριστὸς

649 791 762 854 τοῖς
815 788 993 858 ἁγίοις
1054 786 1394 851 ἀποστόλοις,
1442 785 1585 840 οὕτω
1633 784 1848 853 λέγων’
1888 803 1906 835 t
1939 784 2243 855 Προσέχετε
2280 783 2387 837 ἀπὸ
2453 782 2553 851 τῆς
2594 781 2773 854 ζύμης
2846 784 2956 837 τῶν
2984 788 3292 857 Φαρισαίων
3350 793 3447 843 καὶ
3493 792 3881 851 Σαδδουκαίων.)

651 884 861 939 Οὐκοῦν
905 884 1156 952 καθαρᾶς
1190 883 1283 936 καλ¹
1316 882 1661 954 ἡγιασμένης
1710 881 1802 934 καὶ
1848 880 2059 951 ἀζύμου
2100 879 2245 951 ζωῆς
2283 880 2509 948 σημεῖον
2555 879 2583 929 ὁ
2627 878 2812 949 ἄρτος.
2884 882 3293 953 Προσεκόμιζον
3359 885 3545 939 τοίνυν
3591 887 3701 940 ἀνθ’
3729 890 3885 944 έαυτῷ,

651 980 727 1044 ὡς
764 982 821 1032 ὲν
851 979 1043 1042 τύποις
1068 978 1146 1031 ἔτι
1177 977 1272 1030 καὶ
1324 978 1502 1039 σκιαῖς
1527 977 1576 1027 οἱ
1645 975 2016 1046 προσᾶγοντες
2052 974 2251 1044 ἄρτους
2287 989 2347 1025 τε
2380 971 2623 1042 ἀζύμους
2649 973 2742 1025 καὶ
2770 972 2956 1044 ἄζυμα
2982 976 3123 1028 κατὰ
3154 977 3245 1030 τὸν
3273 978 3464 1047 νόμον.

726 1074 998 1140 Quoniam
1030 1081 1210 1125 autem
1238 1070 1693 1134 catechumenos,
1719 1079 1773 1124 et
1800 1069 1871 1123 ita
1902 1084 1998 1138 per
2026 1082 2246 1122 sacrum

2426 1064 2648 1136 Ἐπειδὴ
2676 1065 2733 1119 δὲ
2774 1068 2868 1121 καὶ
2899 1068 3026 1132 τοὺς
3052 1069 3131 1122 ἔτι
3166 1071 3633 1140 κατηχουμένους,
3668 1072 3751 1125 καὶ
3778 1075 3888 1129 οὔπω

654 1167 927 1235 baptisma
949 1164 1187 1218 nondum
1214 1180 1244 1217 a
1277 1171 1501 1233 peccato
1541 1170 1801 1230 purgatos
1853 1160 2109 1215 Ecclesiis
2144 1175 2248 1213 non

2351 1158 2442 1229 τὴν
2491 1160 2768 1230 ἁμαρτίαν
2820 1161 3244 1230 ὲκνενιμμένους
3294 1161 3386 1215 διὰ
3428 1161 3525 1213 τοῦ
3562 1163 3711 1230 ἁγίου
3740 1166 3887 1233 βαπτί-

654 1257 901 1325 ejicimus
934 1271 1057 1310 cum
1086 1256 1252 1309 Deum
1285 1254 1660 1325 gloriﬁcamus
1693 1271 1706 1306 :
1747 1252 1881 1320 quin
1938 1267 2035 1306 eos
2071 1252 2251 1320 potius

2351 1266 2573 1319 σματος,
2600 1250 2699 1304 οὐκ
2727 1250 3086 1322 ἐκπέμπομεν
3106 1250 3215 1305 τῶν
3248 1253 3593 1322 Ἐκκλησιῶν
3609 1254 3887 1325 805010703"-

654 1348 710 1402 in
735 1346 1159 1402 consummando
1180 1344 1450 1399 sacriﬁcio
1478 1342 1652 1397 laudis
1672 1342 1850 1397 socios
1874 1341 2248 1405 adsciscimus,

2351 1358 2437 1404 τες
2470 1341 2623 1405 Θεὸν,
2654 1341 2959 1407 ποιούμεθα
3005 1343 3064 1395 δὲ
3119 1344 3320 1413 μᾶλλον
3356 1347 3670 1409 κοινωνοὺς,
3701 1348 3783 1419 τὴν
3817 1354 3887 1420 τῆς

656 1440 780 1495 ideo
812 1439 893 1492 lex
930 1438 982 1491 in
1022 1437 1345 1492 fermentato
1378 1435 1550 1502 illam,
1608 1434 2059 1505 gloriﬁcationem
2088 1442 2238 1503 puta,

656 1532 956 1587 faciendam
993 1531 1192 1600 inquit,
1224 1530 1364 1585 sicut
1397 1530 1506 1584 dixi
1543 1545 1558 1583 :
1593 1529 1793 1584 veteris
1824 1529 2082 1598 nequitia:
2112 1529 2241 1583 reli-

656 1625 834 1694 quias,
861 1623 1015 1693 quasi
1044 1623 1312 1692 quoddam
1372 1622 1699 1675 fermentum
1743 1620 1797 1674 in
1856 1634 1916 1675 se
1955 1618 2241 1673 habentem

657 1714 991 1784 significans,
1008 1730 1200 1784 panem
1227 1714 1611 1768 fermentatum
1633 1727 1728 1781 per
1748 1710 1979 1782 aenigma
2004 1711 2240 1765 nondum

2349 1431 2609 1496 αἰνέσεως
2654 1432 2993 1505 πληροῦντες
3043 1434 3234 1490 θυσίαν
3263 1453 3277 1466 ·
3313 1437 3577 1510 ταύτῃτοί
3603 1457 3726 1510 φησι
3767 1446 3839 1495 καὶ
3870 1450 3886 1497 ὁ

2349 1528 2533 1598 νόμος,
2567 1530 2654 1582 ἐπ’
2686 1529 2873 1599 ἄρτοις
2907 1530 3160 1600 ζυμίτσις
3193 1532 3393 1602 χρῆναι
3415 1532 3551 1603 δρᾷν
3570 1532 3744 1603 αὐτὴν.
3766 1535 3887 1605 ἄρτον

2351 1622 2585 1692 ζυμίτην
2635 1621 2809 1689 λέγων
2846 1622 3267 1691 αἰνιγματωδῶς
3289 1623 3385 1675 τὸν
3412 1622 3570 1675 οὔπω
3611 1626 3889 1696 κεκαθαρμέ·

2350 1728 2459 1775 νον,
2491 1712 2565 1774 ὡς
2598 1710 2754 1782 ἔφην,
2784 1710 2871 1765 διὰ
2908 1711 3002 1765 τοῦ
3043 1712 3198 1781 ἁγίου
3233 1713 3636 1785 βαπτίσματος,
3665 1714 3826 1784 ἔχοντα

659 1807 986 1875 baptismate
1015 1816 1323 1876 purgatum.
1366 1825 1384 1857 ι
1415 1803 1519 1859 Vos
1553 1805 1717 1875 igitur
1754 1803 2069 1859 sacerdotes
2089 1801 2245 1867 estis,

2351 1803 2540 1874 ὥσπερ
2573 1803 2697 1856 τινὰ
2748 1804 2928 1875 ζύμην
2958 1806 3014 1857 ἐν
3045 1804 3224 1875 ἑαυτῷ
3250 1805 3316 1858 τὰ
3350 1805 3453 1876 τῆς
3488 1805 3710 1875 ἀρχαίας
3738 1807 3887 1875 φαυλί-

663 1897 860 1966 inquit,
883 1896 974 1965 qui
1012 1897 1293 1965 despicitis
1325 1910 1519 1950 nomen
1549 1910 1749 1960 meum,
1783 1914 1801 1946 ι
1838 1895 1965 1948 dum
1992 1894 2057 1947 ad
2079 1891 2248 1947 altare

664 2005 843 2044 meum
868 2002 1039 2057 panes
1061 1987 1294 2057 pollutos
1316 1985 1544 2042 offertis.
1569 1986 1879 2041 Curandum
1905 2000 2035 2055 ergo
2064 2000 2249 2039 sacer-

664 2079 814 2133 dotio
846 2077 1078 2143 ornatis,
1105 2092 1172 2131 ne
1200 2076 1330 2147 quid
1357 2076 1461 2131 tale
1497 2076 1551 2130 in
1573 2075 1827 2130 Ecclesia
1856 2075 2246 2137 committatur,

665 2183 720 2229 et
752 2171 1044 2227 tenendum
1072 2179 1384 2224 accuratam
1408 2168 1844 2224 observationem
1884 2168 1993 2221 Deo
2036 2174 2248 2236 gratam

663 2273 720 2317 et
738 2263 1034 2335 jucundam
1070 2261 1319 2316 accidere
1345 2276 1361 2326 ;
1386 2270 1594 2327 contra,
1633 2258 1939 2314 socordiam
1995 2259 2048 2312 in
2090 2257 2250 2311 rebus

666 2365 776 2410 tam
802 2353 1128 2408 venerandis
1156 2367 1405 2421 magnam
1438 2351 1513 2406 illi
1547 2366 1736 2406 creare
1770 2349 2115 2407 molestiam;
2152 2363 2252 2403 nec

665 2446 720 2501 id
750 2446 943 2516 supine
978 2444 1310 2515 negligentes
1350 2444 1572 2513 impune
1625 2441 1819 2497 ferent.
1852 2441 1918 2495 Et
1979 2441 2252 2511 quomodo

666 2553 773 2594 non
810 2538 1121 2594 miserabile
1145 2547 1231 2592 est
1260 2536 1407 2592 istud
1451 2535 1682 2592 videre?
1710 2551 1833 2589 cum
1873 2534 1951 2589 illi
1983 2535 2208 2588 audiant
2233 2549 2247 2585 :

671 2648 692 2682 ι
739 2628 849 2684 Vos
877 2628 1191 2684 sacerdotes
1220 2627 1486 2697 estis,qui
1515 2625 1794 2696 despicitis
1832 2640 2025 2679 nomen
2085 2625 2253 2695 826

668 2724 870 2775 meum.
903 2737 921 2770 ι
966 2717 1058 2772 Est
1096 2718 1241 2772 enim
1285 2718 1503 2787 quidam
1534 2724 1882 2782 contemptus
1927 2714 2021 2768 Dei
2070 2729 2252 2769 sacer-

668 2813 854 2866 dotum
886 2810 1166 2879 segnities,
1201 2817 1256 2863 et
1279 2819 1560 2878 peccatum
1594 2807 1720 2863 illud
1775 2807 1955 2877 gloria:
2006 2807 2106 2877 ipsi
2151 2807 2250 2862 tri-

669 2903 896 2959 buenda:
928 2917 995 2957 ac
1017 2902 1212 2957 debita:
1244 2901 1590 2955 adversatur.

744 3077 909 3133 Vens.
946 3075 1000 3129 8.
1030 3074 1168 3140 Quia
1196 3075 1242 3129 si
1279 3074 1515 3144 offeratis
1550 3090 1745 3129 cwcum
1778 3074 1831 3128 in
1880 3074 2201 3144 sacriﬁcium
2231 3112 2247 3139 ,

669 3187 841 3224 nonne
874 3169 1117 3223 malum?
1163 3167 1232 3221 Et
1269 3174 1315 3221 st'
1360 3168 1598 3237 o/feratis
1669 3168 1941 3231 claudum,
1982 3176 2075 3220 aut
2136 3166 2252 3219 lan-
2280 3151 2323 3207 ο

669 3264 919 3335 guidum,
967 3278 1137 3316 nonne
1179 3261 1435 3315 malum?
1482 3258 1630 3329 θίγεν
1678 3260 1815 3313 illud
1858 3260 1980 3313 duci
2039 3274 2164 3325 tuo,
2209 3261 2255 3313 si

668 3356 916 3424 suscipiet
953 3364 1021 3419 te,
1066 3356 1111 3408 si
1153 3354 1371 3423 accipiet
1406 3352 1597 3421 [aciem
1630 3362 1800 3418 luant,
1831 3352 1955 3405 dicit
2005 3351 2256 3406 Dominus

668 3448 1015 3517 omnipotens.

741 3536 835 3593 1X.
876 3536 1012 3592 Cum
1052 3538 1134 3593 lex
1199 3538 1479 3592 mandaret
1502 3538 1543 3571 “
1572 3536 1915 3592 victimarum
1946 3537 2076 3592 vitia
2127 3552 2258 3592 con-

667 3633 933 3695 siderare,
969 3640 1026 3685 et
1051 3631 1271 3685 mutilas
1302 3645 1397 3685 seu
1427 3630 1688 3684 membris
1716 3639 1904 3699 captas
1944 3631 2257 3700 repudiare,

667 3741 736 3779 ex
768 3723 918 3777 omni
950 3731 1103 3791 parte
1142 3721 1385 3792 integras
1424 3721 1759 3787 sacrificare,
1805 3722 1880 3775 illi
1913 3738 1980 3776 eo
2016 3732 2258 3791 tempore

671 3818 811 3872 citra
854 3816 1155 3879 delectum,
1181 3823 1237 3868 et
1259 3814 1405 3868 nullo
1431 3813 1768 3879 discrimine,
1816 3824 2014 3869 cuneta
2066 3813 2261 3870 oll'ere-

672 3909 825 3974 bant,
851 3917 907 3962 et
935 3906 1118 3978 gloriae
1141 3905 1251 3960 Deo
1285 3906 1460 3976 digna:
1500 3905 1639 3959 ratio
1663 3905 1890 3959 omnino
1934 3906 2129 3977 exigua
2162 3907 2259 3960 du-

672 4002 933 4057 cebatur:
969 4010 1029 4054 ut
1050 4008 1234 4053 autem
1262 4013 1426 4068 quam
1447 3998 1708 4068 plurimas
1740 3996 1992 4052 victimas
2026 4013 2260 4067 congre-

672 4104 885 4165 garenl,
915 4103 969 4148 et
995 4092 1208 4162 copiam
1236 4092 1467 4144 arietum
1496 4090 1663 4153 domi,
1694 4104 1760 4144 ac
1793 4089 2029 4145 fortasse
2064 4092 2119 4144 in
2145 4091 2260 4161 ipso

673 4188 1026 4245 tabernaculo
1062 4185 1345 4248 haberent,
1387 4185 1439 4237 in
1497 4197 1562 4236 eo
1613 4182 1902 4252 plurimum
1965 4197 2145 4253 opera:
2197 4197 2261 4237 ac

673 4280 839 4337 studii
874 4279 1318 4335 consumebatur.
1354 4277 1436 4330 Au
1468 4275 1654 4346 igitur,
1705 4290 1739 4329 ο
1788 4275 2037 4345 prmclari
2081 4278 2257 4346 legum

673 4372 947 4437 custodes,
982 4371 1028 4425 si
1063 4370 1188 4440 quis
1220 4384 1422 4423 caecum
1479 4369 1547 4421 ad
1605 4367 1933 4422 sacriﬁcium
1979 4367 2257 4433 obtulerit,

2348 1913 2511 1968 τητος
2538 1896 2791 1967 λείψανα.
2828 1916 2846 1947 ι
2867 1896 3059 1967 Ὑμεῖς
3090 1892 3206 1961 οὖν,
3231 1897 3418 1967 φησὶν,
3450 1897 3499 1948 οἱ
3531 1897 3705 1967 ἱερεῖς,
3728 1897 3769 1948 οί
3792 1915 3887 1965 φαυ-

2349 1988 2588 2053 λίζοντες
2620 1989 2681 2042 τὸ
2714 1989 2887 2060 ὄνομά
2940 2006 3067 2059 μου,
3099 2007 3117 2040 ι
3154 1988 3245 2041 διὰ
3276 1988 3338 2040 τὸ
3373 1988 3699 2059 προσφέρειν
3744 1990 3809 2052 εἰς
3847 1993 3889 2042 ιδ

2339 2081 2736 2152 ’θυσιαστήριον
2772 2097 2874 2151 μου
2909 2079 3107 2152 ἄρτους
3127 2081 3556 2151 ὴλισγημένους.
3581 2081 3695 2152 Χρὴ
3721 2098 3887 2151 τοιγαρο

2350 2170 2443 2224 οὖν
2473 2170 2728 2240 φροντίδα
2768 2169 3041 2223 ποιεῖσθαι
3068 2170 3197 2233 τοὺς
3226 2169 3324 2241 τὴν
3357 2169 3512 2222 θείαν
3538 2170 3742 2240 ἔχοντας
3767 2174 3886 2242 ἱεριοο

2356 2262 2544 2333 σύνην,
2584 2260 2659 2340 μὴ
2689 2261 2796 2333 ἄρα
2824 2279 2876 2315 τι
2904 2260 3079 2331 δρῷτο
3104 2260 3346 2315 τοιοῦτον
3380 2262 3441 2314 ἐν
3492 2261 3796 2333 Ἐκκλησία·
3834 2267 3886 2315 ε’.-

2351 2352 2499 2405 δέναι
2545 2368 2625 2417 τε,
2668 2353 2751 2403 ὃτι
2800 2353 2834 2421 ἡ
2885 2350 2986 2422 μὲν
3030 2352 3264 2423 ἀκριϐὴς
3309 2354 3638 2424 ἑπιτήρησις
3685 2355 3887 2424 εὐφρανεῖ

2352 2441 2505 2509 Θεὸν,
2538 2442 2917 2513 καταλυπήσει
2943 2442 3000 2495 δὲ
3028 2442 3147 2497 λίαν
3193 2444 3253 2497 τὸ
3292 2445 3563 2515 ῥᾳθυμεῖν
3598 2445 3789 2499 ἑλέσθαι
3810 2446 3885 2498 τῶν

2352 2532 2497 2587 οὕτω
2530 2534 2765 2587 σεπτῷν.
2803 2535 2929 2587 Ὅτι
2964 2536 3067 2589 οὐκ
3102 2535 3340 2608 ἀζήμιον
3369 2537 3433 2591 τὸ
3466 2541 3652 2609 χρῆμα
3690 2542 3783 2600 τοῖς
3810 2539 3885 2590 ὑπ-

2352 2626 2658 2695 τιουμένοις
2708 2643 2857 2693 πως,
2919 2628 2977 2680 ού
3033 2628 3382 2700 ταλαίπωρον
3441 2630 3588 2695 ἰδεῖν,
3642 2631 3885 2685 ἀκουόντων

2355 2716 2574 2771 ἐκείνων
2598 2734 2610 2745 ·
2649 2738 2668 2769 ‹
2692 2719 2878 2788 Ὑμεῖς
2907 2720 2955 2772 oi
2986 2720 3170 2788 ίερεῖς,
3202 2721 3251 2772 oi
3280 2722 3633 2789 φαυλίζοντες
3670 2722 3724 2775 τὸ
3757 2723 3885 2791 ὀνομὰ

2356 2826 2480 2879 μου.
2515 2829 2533 2860 ι
2567 2810 2853 2880 Φαύλισμα
2883 2811 2990 2882 γὰρ
3021 2810 3212 2883 ὥσπερ
3242 2814 3321 2878 είς
3357 2813 3493 2867 Θεὸν
3531 2814 3637 2866 τῶν
3664 2813 3820 2884 ἱερέων
3843 2814 3885 2865 τὸ

2356 2901 2621 2973 ῥᾴθυμον,
2649 2902 2743 2954 καὶ
2772 2904 2853 2965 είς
2884 2903 2981 2973 τὴν
3012 2904 3160 2973 αὐτῷ
3188 2906 3512 2976 πρέπουσάν
3536 2923 3594 2959 τε
3620 2907 3706 2960 καὶ
3728 2905 3883 2973 ὀφειλο-

2356 2995 2525 3065 μένην
2554 2992 2710 3058 δόξαν
2738 2995 3072 3066 ἀναφέρεται
3100 2998 3160 3050 τὸ
3194 2997 3597 3070 πλημμέλημα.

2426 3089 2581 3141 Διότι
2611 3086 2719 3140 ἐὰν
2752 3088 3176 3159 προσαγάγητε
3206 3091 3446 3160 τυφλὸν
3486 3094 3570 3157 εἰς
3608 3093 3812 3157 θυσίας,
3833 3094 3881 3143 οὐ

2358 3181 2585 3241 κακόν;
2616 3180 2714 3232 καὶ
2742 3179 2850 3232 ἐὰν
2872 3181 3288 3251 προσαγάγητε
3315 3182 3521 3251 χωλὸν
3560 3184 3596 3251 ἢ
3619 3184 3883 3252 ᾶῤῥωστον.

2358 3271 2430 3323 οὐ
2460 3271 2649 3323 κακόν
2664 3288 2683 3335 ;
2719 3270 3070 3341 Προσὰγιιγε
3095 3272 3171 3342 δὴ
3202 3274 3350 3328 αὐτὸ
3376 3274 3458 3340 τῷ
3479 3275 3767 3345 ἡγουμένῳ
3783 3291 3883 3336 σοι,

2356 3362 2410 3414 εὶ
2456 3362 2855 3429 προσδέξεται
2902 3381 2997 3428 σε,
3030 3368 3080 3418 εὶ
3124 3366 3388 3435 λήψεται
3433 3368 3743 3435 πρόσωπόν
3783 3384 3882 3428 σου,

2358 3450 2520 3521 λέγει
2554 3454 2768 3521 Κύριος
2793 3454 3240 3523 παντοκράτωρ.

2428 3544 2502 3595 Θ¹.
2545 3544 2947 3614 Μωμοσκοπεῖν
2993 3545 3089 3600 τοῦ
3137 3547 3302 3618 νόμου
3354 3550 3424 3602 τὰ
3470 3552 3638 3621 ἱερεῖα
3669 3547 3881 3619 προστάτ-

2358 3652 2561 3700 τοντος,
2610 3636 2708 3689 καὶ
2760 3637 3067 3709 ἀπόϐλητον
3123 3640 3222 3710 μὲν
3270 3642 3543 3695 ποιεῖσθαι
3585 3641 3651 3695 τὰ
3690 3640 3880 3710 ἔμπηρα,

2359 3726 2650 3799 καθιεροῦν
2680 3728 2737 3781 δὲ
2776 3728 2845 3782 τὰ
2865 3729 3095 3801 ἄμωμα,
3124 3734 3528 3804 προσεκόμιζον
3554 3734 3629 3805 τῷ
3655 3734 3881 3796 θυσιαστη-

2361 3820 2462 3891 ρίῳ
2495 3821 2615 3874 κατ’
2649 3823 2825 3874 ἐκεῖνο
2874 3822 2968 3875 τοῦ
3012 3824 3207 3896 καιροῦ
3256 3827 3434 3880 πάντα
3472 3827 3641 3898 χύδην·
3667 3827 3747 3880 καί
3774 3824 3880 3877 ἀδια-

2361 3910 2583 3980 κρίτως,
2616 3913 2830 3982 καὶτῆς
2865 3914 2962 3983 μὲν
2996 3916 3314 3988 πρεπούσης
3341 3918 3504 3989 δόξης
3528 3918 3603 3989 τῷ
3626 3916 3732 3987 Θεῷ
3749 3915 3881 3981 ὀλίγθς

2358 3994 2428 4069 ἦν
2460 4002 2740 4066 παντελῶς
2758 4004 2786 4054 ὁ
2815 4003 3002 4072 λόγος’
3036 4008 3255 4078 φροντὶς
3285 4009 3341 4062 δὲ
3364 4009 3486 4063 λίαν
3513 4004 3877 4075 ὲσπουδασμένη.

2360 4091 2422 4145 τὸ
2455 4092 2682 4146 πλεῖστα
2702 4096 2803 4148 ὅσα
2831 4098 3173 4168 συναγείρειν
3203 4100 3444 4171 θύματα,
3466 4102 3560 4155 καὶ
3591 4099 3744 4172 κριῶν
3761 4095 3880 4163 ἀφθο-

2360 4180 2481 4237 νίαν
2513 4182 2652 4237 οἴκοι
2693 4203 2753 4238 τε
2801 4186 2967 4256 ἔχειτί,
3006 4190 3102 4242 καὶ
3129 4192 3185 4244 ὲν
3212 4193 3350 4264 αὐτῇ
3400 4212 3501 4247 που
3544 4194 3676 4262 τάχα
3704 4192 3761 4258 τῇ
3788 4188 3880 4253 iii?

2566 4270 2595 4293 Ὗ
2679 4277 2692 4295 9
2753 4273 2779 4293 τ’
2879 4272 2903 4292 ‘l’
3011 4280 3036 4291 υ
3116 4282 3126 4295 ο
3328 4284 3339 4298 ι
3614 4285 3624 4296 .
3802 4278 3812 4293 ο

2364 4277 2562 4347 σκηνῇ.
2594 4278 2676 4348 Ap
2721 4295 2832 4342 ουν,
2871 4297 2915 4331 ω
2945 4296 3038 4334 του
3070 4299 3238 4352 νομου
3273 4285 3532 4353 φυλακες,
3580 4301 3625 4335 ει
3671 4293 3878 4351 προσαγει

2359 4382 2445 4428 τις
2472 4366 2672 4435 τυφλὸν
2718 4369 2798 4431 εἰς
2834 4369 3051 4436 θυσίαν,
3076 4372 3135 4425 ού
3168 4374 3336 4427 κακὸν
3368 4376 3430 4429 τὸ
3475 4375 3648 4445 caua;
3688 4373 3730 4424 εί
3763 4370 3806 4421 δὲ
3836 4366 3879 4432 δὴ

674 4468 777 4521 hoc
835 4463 1162 4520 sacrificium
1211 4463 1467 4516 vitiosum
1506 4477 1609 4515 non
1667 4461 1796 4517 est?
1823 4462 1979 4527 Quod
2022 4460 2067 4516 si
2112 4462 2257 4516 elau-

2364 4458 2460 4550 καὶ
2511 4458 2683 4528 χωλὸν
2743 4461 2776 4530 ἢ
2807 4460 3110 4532 ἄρρωστον.
3143 4465 3233 4519 τὸν
3266 4467 3367 4538 τῆς
3398 4465 3667 4538 ἐμπηρίας
3711 4455 3879 4525 διαφεύ-

674 4558 824 4622 dum,
850 4566 944 4609 aut
970 4554 1303 4625 languidum,
1337 4569 1465 4605 num
1513 4568 1572 4606 se
1625 4569 1654 4605 a
1700 4552 1929 4606 crimine
2000 4550 2259 4605 mutilata:

676 4651 909 4703 victinne
950 4649 1086 4702 tueri
1123 4649 1326 4717 poterit
1354 4649 1376 4699 Υ
1404 4647 1485 4699 An
1522 4660 1629 4700 non
1689 4645 1988 4701 istiusmodi
2027 4645 2167 4698 mala
2207 4654 2262 4698 et

675 4743 743 4793 ad
775 4739 1105 4793 sacrificium
1137 4740 1315 4807 inepta
1362 4737 1698 4792 censebitis?
1750 4737 1845 4790 Sin
1906 4737 2066 4791 aliter
2120 4737 2260 4804 apud

677 4834 888 4887 animos
919 4844 1127 4887 vestros
1177 4828 1442 4894 statuitis,
1479 4845 1579 4901 age
1608 4829 1876 4900 quispiam
1923 4844 2021 4899 pro
2051 4828 2209 4883 senio
2243 4867 2259 4893 ,

677 4936 732 4981 ct
758 4926 810 4980 in
854 4924 973 4978 luco
1001 4922 1240 4978 muneris
1276 4924 1365 4978 uni
1414 4938 1635 4978 suorum
1677 4921 2098 4991 gubernatorum
2130 4921 2261 4975 olfe-

680 5031 783 5074 rat.
826 5018 986 5089 Atqui
1042 5031 1147 5072 non
1180 5016 1460 5086 suscipiet,
1500 5015 1696 5084 inquit,
1746 5028 1845 5069 nec
1878 5012 2154 5067 offerentis
2185 5014 2289 5066 fa-A

678 5115 817 5169 ciem
849 5111 1112 5167 reveritus
1140 5109 1268 5165 illud
1290 5109 1627 5165 offerendum
1660 5105 2138 5176 fnissejudicabit,
2173 5121 2263 5161 ve-

681 5206 1089 5271 ltetttentcrqtte,
1126 5210 1185 5254 ut
1227 5200 1422 5268 injuria
1467 5197 1773 5260 lacessitus,
1829 5198 2113 5251 irascetur.
2162 5195 2262 5251 Est.

682 5296 862 5364 itaque
898 5313 928 5348 a
967 5294 1172 5347 ratione
1197 5307 1420 5362 prorsus
1452 5289 1875 5354 alienissimum,
1924 5291 2033 5345 Deo
2067 5291 2265 5344 audere

678 5384 874 5441 oﬂerre
902 5400 1021 5454 quae
1044 5399 1141 5439 nec
1169 5393 1413 5437 nostrum
1437 5381 1635 5451 aliquis
1650 5381 1968 5450 dignaretur
1996 5382 2261 5451 accipere.

682 5477 935 5549 Magnum
970 5478 1071 5532 hoc
1106 5475 1263 5530 nobis
1299 5484 1578 5544 peccatum
1613 5484 1696 5528 est
1728 5512 1743 5538 ,
1782 5474 1825 5528 si
1865 5474 2096 5528 ublaturi
2133 5473 2262 5539 Deo,

679 5586 989 5643 (ιυειετειιιιιις
1024 5568 1208 5624 miseri
1242 5566 1386 5637 quod
1422 5565 1640 5633 fwdius,
1674 5575 1770 5620 aut
1812 5567 1974 5623 vilius
1996 5576 2119 5623 est:
2151 5581 2258 5621 non

759 5757 806 5792 ⁸ο
839 5755 1031 5813 Matth.
1066 5765 1178 5816 xvi,
1210 5750 1264 5805 6.
1341 5747 1382 5779 “
1416 5747 1589 5810 chit.
1618 5765 1756 5821 χιιι,
1782 5748 1846 5811 τι
1876 5763 2029 5820 seqq.

2363 4548 2510 4613 ξεται
2563 4549 2781 4623 μῶμον;
2833 4554 2906 4606 Ub
2957 4555 3066 4625 γὰρ
3113 4556 3176 4627 δὴ
3217 4558 3415 4611 καὶτὰ
3458 4556 3630 4611 τοιάδε
3669 4546 3877 4619 λογιεῖσθε

2360 4641 2524 4707 κακὰ,
2571 4643 2667 4696 καὶ
2715 4646 2850 4714 πρὸς
2882 4645 3073 4700 θυσίαν
3114 4649 3216 4701 οὐκ
3262 4650 3574 4721 ὲπιτήδεια;
3616 4642 3738 4697 Ἀλλ’
3763 4639 3880 4702 εἴπερ

2359 4738 2537 4792 οἴεσθε
2565 4740 2706 4793 κατᾶ
2735 4743 2875 4810 σφᾶς
2903 4743 3002 4813 οὐχ
3028 4738 3128 4799 ὦδε
3160 4744 3326 4815 ἔχειν,
3356 4740 3669 4814 ἀποφερέτω
3687 4751 3757 4798 τις
3777 4728 3878 4785 αὑτᾶ

2362 4830 2553 4896 ξένιον,
2578 4832 2673 4885 καὶ
2698 4835 2755 4886 ὲν
2778 4832 2951 4905 δώρου
2979 4835 3129 4902 τάξει
3159 4837 3269 4889 τῶν
3304 4832 3625 4907 καθηγητῶν
3655 4815 3879 4880 ἑνί.Ἀὶλ’

2363 4923 2463 4977 οὐκ
2501 4924 2568 4977 ἂν
2606 4924 2984 4995 προσδέξαιτο,
3018 4927 3172 4997 φησι,
3206 4926 3316 4980 οὐδ’
3341 4926 3406 4981 ἄν
3438 4927 3498 4979 τὸ
3520 4921 3609 4977 τοῦ
3639 4908 3879 4989 προσκομί·

2366 5012 2551 5076 ξοντος
2599 5014 2890 5085 πρόσωπον
2943 5012 3233 5082 αἰδεσθεὶς,
3263 5017 3442 5070 οἰστὸν
3471 5014 3531 5068 τὸ
3568 5009 3742 5083 χρῆμα
3766 4997 3881 5062 ποιῆ’

2368 5121 2540 5171 σαιτο,
2571 5105 2862 5177 χαλεπανεῖ
2892 5108 2948 5161 δὲ
2980 5108 3098 5161 λίαν
3130 5108 3205 5172 ὼς
3232 5103 3728 5181 ὑϐρισμένος.Ἔστι
3746 5092 3880 5146 τοίνυν

2361 5198 2473 5252 τῶν
2495 5198 2634 5266 ἄγαν
2673 5200 3088 5267 ἐκτοπωτὰτων,
3115 5200 3234 5271 Θεῷ
3256 5201 3578 5273 προσφέρειν
3607 5179 3879 5251 ἀποτολμᾷνν

2362 5291 2399 5347 ἃ
2454 5292 2575 5364 μηδ’
2606 5292 2672 5346 ἂν
2721 5288 2801 5358 εἷς
2847 5294 2953 5347 τῶν
3008 5271 3308 5367 καθ’ήμᾶςή
3338 5296 3507 5348 ἕλοιτο
3554 5286 3737 5342 λαϐεῖν.
3777 5271 3881 5328 Πολὺ

2364 5384 2519 5438 τοῦτο
2538 5387 2667 5457 παρ’
2695 5387 2824 5457 ἡμῖν
2848 5386 2908 5438 τὸ
2932 5386 3313 5459 πλημμέλημα
3334 5404 3346 5416 ·
3373 5388 3421 5440 ει
3450 5383 3554 5454 γάρ
3579 5397 3625 5432 τι
3652 5369 3880 5460 μέλλοιμξν

2366 5477 2755 5548 προσκομίζειν
2775 5476 2913 5547 Θεῷ,
2939 5478 3013 5541 ὡς
3047 5479 3113 5533 ἂν
3143 5480 3360 5550 ἔχοιμεν
3389 5476 3455 5533 τὰ
3478 5469 3679 5542 αἰσχίω,
3704 5459 3781 5516 καὶ
3798 5455 3883 5550 δευξ

2363 5585 2495 5639 τερα
2532 5567 2789 5639 ζητοῖμεν
2841 5569 2892 5622 οἱ
2943 5570 3193 5639 τάλανες,
3234 5570 3335 5625 οὐκ
3378 5561 3687 5623 ἐννοοῦντες,
3716 5553 3786 5606 ὅτι
3811 5536 3880 5596 καὶ
