  <div class='ocr_page' id='page_1' title='image "/cluster/home/n/w/nwhite01/storage/ocr_20150623/72/hvd.32044019207893/154.png"; bbox 0 0 4070 6510; ppageno 0'>
   <div class='ocr_carea' id='block_1_1' title="bbox 242 293 3520 358">
    <p class='ocr_par' dir='ltr' id='par_1_1' title="bbox 242 293 3520 358">
     <span class='ocr_line' id='line_1_1' title="bbox 242 293 3520 358; baseline 0.001 -6"><span class='ocrx_word' id='word_1_1' title='bbox 242 295 364 352; x_wconf 54' lang='lat'><strong>993</strong></span> <span class='ocrx_word' id='word_1_2' title='bbox 1065 293 1622 352; x_wconf 69' lang='lat' dir='ltr'><strong>COMMENTARIUS</strong></span> <span class='ocrx_word' id='word_1_3' title='bbox 1661 293 1729 351; x_wconf 89' lang='lat' dir='ltr'><strong>IN</strong></span> <span class='ocrx_word' id='word_1_4' title='bbox 1771 296 2178 351; x_wconf 74' lang='lat' dir='ltr'><strong>MALACIIIAM</strong></span> <span class='ocrx_word' id='word_1_5' title='bbox 2223 298 2662 355; x_wconf 74' lang='lat' dir='ltr'><strong>PROPHETAM.</strong></span> <span class='ocrx_word' id='word_1_6' title='bbox 3405 299 3520 358; x_wconf 56' lang='lat' dir='ltr'><strong>29L</strong></span> 
     </span>
    </p>
   </div>
   <div class='ocr_carea' id='block_1_2' title="bbox 250 407 1824 488">
    <p class='ocr_par' dir='ltr' id='par_1_2' title="bbox 250 407 1824 485">
     <span class='ocr_line' id='line_1_2' title="bbox 250 407 1824 485; baseline 0.001 -22"><span class='ocrx_word' id='word_1_7' title='bbox 250 410 396 463; x_wconf 78' lang='grc' dir='ltr'>Καῒν</span> <span class='ocrx_word' id='word_1_8' title='bbox 440 409 627 462; x_wconf 86' lang='grc' dir='ltr'>θυσιαν</span> <span class='ocrx_word' id='word_1_9' title='bbox 670 425 771 462; x_wconf 84' lang='grc' dir='ltr'>ουκ</span> <span class='ocrx_word' id='word_1_10' title='bbox 816 407 1054 463; x_wconf 76' lang='grc' dir='ltr'>ἐποιεῖτο</span> <span class='ocrx_word' id='word_1_11' title='bbox 1098 411 1318 483; x_wconf 78' lang='grc' dir='ltr'>δεκτὴν,</span> <span class='ocrx_word' id='word_1_12' title='bbox 1348 412 1430 465; x_wconf 81' lang='grc' dir='ltr'>ὅτι</span> <span class='ocrx_word' id='word_1_13' title='bbox 1463 413 1824 485; x_wconf 78' lang='grc' dir='ltr'>προσεκόμιζε</span> 
     </span>
    </p>
   </div>
   <div class='ocr_carea' id='block_1_3' title="bbox 1926 407 3510 488">
    <p class='ocr_par' dir='ltr' id='par_1_3' title="bbox 1941 414 3510 488">
     <span class='ocr_line' id='line_1_3' title="bbox 1941 414 3510 488; baseline 0.001 -19"><span class='ocrx_word' id='word_1_14' title='bbox 1941 414 2243 485; x_wconf 76' lang='lat' dir='ltr'><strong>cogitantes</strong></span> <span class='ocrx_word' id='word_1_15' title='bbox 2275 433 2382 485; x_wconf 91' lang='lat' dir='ltr'><strong>quo</strong></span> <span class='ocrx_word' id='word_1_16' title='bbox 2404 427 2561 488; x_wconf 87' lang='lat' dir='ltr'><strong>pacto</strong></span> <span class='ocrx_word' id='word_1_17' title='bbox 2581 417 2735 472; x_wconf 86' lang='lat' dir='ltr'><strong>Caini</strong></span> <span class='ocrx_word' id='word_1_18' title='bbox 2764 417 3086 472; x_wconf 86' lang='lat' dir='ltr'><strong>sacriﬁcium</strong></span> <span class='ocrx_word' id='word_1_19' title='bbox 3118 417 3510 486; x_wconf 72' lang='lat' dir='ltr'><strong>.repudiaverit,</strong></span> 
     </span>
    </p>
   </div>
   <div class='ocr_carea' id='block_1_4' title="bbox 251 501 1824 578">
    <p class='ocr_par' dir='ltr' id='par_1_4' title="bbox 251 501 1824 577">
     <span class='ocr_line' id='line_1_4' title="bbox 251 501 1824 577; baseline 0.001 -22"><span class='ocrx_word' id='word_1_20' title='bbox 251 503 357 572; x_wconf 85' lang='grc' dir='ltr'>μὲν</span> <span class='ocrx_word' id='word_1_21' title='bbox 390 504 489 555; x_wconf 83' lang='grc' dir='ltr'><strong>οὐκ</strong></span> <span class='ocrx_word' id='word_1_22' title='bbox 536 501 732 573; x_wconf 79' lang='grc' dir='ltr'>ὀρθῶς,</span> <span class='ocrx_word' id='word_1_23' title='bbox 761 502 940 573; x_wconf 82' lang='grc' dir='ltr'>ἑαυτῷ</span> <span class='ocrx_word' id='word_1_24' title='bbox 974 503 1074 573; x_wconf 85' lang='grc' dir='ltr'>μὲν</span> <span class='ocrx_word' id='word_1_25' title='bbox 1111 503 1180 557; x_wconf 82' lang='grc' dir='ltr'><strong>τὰ</strong></span> <span class='ocrx_word' id='word_1_26' title='bbox 1210 504 1402 575; x_wconf 82' lang='grc' dir='ltr'>πρῶτα</span> <span class='ocrx_word' id='word_1_27' title='bbox 1446 506 1543 557; x_wconf 79' lang='grc' dir='ltr'>καὶ</span> <span class='ocrx_word' id='word_1_28' title='bbox 1584 505 1824 577; x_wconf 78' lang='grc' dir='ltr'><strong>ἐξαίρετα</strong></span> 
     </span>
    </p>
   </div>
   <div class='ocr_carea' id='block_1_5' title="bbox 1926 501 3511 578">
    <p class='ocr_par' dir='ltr' id='par_1_5' title="bbox 1941 508 3511 578">
     <span class='ocr_line' id='line_1_5' title="bbox 1941 508 3511 578; baseline 0.002 -18"><span class='ocrx_word' id='word_1_29' title='bbox 1941 508 2196 577; x_wconf 90' lang='lat' dir='ltr'><strong>quoniam</strong></span> <span class='ocrx_word' id='word_1_30' title='bbox 2225 508 2443 564; x_wconf 85' lang='lat' dir='ltr'><strong>sinistre</strong></span> <span class='ocrx_word' id='word_1_31' title='bbox 2483 508 2762 576; x_wconf 83' lang='lat' dir='ltr'><strong>oﬁ‘erebat,</strong></span> <span class='ocrx_word' id='word_1_32' title='bbox 2793 525 2915 564; x_wconf 88' lang='lat' dir='ltr'><strong>cum</strong></span> <span class='ocrx_word' id='word_1_33' title='bbox 2937 509 3044 563; x_wconf 89' lang='lat' dir='ltr'><strong>sibi</strong></span> <span class='ocrx_word' id='word_1_34' title='bbox 3084 509 3256 578; x_wconf 88' lang='lat' dir='ltr'><strong>prima</strong></span> <span class='ocrx_word' id='word_1_35' title='bbox 3294 518 3349 563; x_wconf 90' lang='lat' dir='ltr'><strong>et</strong></span> <span class='ocrx_word' id='word_1_36' title='bbox 3375 524 3511 577; x_wconf 74' lang='lat' dir='ltr'><strong>pra:-</strong></span> 
     </span>
    </p>
   </div>
   <div class='ocr_carea' id='block_1_6' title="bbox 236 592 1871 673">
    <p class='ocr_par' dir='ltr' id='par_1_6' title="bbox 236 592 1871 673">
     <span class='ocr_line' id='line_1_6' title="bbox 236 592 1871 673; baseline 0.002 -27"><span class='ocrx_word' id='word_1_37' title='bbox 236 592 592 663; x_wconf 78' lang='grc' dir='ltr'>τετηρηκὼς,</span> <span class='ocrx_word' id='word_1_38' title='bbox 633 594 802 663; x_wconf 82' lang='grc' dir='ltr'>τιμᾷν</span> <span class='ocrx_word' id='word_1_39' title='bbox 852 592 910 645; x_wconf 78' lang='grc' dir='ltr'>δὲ</span> <span class='ocrx_word' id='word_1_40' title='bbox 946 594 1188 673; x_wconf 61' lang='grc' dir='ltr'>«νομίσας</span> <span class='ocrx_word' id='word_1_41' title='bbox 1219 597 1332 673; x_wconf 85' lang='grc' dir='ltr'>τοῖς</span> <span class='ocrx_word' id='word_1_42' title='bbox 1363 595 1640 667; x_wconf 85' lang='grc' dir='ltr'>δευτέροις</span> <span class='ocrx_word' id='word_1_43' title='bbox 1684 596 1833 651; x_wconf 83' lang='grc' dir='ltr'>Θεόν.</span> <span class='ocrx_word' id='word_1_44' title='bbox 1868 648 1871 655; x_wconf 82' lang='grc'><strong>,</strong></span> 
     </span>
    </p>
   </div>
   <div class='ocr_carea' id='block_1_7' title="bbox 1940 600 3511 668">
    <p class='ocr_par' dir='ltr' id='par_1_7' title="bbox 1940 600 3511 668">
     <span class='ocr_line' id='line_1_7' title="bbox 1940 600 3511 668; baseline 0.001 -16"><span class='ocrx_word' id='word_1_45' title='bbox 1940 601 2097 666; x_wconf 87' lang='lat' dir='ltr'><strong>cipua</strong></span> <span class='ocrx_word' id='word_1_46' title='bbox 2159 610 2483 666; x_wconf 89' lang='lat' dir='ltr'><strong>reservaret,</strong></span> <span class='ocrx_word' id='word_1_47' title='bbox 2518 611 2572 668; x_wconf 82' lang='lat' dir='ltr'><strong>et</strong></span> <span class='ocrx_word' id='word_1_48' title='bbox 2613 600 2967 655; x_wconf 84' lang='lat' dir='ltr'><strong>deterioribus</strong></span> <span class='ocrx_word' id='word_1_49' title='bbox 3012 600 3177 655; x_wconf 85' lang='lat' dir='ltr'><strong>Deum</strong></span> <span class='ocrx_word' id='word_1_50' title='bbox 3242 614 3303 655; x_wconf 88' lang='lat' dir='ltr'><strong>se</strong></span> <span class='ocrx_word' id='word_1_51' title='bbox 3342 600 3511 655; x_wconf 87' lang='lat' dir='ltr'><strong>bono-</strong></span> 
     </span>
    </p>
   </div>
   <div class='ocr_carea' id='block_1_8' title="bbox 257 670 1824 769">
    <p class='ocr_par' dir='ltr' id='par_1_8' title="bbox 257 670 1824 769">
     <span class='ocr_line' id='line_1_8' title="bbox 257 670 1824 769; baseline 0.003 -32"><span class='ocrx_word' id='word_1_52' title='bbox 257 683 403 737; x_wconf 80' lang='grc' dir='ltr'>Ἀλλ’</span> <span class='ocrx_word' id='word_1_53' title='bbox 431 684 492 736; x_wconf 80' lang='grc' dir='ltr'>οὐ</span> <span class='ocrx_word' id='word_1_54' title='bbox 540 682 839 763; x_wconf 62' lang='grc' dir='ltr'>προσέσχεν</span> <span class='ocrx_word' id='word_1_55' title='bbox 861 683 1035 737; x_wconf 78' lang='grc' dir='ltr'>,αὐτοῦ</span> <span class='ocrx_word' id='word_1_56' title='bbox 1064 670 1184 748; x_wconf 84' lang='grc' dir='ltr'>ταῖς</span> <span class='ocrx_word' id='word_1_57' title='bbox 1227 670 1440 750; x_wconf 82' lang='grc' dir='ltr'>θυσίαις</span> <span class='ocrx_word' id='word_1_58' title='bbox 1484 685 1658 769; x_wconf 79' lang='grc' dir='ltr'>ὁτῶν</span> <span class='ocrx_word' id='word_1_59' title='bbox 1700 687 1824 742; x_wconf 64' lang='grc' dir='ltr'>ὃλωκ.</span> 
     </span>
    </p>
   </div>
   <div class='ocr_carea' id='block_1_9' title="bbox 1926 670 3512 769">
    <p class='ocr_par' dir='ltr' id='par_1_9' title="bbox 1940 692 3512 767">
     <span class='ocr_line' id='line_1_9' title="bbox 1940 692 3512 767; baseline 0 -23"><span class='ocrx_word' id='word_1_60' title='bbox 1940 696 2179 746; x_wconf 88' lang='lat' dir='ltr'><strong>raturum</strong></span> <span class='ocrx_word' id='word_1_61' title='bbox 2205 702 2435 761; x_wconf 81' lang='lat' dir='ltr'><strong>putaret.</strong></span> <span class='ocrx_word' id='word_1_62' title='bbox 2468 693 2666 748; x_wconf 74' lang='lat' dir='ltr'><strong>Verum</strong></span> <span class='ocrx_word' id='word_1_63' title='bbox 2692 693 3072 767; x_wconf 83' lang='lat' dir='ltr'><strong>universorum</strong></span> <span class='ocrx_word' id='word_1_64' title='bbox 3113 692 3251 746; x_wconf 88' lang='lat' dir='ltr'><strong>Deus</strong></span> <span class='ocrx_word' id='word_1_65' title='bbox 3306 692 3372 744; x_wconf 88' lang='lat' dir='ltr'><strong>ad</strong></span> <span class='ocrx_word' id='word_1_66' title='bbox 3420 707 3512 745; x_wconf 85' lang='lat' dir='ltr'><strong>sa-</strong></span> 
     </span>
    </p>
   </div>
   <div class='ocr_carea' id='block_1_10' title="bbox 235 773 1824 854">
    <p class='ocr_par' dir='ltr' id='par_1_10' title="bbox 235 773 1824 849">
     <span class='ocr_line' id='line_1_10' title="bbox 235 773 1824 849; baseline 0.004 -23"><span class='ocrx_word' id='word_1_67' title='bbox 235 775 402 837; x_wconf 73' lang='grc' dir='ltr'>Θεός;</span> <span class='ocrx_word' id='word_1_68' title='bbox 435 776 507 827; x_wconf 71' lang='grc' dir='ltr'><strong>Οὐ</strong></span> <span class='ocrx_word' id='word_1_69' title='bbox 534 774 642 846; x_wconf 74' lang='grc' dir='ltr'>γὰρ</span> <span class='ocrx_word' id='word_1_70' title='bbox 673 773 937 843; x_wconf 83' lang='grc' dir='ltr'><strong>λογιεῖται</strong></span> <span class='ocrx_word' id='word_1_71' title='bbox 960 775 1128 848; x_wconf 82' lang='grc' dir='ltr'>τιμὴν</span> <span class='ocrx_word' id='word_1_72' title='bbox 1159 776 1271 831; x_wconf 84' lang='grc' dir='ltr'><strong>τῶν</strong></span> <span class='ocrx_word' id='word_1_73' title='bbox 1307 778 1727 849; x_wconf 76' lang='grc' dir='ltr'><strong>προσφερόντων</strong></span> <span class='ocrx_word' id='word_1_74' title='bbox 1774 779 1824 832; x_wconf 74' lang='grc' dir='ltr'>τὶ</span> 
     </span>
    </p>
   </div>
   <div class='ocr_carea' id='block_1_11' title="bbox 1926 773 3509 854">
    <p class='ocr_par' dir='ltr' id='par_1_11' title="bbox 1935 782 3509 854">
     <span class='ocr_line' id='line_1_11' title="bbox 1935 782 3509 854; baseline 0 -17"><span class='ocrx_word' id='word_1_75' title='bbox 1935 784 2200 838; x_wconf 92' lang='lat' dir='ltr'><strong>criﬁcium</strong></span> <span class='ocrx_word' id='word_1_76' title='bbox 2223 783 2340 854; x_wconf 87' lang='lat' dir='ltr'><strong>ejus</strong></span> <span class='ocrx_word' id='word_1_77' title='bbox 2369 800 2471 837; x_wconf 92' lang='lat' dir='ltr'><strong>non</strong></span> <span class='ocrx_word' id='word_1_78' title='bbox 2506 785 2741 852; x_wconf 77' lang='lat' dir='ltr'><strong>respexit</strong></span> <span class='ocrx_word' id='word_1_79' title='bbox 2764 786 2828 838; x_wconf 71' lang='grc' dir='ltr'><strong>θ’.</strong></span> <span class='ocrx_word' id='word_1_80' title='bbox 2850 783 2962 838; x_wconf 84' lang='lat' dir='ltr'><strong>Non</strong></span> <span class='ocrx_word' id='word_1_81' title='bbox 2992 784 3136 838; x_wconf 90' lang='lat' dir='ltr'><strong>enim</strong></span> <span class='ocrx_word' id='word_1_82' title='bbox 3164 782 3509 838; x_wconf 82' lang='lat' dir='ltr'><strong>oﬁerentium</strong></span> 
     </span>
    </p>
   </div>
   <div class='ocr_carea' id='block_1_12' title="bbox 237 866 515 936">
    <p class='ocr_par' dir='ltr' id='par_1_12' title="bbox 237 866 515 936">
     <span class='ocr_line' id='line_1_12' title="bbox 237 866 515 936; baseline 0.018 -19"><span class='ocrx_word' id='word_1_83' title='bbox 237 866 515 936; x_wconf 69' lang='grc' dir='ltr'>ῥᾴθυμον.</span> 
     </span>
    </p>
   </div>
   <div class='ocr_carea' id='block_1_13' title="bbox 333 979 1833 1055">
    <p class='ocr_par' dir='ltr' id='par_1_13' title="bbox 333 979 1833 1055">
     <span class='ocr_line' id='line_1_13' title="bbox 333 979 1833 1055; baseline 0.005 -23"><span class='ocrx_word' id='word_1_84' title='bbox 333 979 713 1052; x_wconf 69' lang='grc' dir='ltr'>Ἀπαράδεὶιτά</span> <span class='ocrx_word' id='word_1_85' title='bbox 754 997 821 1047; x_wconf 81' lang='grc' dir='ltr'><strong>γε</strong></span> <span class='ocrx_word' id='word_1_86' title='bbox 871 980 980 1054; x_wconf 79' lang='grc' dir='ltr'>μὴν</span> <span class='ocrx_word' id='word_1_87' title='bbox 1009 983 1038 1036; x_wconf 84' lang='grc' dir='ltr'><strong>ὁ</strong></span> <span class='ocrx_word' id='word_1_88' title='bbox 1068 980 1336 1055; x_wconf 80' lang='grc' dir='ltr'>νόμοςείς</span> <span class='ocrx_word' id='word_1_89' title='bbox 1372 983 1561 1040; x_wconf 83' lang='grc' dir='ltr'>θυσίαν</span> <span class='ocrx_word' id='word_1_90' title='bbox 1600 984 1833 1039; x_wconf 75' lang='grc' dir='ltr'>ἐποιεῖτο</span> 
     </span>
    </p>
   </div>
   <div class='ocr_carea' id='block_1_14' title="bbox 1936 872 2873 944">
    <p class='ocr_par' dir='ltr' id='par_1_14' title="bbox 1936 872 2873 944">
     <span class='ocr_line' id='line_1_14' title="bbox 1936 872 2873 944; baseline 0.002 -15"><span class='ocrx_word' id='word_1_91' title='bbox 1936 872 2333 944; x_wconf 80' lang='lat' dir='ltr'><strong>negligentiam</strong></span> <span class='ocrx_word' id='word_1_92' title='bbox 2351 878 2452 932; x_wconf 85' lang='lat' dir='ltr'><strong>sibi</strong></span> <span class='ocrx_word' id='word_1_93' title='bbox 2472 878 2679 931; x_wconf 78' lang='lat' dir='ltr'><strong>‘honuri’</strong></span> <span class='ocrx_word' id='word_1_94' title='bbox 2704 877 2873 931; x_wconf 88' lang='lat' dir='ltr'><strong>ducit.</strong></span> 
     </span>
    </p>
   </div>
   <div class='ocr_carea' id='block_1_15' title="bbox 1982 980 3509 1054">
    <p class='ocr_par' dir='ltr' id='par_1_15' title="bbox 1982 980 3509 1054">
     <span class='ocr_line' id='line_1_15' title="bbox 1982 980 3509 1054; baseline 0.002 -14"><span class='ocrx_word' id='word_1_95' title='bbox 1982 980 2173 1043; x_wconf 41' lang='lat' dir='ltr'><strong>‘Porro</strong></span> <span class='ocrx_word' id='word_1_96' title='bbox 2195 986 2275 1046; x_wconf 82' lang='lat' dir='ltr'><strong>lex</strong></span> <span class='ocrx_word' id='word_1_97' title='bbox 2306 1006 2444 1044; x_wconf 71' lang='lat' dir='ltr'><strong>caeca</strong></span> <span class='ocrx_word' id='word_1_98' title='bbox 2483 989 2733 1044; x_wconf 78' lang='lat' dir='ltr'><strong>animalia</strong></span> <span class='ocrx_word' id='word_1_99' title='bbox 2766 1006 2795 1043; x_wconf 89' lang='lat' dir='ltr'><strong>a</strong></span> <span class='ocrx_word' id='word_1_100' title='bbox 2826 989 3093 1045; x_wconf 82' lang='lat' dir='ltr'><strong>sacriﬁcio</strong></span> <span class='ocrx_word' id='word_1_101' title='bbox 3144 988 3467 1045; x_wconf 82' lang='lat' dir='ltr'><strong>excludebat</strong></span> <span class='ocrx_word' id='word_1_102' title='bbox 3492 1029 3509 1054; x_wconf 89' lang='lat'><strong>,</strong></span> 
     </span>
    </p>
   </div>
   <div class='ocr_carea' id='block_1_16' title="bbox 240 1072 1824 1150">
    <p class='ocr_par' dir='ltr' id='par_1_16' title="bbox 240 1072 1824 1148">
     <span class='ocr_line' id='line_1_16' title="bbox 240 1072 1824 1148; baseline 0.004 -23"><span class='ocrx_word' id='word_1_103' title='bbox 240 1072 313 1126; x_wconf 82' lang='grc' dir='ltr'><strong>τά</strong></span> <span class='ocrx_word' id='word_1_104' title='bbox 338 1073 520 1143; x_wconf 85' lang='grc' dir='ltr'>τυφλά</span> <span class='ocrx_word' id='word_1_105' title='bbox 549 1074 656 1126; x_wconf 84' lang='grc' dir='ltr'>τῶν</span> <span class='ocrx_word' id='word_1_106' title='bbox 689 1073 1045 1145; x_wconf 84' lang='grc' dir='ltr'>Θρεμμάτων,</span> <span class='ocrx_word' id='word_1_107' title='bbox 1076 1076 1171 1130; x_wconf 80' lang='grc' dir='ltr'><strong>καὶ</strong></span> <span class='ocrx_word' id='word_1_108' title='bbox 1201 1076 1307 1148; x_wconf 80' lang='grc' dir='ltr'>μὴν</span> <span class='ocrx_word' id='word_1_109' title='bbox 1335 1076 1406 1131; x_wconf 83' lang='grc' dir='ltr'><strong>τὰ</strong></span> <span class='ocrx_word' id='word_1_110' title='bbox 1432 1078 1585 1148; x_wconf 84' lang='grc' dir='ltr'>χωλά</span> <span class='ocrx_word' id='word_1_111' title='bbox 1624 1096 1684 1131; x_wconf 88' lang='grc' dir='ltr'><strong>τε</strong></span> <span class='ocrx_word' id='word_1_112' title='bbox 1737 1080 1824 1132; x_wconf 61' lang='grc' dir='ltr'>καί</span> 
     </span>
    </p>
   </div>
   <div class='ocr_carea' id='block_1_17' title="bbox 1926 1072 3507 1150">
    <p class='ocr_par' dir='ltr' id='par_1_17' title="bbox 1935 1076 3507 1150">
     <span class='ocr_line' id='line_1_17' title="bbox 1935 1076 3507 1150; baseline 0.001 -18"><span class='ocrx_word' id='word_1_113' title='bbox 1935 1088 1992 1132; x_wconf 86' lang='lat' dir='ltr'><strong>ut</strong></span> <span class='ocrx_word' id='word_1_114' title='bbox 2022 1080 2183 1133; x_wconf 90' lang='lat' dir='ltr'><strong>etiam</strong></span> <span class='ocrx_word' id='word_1_115' title='bbox 2210 1082 2399 1135; x_wconf 89' lang='lat' dir='ltr'><strong>clauda</strong></span> <span class='ocrx_word' id='word_1_116' title='bbox 2433 1076 2497 1136; x_wconf 84' lang='lat' dir='ltr'><strong>et</strong></span> <span class='ocrx_word' id='word_1_117' title='bbox 2540 1082 2779 1135; x_wconf 83' lang='lat' dir='ltr'><strong>morbida</strong></span> <span class='ocrx_word' id='word_1_118' title='bbox 2812 1096 2837 1134; x_wconf 87' lang='lat'><strong>-:</strong></span> <span class='ocrx_word' id='word_1_119' title='bbox 2874 1096 3015 1135; x_wconf 73' lang='lat' dir='ltr'><strong>caeco</strong></span> <span class='ocrx_word' id='word_1_120' title='bbox 3082 1098 3177 1150; x_wconf 88' lang='lat' dir='ltr'><strong>per</strong></span> <span class='ocrx_word' id='word_1_121' title='bbox 3228 1082 3507 1150; x_wconf 75' lang='lat' dir='ltr'><strong>atn‘bagent</strong></span> 
     </span>
    </p>
   </div>
   <div class='ocr_carea' id='block_1_18' title="bbox 230 1159 1824 1241">
    <p class='ocr_par' dir='ltr' id='par_1_18' title="bbox 230 1159 1824 1241">
     <span class='ocr_line' id='line_1_18' title="bbox 230 1159 1824 1241; baseline 0.005 -24"><span class='ocrx_word' id='word_1_122' title='bbox 230 1159 526 1237; x_wconf 62' lang='grc' dir='ltr'>ᾆρῤωστα,</span> <span class='ocrx_word' id='word_1_123' title='bbox 555 1164 650 1219; x_wconf 87' lang='grc' dir='ltr'><strong>τοῦ</strong></span> <span class='ocrx_word' id='word_1_124' title='bbox 679 1168 776 1237; x_wconf 82' lang='grc' dir='ltr'>μὲν</span> <span class='ocrx_word' id='word_1_125' title='bbox 808 1167 1010 1236; x_wconf 90' lang='grc' dir='ltr'>τυφλοῦ</span> <span class='ocrx_word' id='word_1_126' title='bbox 1034 1170 1393 1239; x_wconf 78' lang='grc' dir='ltr'><strong>σημαίνοντος</strong></span> <span class='ocrx_word' id='word_1_127' title='bbox 1417 1171 1824 1241; x_wconf 84' lang='grc' dir='ltr'>αίνιγματωδῶς</span> 
     </span>
    </p>
   </div>
   <div class='ocr_carea' id='block_1_19' title="bbox 1926 1159 3509 1241">
    <p class='ocr_par' dir='ltr' id='par_1_19' title="bbox 1932 1164 3509 1240">
     <span class='ocr_line' id='line_1_19' title="bbox 1932 1164 3509 1240; baseline 0.001 -15"><span class='ocrx_word' id='word_1_128' title='bbox 1932 1164 2272 1240; x_wconf 85' lang='lat' dir='ltr'><strong>signiﬁcante</strong></span> <span class='ocrx_word' id='word_1_129' title='bbox 2328 1174 2564 1227; x_wconf 81' lang='lat' dir='ltr'><strong>divinam</strong></span> <span class='ocrx_word' id='word_1_130' title='bbox 2622 1172 3068 1227; x_wconf 88' lang='lat' dir='ltr'><strong>illuminationem</strong></span> <span class='ocrx_word' id='word_1_131' title='bbox 3147 1172 3200 1226; x_wconf 90' lang='lat' dir='ltr'><strong>in</strong></span> <span class='ocrx_word' id='word_1_132' title='bbox 3255 1173 3509 1228; x_wconf 89' lang='lat' dir='ltr'><strong>cordibus</strong></span> 
     </span>
    </p>
   </div>
   <div class='ocr_carea' id='block_1_20' title="bbox 237 1257 1824 1333">
    <p class='ocr_par' dir='ltr' id='par_1_20' title="bbox 237 1257 1824 1333">
     <span class='ocr_line' id='line_1_20' title="bbox 237 1257 1824 1333; baseline 0.005 -25"><span class='ocrx_word' id='word_1_133' title='bbox 237 1257 374 1321; x_wconf 72' lang='grc' dir='ltr'>τοὺς</span> <span class='ocrx_word' id='word_1_134' title='bbox 423 1257 513 1310; x_wconf 81' lang='grc' dir='ltr'>τὸν</span> <span class='ocrx_word' id='word_1_135' title='bbox 562 1257 854 1312; x_wconf 77' lang='grc' dir='ltr'>Θεῖονόὑκ</span> <span class='ocrx_word' id='word_1_136' title='bbox 888 1258 1109 1329; x_wconf 73' lang='grc' dir='ltr'>ἔχοντας</span> <span class='ocrx_word' id='word_1_137' title='bbox 1153 1259 1432 1332; x_wconf 69' lang='grc' dir='ltr'>φωτισμὸν</span> <span class='ocrx_word' id='word_1_138' title='bbox 1467 1264 1525 1315; x_wconf 86' lang='grc' dir='ltr'>ὲν</span> <span class='ocrx_word' id='word_1_139' title='bbox 1554 1262 1824 1333; x_wconf 82' lang='grc' dir='ltr'>καρδίαις·</span> 
     </span>
    </p>
   </div>
   <div class='ocr_carea' id='block_1_21' title="bbox 1926 1257 3508 1333">
    <p class='ocr_par' dir='ltr' id='par_1_21' title="bbox 1932 1263 3508 1332">
     <span class='ocr_line' id='line_1_21' title="bbox 1932 1263 3508 1332; baseline 0.002 -18"><span class='ocrx_word' id='word_1_140' title='bbox 1932 1276 2037 1316; x_wconf 89' lang='lat' dir='ltr'><strong>non</strong></span> <span class='ocrx_word' id='word_1_141' title='bbox 2066 1263 2325 1317; x_wconf 84' lang='lat' dir='ltr'><strong>habentes</strong></span> <span class='ocrx_word' id='word_1_142' title='bbox 2354 1281 2370 1319; x_wconf 85' lang='lat'><strong><em>:</em></strong></span> <span class='ocrx_word' id='word_1_143' title='bbox 2398 1263 2612 1328; x_wconf 84' lang='lat' dir='ltr'><strong>claudo,</strong></span> <span class='ocrx_word' id='word_1_144' title='bbox 2646 1263 2948 1317; x_wconf 86' lang='lat' dir='ltr'><strong>nescientes</strong></span> <span class='ocrx_word' id='word_1_145' title='bbox 2980 1263 3031 1316; x_wconf 92' lang='lat' dir='ltr'><strong>in</strong></span> <span class='ocrx_word' id='word_1_146' title='bbox 3058 1263 3224 1317; x_wconf 91' lang='lat' dir='ltr'><strong>bonis</strong></span> <span class='ocrx_word' id='word_1_147' title='bbox 3257 1264 3508 1332; x_wconf 79' lang='lat' dir='ltr'><strong>operibus</strong></span> 
     </span>
    </p>
   </div>
   <div class='ocr_carea' id='block_1_22' title="bbox 233 1346 1824 1429">
    <p class='ocr_par' dir='ltr' id='par_1_22' title="bbox 233 1346 1824 1422">
     <span class='ocr_line' id='line_1_22' title="bbox 233 1346 1824 1422; baseline 0.005 -23"><span class='ocrx_word' id='word_1_148' title='bbox 233 1346 336 1400; x_wconf 79' lang='grc' dir='ltr'><strong>τοῦ</strong></span> <span class='ocrx_word' id='word_1_149' title='bbox 366 1347 426 1401; x_wconf 79' lang='grc' dir='ltr'>δὲ</span> <span class='ocrx_word' id='word_1_150' title='bbox 450 1346 647 1417; x_wconf 85' lang='grc' dir='ltr'>χωλοῦ,</span> <span class='ocrx_word' id='word_1_151' title='bbox 684 1350 811 1412; x_wconf 77' lang='grc' dir='ltr'>τοὺς</span> <span class='ocrx_word' id='word_1_152' title='bbox 834 1349 935 1402; x_wconf 82' lang='grc' dir='ltr'><strong>οὑκ</strong></span> <span class='ocrx_word' id='word_1_153' title='bbox 969 1351 1177 1415; x_wconf 81' lang='grc' dir='ltr'>εἰδότας</span> <span class='ocrx_word' id='word_1_154' title='bbox 1199 1352 1519 1422; x_wconf 64' lang='grc' dir='ltr'>ὀρθοποδεῖν</span> <span class='ocrx_word' id='word_1_155' title='bbox 1544 1355 1597 1406; x_wconf 71' lang='grc' dir='ltr'><strong>ἱν</strong></span> <span class='ocrx_word' id='word_1_156' title='bbox 1624 1354 1824 1422; x_wconf 83' lang='grc' dir='ltr'>ἀγαθο-</span> 
     </span>
    </p>
   </div>
   <div class='ocr_carea' id='block_1_23' title="bbox 1926 1346 3504 1429">
    <p class='ocr_par' dir='ltr' id='par_1_23' title="bbox 1931 1354 3504 1429">
     <span class='ocr_line' id='line_1_23' title="bbox 1931 1354 3504 1429; baseline 0.001 -22"><span class='ocrx_word' id='word_1_157' title='bbox 1931 1356 2394 1429; x_wconf 87' lang='lat' dir='ltr'><strong>rectaincedere:</strong></span> <span class='ocrx_word' id='word_1_158' title='bbox 2438 1354 2684 1425; x_wconf 84' lang='lat' dir='ltr'><strong>languido</strong></span> <span class='ocrx_word' id='word_1_159' title='bbox 2730 1371 2881 1419; x_wconf 88' lang='lat' dir='ltr'><strong>vero,</strong></span> <span class='ocrx_word' id='word_1_160' title='bbox 2941 1371 3031 1409; x_wconf 87' lang='lat' dir='ltr'><strong>seu</strong></span> <span class='ocrx_word' id='word_1_161' title='bbox 3100 1355 3343 1421; x_wconf 83' lang='lat' dir='ltr'><strong>inﬁrmo,</strong></span> <span class='ocrx_word' id='word_1_162' title='bbox 3400 1372 3504 1409; x_wconf 82' lang='lat' dir='ltr'><strong>non</strong></span> 
     </span>
    </p>
   </div>
   <div class='ocr_carea' id='block_1_24' title="bbox 234 1428 1824 1515">
    <p class='ocr_par' dir='ltr' id='par_1_24' title="bbox 234 1428 1824 1515">
     <span class='ocr_line' id='line_1_24' title="bbox 234 1428 1824 1515; baseline 0.006 -25"><span class='ocrx_word' id='word_1_163' title='bbox 234 1438 479 1508; x_wconf 65' lang='grc' dir='ltr'>ἐργίαιςο</span> <span class='ocrx_word' id='word_1_164' title='bbox 503 1440 596 1492; x_wconf 86' lang='grc' dir='ltr'><strong>τοῦ</strong></span> <span class='ocrx_word' id='word_1_165' title='bbox 638 1439 710 1511; x_wconf 74' lang='grc' dir='ltr'><strong>γε</strong></span> <span class='ocrx_word' id='word_1_166' title='bbox 747 1441 854 1512; x_wconf 83' lang='grc' dir='ltr'>μὴν</span> <span class='ocrx_word' id='word_1_167' title='bbox 888 1428 1201 1513; x_wconf 61' lang='grc' dir='ltr'>ἀρρώστου,</span> <span class='ocrx_word' id='word_1_168' title='bbox 1233 1446 1362 1506; x_wconf 80' lang='grc' dir='ltr'>τοὺς</span> <span class='ocrx_word' id='word_1_169' title='bbox 1397 1444 1472 1515; x_wconf 83' lang='grc' dir='ltr'>μὴ</span> <span class='ocrx_word' id='word_1_170' title='bbox 1499 1444 1620 1499; x_wconf 85' lang='grc' dir='ltr'>λίαν</span> <span class='ocrx_word' id='word_1_171' title='bbox 1648 1446 1824 1499; x_wconf 78' lang='grc' dir='ltr'>εὐσθε-</span> 
     </span>
    </p>
   </div>
   <div class='ocr_carea' id='block_1_25' title="bbox 1926 1428 3507 1515">
    <p class='ocr_par' dir='ltr' id='par_1_25' title="bbox 1928 1444 3507 1514">
     <span class='ocr_line' id='line_1_25' title="bbox 1928 1444 3507 1514; baseline 0.001 -17"><span class='ocrx_word' id='word_1_172' title='bbox 1928 1445 2211 1499; x_wconf 79' lang='lat' dir='ltr'><strong>admodutn</strong></span> <span class='ocrx_word' id='word_1_173' title='bbox 2236 1444 2463 1500; x_wconf 89' lang='lat' dir='ltr'><strong>ﬁrmiter</strong></span> <span class='ocrx_word' id='word_1_174' title='bbox 2498 1456 2552 1501; x_wconf 85' lang='lat' dir='ltr'><strong>et</strong></span> <span class='ocrx_word' id='word_1_175' title='bbox 2575 1454 2907 1509; x_wconf 87' lang='lat' dir='ltr'><strong>constanter,</strong></span> <span class='ocrx_word' id='word_1_176' title='bbox 2940 1447 3031 1499; x_wconf 85' lang='lat' dir='ltr'><strong>sed</strong></span> <span class='ocrx_word' id='word_1_177' title='bbox 3062 1446 3214 1514; x_wconf 88' lang='lat' dir='ltr'><strong>quasi</strong></span> <span class='ocrx_word' id='word_1_178' title='bbox 3250 1446 3507 1499; x_wconf 90' lang='lat' dir='ltr'><strong>dissolute</strong></span> 
     </span>
    </p>
   </div>
   <div class='ocr_carea' id='block_1_26' title="bbox 233 1519 1824 1610">
    <p class='ocr_par' dir='ltr' id='par_1_26' title="bbox 233 1519 1824 1610">
     <span class='ocr_line' id='line_1_26' title="bbox 233 1519 1824 1610; baseline 0.005 -25"><span class='ocrx_word' id='word_1_179' title='bbox 233 1532 372 1597; x_wconf 76' lang='grc' dir='ltr'><strong>νὼς,</strong></span> <span class='ocrx_word' id='word_1_180' title='bbox 409 1519 733 1598; x_wconf 78' lang='grc' dir='ltr'>ὲκλύτωςδὲ</span> <span class='ocrx_word' id='word_1_181' title='bbox 762 1534 951 1606; x_wconf 82' lang='grc' dir='ltr'>ὥσπερ</span> <span class='ocrx_word' id='word_1_182' title='bbox 995 1535 1088 1589; x_wconf 72' lang='grc' dir='ltr'><strong>καὶ</strong></span> <span class='ocrx_word' id='word_1_183' title='bbox 1111 1536 1578 1608; x_wconf 84' lang='grc' dir='ltr'>κατημελημένως</span> <span class='ocrx_word' id='word_1_184' title='bbox 1600 1538 1699 1610; x_wconf 83' lang='grc' dir='ltr'>τὴν</span> <span class='ocrx_word' id='word_1_185' title='bbox 1717 1540 1824 1593; x_wconf 72' lang='grc' dir='ltr'><strong>’ὑπὸ</strong></span> 
     </span>
    </p>
   </div>
   <div class='ocr_carea' id='block_1_27' title="bbox 1926 1519 3504 1610">
    <p class='ocr_par' dir='ltr' id='par_1_27' title="bbox 1927 1535 3504 1607">
     <span class='ocr_line' id='line_1_27' title="bbox 1927 1535 3504 1607; baseline 0 -17"><span class='ocrx_word' id='word_1_186' title='bbox 1927 1535 1982 1590; x_wconf 84' lang='lat' dir='ltr'><strong>et</strong></span> <span class='ocrx_word' id='word_1_187' title='bbox 2016 1538 2312 1592; x_wconf 87' lang='lat' dir='ltr'><strong>oscitanter</strong></span> <span class='ocrx_word' id='word_1_188' title='bbox 2360 1540 2467 1593; x_wconf 84' lang='lat' dir='ltr'><strong>Deo</strong></span> <span class='ocrx_word' id='word_1_189' title='bbox 2498 1539 2813 1593; x_wconf 80' lang='lat' dir='ltr'><strong>servientes.</strong></span> <span class='ocrx_word' id='word_1_190' title='bbox 2847 1538 2934 1591; x_wconf 81' lang='lat' dir='ltr'><strong>Ait</strong></span> <span class='ocrx_word' id='word_1_191' title='bbox 2980 1548 3156 1606; x_wconf 77' lang='lat' dir='ltr'><strong>etper</strong></span> <span class='ocrx_word' id='word_1_192' title='bbox 3189 1538 3504 1607; x_wconf 84' lang='lat' dir='ltr'><strong>prophetam</strong></span> 
     </span>
    </p>
   </div>
   <div class='ocr_carea' id='block_1_28' title="bbox 224 1616 1824 1700">
    <p class='ocr_par' dir='ltr' id='par_1_28' title="bbox 224 1616 1824 1700">
     <span class='ocr_line' id='line_1_28' title="bbox 224 1616 1824 1700; baseline 0.006 -24"><span class='ocrx_word' id='word_1_193' title='bbox 224 1616 380 1677; x_wconf 64' lang='grc' dir='ltr'>Ἠεοῦ</span> <span class='ocrx_word' id='word_1_194' title='bbox 408 1625 751 1697; x_wconf 79' lang='grc' dir='ltr'><strong>πληροῦντας</strong></span> <span class='ocrx_word' id='word_1_195' title='bbox 773 1626 1037 1681; x_wconf 88' lang='grc' dir='ltr'>δουλείαν.</span> <span class='ocrx_word' id='word_1_196' title='bbox 1065 1628 1211 1699; x_wconf 83' lang='grc' dir='ltr'>Ἔφη</span> <span class='ocrx_word' id='word_1_197' title='bbox 1245 1629 1301 1682; x_wconf 88' lang='grc' dir='ltr'><strong>δέ</strong></span> <span class='ocrx_word' id='word_1_198' title='bbox 1333 1647 1435 1682; x_wconf 91' lang='grc' dir='ltr'><strong>που</strong></span> <span class='ocrx_word' id='word_1_199' title='bbox 1476 1631 1569 1683; x_wconf 67' lang='grc' dir='ltr'><strong>κα)⁸</strong></span> <span class='ocrx_word' id='word_1_200' title='bbox 1600 1631 1689 1685; x_wconf 83' lang='grc' dir='ltr'><strong>διὰ</strong></span> <span class='ocrx_word' id='word_1_201' title='bbox 1716 1648 1824 1700; x_wconf 84' lang='grc' dir='ltr'>φω-</span> 
     </span>
    </p>
   </div>
   <div class='ocr_carea' id='block_1_29' title="bbox 1926 1616 3499 1700">
    <p class='ocr_par' dir='ltr' id='par_1_29' title="bbox 1926 1627 3499 1698">
     <span class='ocr_line' id='line_1_29' title="bbox 1926 1627 3499 1698; baseline -0.002 -16"><span class='ocrx_word' id='word_1_202' title='bbox 1926 1629 2119 1682; x_wconf 89' lang='lat' dir='ltr'><strong>a&#39;licubi</strong></span> <span class='ocrx_word' id='word_1_203' title='bbox 2148 1647 2163 1683; x_wconf 75' lang='grc' dir='ltr'><strong>ε</strong></span> <span class='ocrx_word' id='word_1_204' title='bbox 2199 1648 2217 1680; x_wconf 75' lang='grc' dir='ltr'><strong>ι</strong></span> <span class='ocrx_word' id='word_1_205' title='bbox 2244 1627 2333 1683; x_wconf 69' lang='lat' dir='ltr'><strong>Va:</strong></span> <span class='ocrx_word' id='word_1_206' title='bbox 2381 1629 2676 1698; x_wconf 73' lang='lat' dir='ltr'><strong>quiiacitis</strong></span> <span class='ocrx_word' id='word_1_207' title='bbox 2720 1644 2854 1698; x_wconf 83' lang='lat' dir='ltr'><strong>opus</strong></span> <span class='ocrx_word' id='word_1_208' title='bbox 2878 1628 2979 1682; x_wconf 80' lang='lat' dir='ltr'><strong>ZDei</strong></span> <span class='ocrx_word' id='word_1_209' title='bbox 3015 1628 3344 1697; x_wconf 75' lang='lat' dir='ltr'><strong>negligenter</strong></span> <span class='ocrx_word' id='word_1_210' title='bbox 3377 1629 3441 1687; x_wconf 77' lang='grc'><strong>⁶²,.</strong></span> <span class='ocrx_word' id='word_1_211' title='bbox 3480 1647 3499 1679; x_wconf 73' lang='grc' dir='ltr'><strong>ι</strong></span> 
     </span>
    </p>
   </div>
   <div class='ocr_carea' id='block_1_30' title="bbox 231 1707 1824 1811">
    <p class='ocr_par' dir='ltr' id='par_1_30' title="bbox 231 1707 1822 1797">
     <span class='ocr_line' id='line_1_30' title="bbox 231 1707 1822 1797; baseline 0.004 -26"><span class='ocrx_word' id='word_1_212' title='bbox 231 1719 338 1787; x_wconf 80' lang='grc' dir='ltr'>νῆς</span> <span class='ocrx_word' id='word_1_213' title='bbox 384 1721 663 1789; x_wconf 77' lang='grc' dir='ltr'>προφήτου</span> <span class='ocrx_word' id='word_1_214' title='bbox 682 1737 695 1750; x_wconf 76' lang='grc' dir='ltr'><strong>ο</strong></span> <span class='ocrx_word' id='word_1_215' title='bbox 725 1720 981 1773; x_wconf 56' lang='lat' dir='ltr'><strong>(Obuia!</strong></span> <span class='ocrx_word' id='word_1_216' title='bbox 1025 1721 1308 1784; x_wconf 80' lang='grc' dir='ltr'>ποιοῦντες</span> <span class='ocrx_word' id='word_1_217' title='bbox 1336 1707 1394 1775; x_wconf 66' lang='grc' dir='ltr'>τὸ</span> <span class='ocrx_word' id='word_1_218' title='bbox 1422 1722 1583 1794; x_wconf 81' lang='grc' dir='ltr'>ἔργον</span> <span class='ocrx_word' id='word_1_219' title='bbox 1614 1725 1822 1797; x_wconf 81' lang='grc' dir='ltr'>Κυρίου</span> 
     </span>
    </p>
   </div>
   <div class='ocr_carea' id='block_1_31' title="bbox 1926 1707 3508 1811">
    <p class='ocr_par' dir='ltr' id='par_1_31' title="bbox 1926 1708 3508 1787">
     <span class='ocr_line' id='line_1_31' title="bbox 1926 1708 3508 1787; baseline -0.002 -17"><span class='ocrx_word' id='word_1_220' title='bbox 1926 1708 2089 1787; x_wconf 75' lang='lat'><strong>827</strong></span> <span class='ocrx_word' id='word_1_221' title='bbox 2116 1717 2293 1784; x_wconf 80' lang='lat' dir='ltr'><strong>Quare</strong></span> <span class='ocrx_word' id='word_1_222' title='bbox 2346 1728 2577 1771; x_wconf 87' lang='lat' dir='ltr'><strong>mentem</strong></span> <span class='ocrx_word' id='word_1_223' title='bbox 2633 1718 3007 1783; x_wconf 84' lang='lat' dir='ltr'><strong>illuminatam,</strong></span> <span class='ocrx_word' id='word_1_224' title='bbox 3066 1724 3211 1769; x_wconf 84' lang='lat' dir='ltr'><strong>recte</strong></span> <span class='ocrx_word' id='word_1_225' title='bbox 3253 1716 3508 1786; x_wconf 77' lang='lat' dir='ltr'><strong>gradien-</strong></span> 
     </span>
    </p>
   </div>
   <div class='ocr_carea' id='block_1_32' title="bbox 230 1808 1824 1887">
    <p class='ocr_par' dir='ltr' id='par_1_32' title="bbox 230 1808 1824 1887">
     <span class='ocr_line' id='line_1_32' title="bbox 230 1808 1824 1887; baseline 0.006 -27"><span class='ocrx_word' id='word_1_226' title='bbox 230 1808 483 1878; x_wconf 80' lang='grc' dir='ltr'>ἀμελῶς.</span> <span class='ocrx_word' id='word_1_227' title='bbox 518 1830 536 1862; x_wconf 80' lang='lat' dir='ltr'><strong>s</strong></span> <span class='ocrx_word' id='word_1_228' title='bbox 567 1811 687 1882; x_wconf 80' lang='grc' dir='ltr'><strong>Χρὴ</strong></span> <span class='ocrx_word' id='word_1_229' title='bbox 728 1810 1020 1884; x_wconf 72' lang='grc' dir='ltr'>τοιγαροῦν</span> <span class='ocrx_word' id='word_1_230' title='bbox 1052 1810 1219 1883; x_wconf 80' lang='grc' dir='ltr'>’ἡμᾶς</span> <span class='ocrx_word' id='word_1_231' title='bbox 1266 1815 1676 1885; x_wconf 79' lang='grc' dir='ltr'><strong>πεφωτισμένον</strong></span> <span class='ocrx_word' id='word_1_232' title='bbox 1725 1816 1824 1887; x_wconf 86' lang='grc' dir='ltr'>μὲν</span> 
     </span>
    </p>
   </div>
   <div class='ocr_carea' id='block_1_33' title="bbox 230 1896 1823 1976">
    <p class='ocr_par' dir='ltr' id='par_1_33' title="bbox 230 1896 1823 1976">
     <span class='ocr_line' id='line_1_33' title="bbox 230 1896 1823 1976; baseline 0.006 -24"><span class='ocrx_word' id='word_1_233' title='bbox 230 1900 391 1968; x_wconf 81' lang='grc' dir='ltr'>ἔχειν</span> <span class='ocrx_word' id='word_1_234' title='bbox 415 1896 507 1953; x_wconf 80' lang='grc' dir='ltr'><strong>τὸν</strong></span> <span class='ocrx_word' id='word_1_235' title='bbox 537 1900 1112 1973; x_wconf 75' lang='grc' dir='ltr'>νοῦν,’ὀρθοποδοῦντα</span> <span class='ocrx_word' id='word_1_236' title='bbox 1144 1902 1216 1956; x_wconf 72' lang='grc' dir='ltr'><strong>δὲΔ</strong></span> <span class='ocrx_word' id='word_1_237' title='bbox 1246 1905 1341 1959; x_wconf 77' lang='grc' dir='ltr'><strong>καὶ</strong></span> <span class='ocrx_word' id='word_1_238' title='bbox 1375 1905 1646 1976; x_wconf 80' lang='grc' dir='ltr'>ἰσχύοντα.</span> <span class='ocrx_word' id='word_1_239' title='bbox 1690 1909 1823 1961; x_wconf 86' lang='grc' dir='ltr'><strong>Τότε</strong></span> 
     </span>
    </p>
   </div>
   <div class='ocr_carea' id='block_1_34' title="bbox 223 1986 1824 2069">
    <p class='ocr_par' dir='ltr' id='par_1_34' title="bbox 223 1986 1824 2069">
     <span class='ocr_line' id='line_1_34' title="bbox 223 1986 1824 2069; baseline 0.004 -28"><span class='ocrx_word' id='word_1_240' title='bbox 223 1986 351 2059; x_wconf 73' lang='grc' dir='ltr'>γὰρ</span> <span class='ocrx_word' id='word_1_241' title='bbox 384 1988 626 2061; x_wconf 79' lang='grc' dir='ltr'>ἐσόμεθα</span> <span class='ocrx_word' id='word_1_242' title='bbox 649 1990 831 2045; x_wconf 82' lang='grc' dir='ltr'>δεκτοί</span> <span class='ocrx_word' id='word_1_243' title='bbox 872 2010 933 2046; x_wconf 90' lang='grc' dir='ltr'>τε</span> <span class='ocrx_word' id='word_1_244' title='bbox 978 1991 1073 2047; x_wconf 81' lang='grc' dir='ltr'><strong>καὶ</strong></span> <span class='ocrx_word' id='word_1_245' title='bbox 1103 1992 1236 2064; x_wconf 70' lang='grc' dir='ltr'>ἱεροὶ</span> <span class='ocrx_word' id='word_1_246' title='bbox 1264 1994 1416 2065; x_wconf 79' lang='grc' dir='ltr'>παρὰ</span> <span class='ocrx_word' id='word_1_247' title='bbox 1444 1995 1523 2066; x_wconf 81' lang='grc' dir='ltr'>τῷ</span> <span class='ocrx_word' id='word_1_248' title='bbox 1549 1995 1824 2069; x_wconf 80' lang='grc' dir='ltr'>φιλαρέτῳ</span> 
     </span>
    </p>
   </div>
   <div class='ocr_carea' id='block_1_35' title="bbox 226 2080 386 2152">
    <p class='ocr_par' dir='ltr' id='par_1_35' title="bbox 226 2080 386 2152">
     <span class='ocr_line' id='line_1_35' title="bbox 226 2080 386 2152; baseline 0.025 -19"><span class='ocrx_word' id='word_1_249' title='bbox 226 2080 386 2152; x_wconf 84' lang='grc' dir='ltr'>Θεῷ.</span> 
     </span>
    </p>
   </div>
   <div class='ocr_carea' id='block_1_36' title="bbox 308 2214 1822 2288">
    <p class='ocr_par' dir='ltr' id='par_1_36' title="bbox 308 2214 1822 2288">
     <span class='ocr_line' id='line_1_36' title="bbox 308 2214 1822 2288; baseline 0.003 -17"><span class='ocrx_word' id='word_1_250' title='bbox 308 2215 423 2271; x_wconf 81' lang='lat' dir='ltr'><strong>Kal</strong></span> <span class='ocrx_word' id='word_1_251' title='bbox 452 2216 569 2271; x_wconf 74' lang='grc' dir='ltr'><strong>νῦν</strong></span> <span class='ocrx_word' id='word_1_252' title='bbox 600 2214 1000 2281; x_wconf 75' lang='grc' dir='ltr'>ἐξιλάσκεσθε</span> <span class='ocrx_word' id='word_1_253' title='bbox 1043 2218 1113 2271; x_wconf 86' lang='grc' dir='ltr'>τὸ</span> <span class='ocrx_word' id='word_1_254' title='bbox 1157 2220 1483 2288; x_wconf 75' lang='grc' dir='ltr'>πρόσωπον</span> <span class='ocrx_word' id='word_1_255' title='bbox 1517 2219 1625 2274; x_wconf 88' lang='grc' dir='ltr'><strong>τοῦ</strong></span> <span class='ocrx_word' id='word_1_256' title='bbox 1672 2221 1822 2276; x_wconf 84' lang='grc' dir='ltr'><strong>Θεοῦ</strong></span> 
     </span>
    </p>
   </div>
   <div class='ocr_carea' id='block_1_37' title="bbox 216 2305 1822 2383">
    <p class='ocr_par' dir='ltr' id='par_1_37' title="bbox 216 2305 1822 2383">
     <span class='ocr_line' id='line_1_37' title="bbox 216 2305 1822 2383; baseline 0.004 -23"><span class='ocrx_word' id='word_1_257' title='bbox 216 2305 431 2374; x_wconf 71' lang='grc' dir='ltr'>ὑμῶν,</span> <span class='ocrx_word' id='word_1_258' title='bbox 454 2307 552 2359; x_wconf 78' lang='grc' dir='ltr'>καί</span> <span class='ocrx_word' id='word_1_259' title='bbox 577 2306 829 2375; x_wconf 82' lang='grc' dir='ltr'><strong>δεήθητε</strong></span> <span class='ocrx_word' id='word_1_260' title='bbox 853 2308 1061 2363; x_wconf 84' lang='grc' dir='ltr'>αὑτοῦ.</span> <span class='ocrx_word' id='word_1_261' title='bbox 1080 2309 1177 2363; x_wconf 78' lang='grc' dir='ltr'><strong>Ἐν</strong></span> <span class='ocrx_word' id='word_1_262' title='bbox 1198 2310 1410 2378; x_wconf 75' lang='grc' dir='ltr'>χερσὶν</span> <span class='ocrx_word' id='word_1_263' title='bbox 1433 2309 1598 2381; x_wconf 81' lang='grc' dir='ltr'>ὑμῶν</span> <span class='ocrx_word' id='word_1_264' title='bbox 1616 2312 1822 2383; x_wconf 75' lang='grc' dir='ltr'>γέγονε</span> 
     </span>
    </p>
   </div>
   <div class='ocr_carea' id='block_1_38' title="bbox 222 2397 1823 2475">
    <p class='ocr_par' dir='ltr' id='par_1_38' title="bbox 222 2397 1823 2475">
     <span class='ocr_line' id='line_1_38' title="bbox 222 2397 1823 2475; baseline 0.007 -26"><span class='ocrx_word' id='word_1_265' title='bbox 222 2397 451 2451; x_wconf 78' lang='grc' dir='ltr'>ταῦτα’</span> <span class='ocrx_word' id='word_1_266' title='bbox 487 2400 538 2452; x_wconf 84' lang='grc' dir='ltr'><strong>εί</strong></span> <span class='ocrx_word' id='word_1_267' title='bbox 574 2398 846 2469; x_wconf 77' lang='grc' dir='ltr'>λήψομαι</span> <span class='ocrx_word' id='word_1_268' title='bbox 890 2400 959 2465; x_wconf 79' lang='grc' dir='ltr'><strong>ἐξ</strong></span> <span class='ocrx_word' id='word_1_269' title='bbox 997 2400 1171 2470; x_wconf 78' lang='grc' dir='ltr'><strong>ὑμῶν</strong></span> <span class='ocrx_word' id='word_1_270' title='bbox 1191 2403 1483 2470; x_wconf 78' lang='grc' dir='ltr'>πρόσωπα</span> <span class='ocrx_word' id='word_1_271' title='bbox 1508 2403 1695 2475; x_wconf 80' lang='grc' dir='ltr'>ὑμῶν,</span> <span class='ocrx_word' id='word_1_272' title='bbox 1722 2404 1823 2460; x_wconf 74' lang='grc' dir='ltr'><strong>λέο</strong></span> 
     </span>
    </p>
   </div>
   <div class='ocr_carea' id='block_1_39' title="bbox 216 2489 1055 2561">
    <p class='ocr_par' dir='ltr' id='par_1_39' title="bbox 216 2489 1055 2561">
     <span class='ocr_line' id='line_1_39' title="bbox 216 2489 1055 2561; baseline 0.007 -20"><span class='ocrx_word' id='word_1_273' title='bbox 216 2504 332 2556; x_wconf 67' lang='grc' dir='ltr'>,γει</span> <span class='ocrx_word' id='word_1_274' title='bbox 364 2489 585 2556; x_wconf 83' lang='grc' dir='ltr'>Κύριος</span> <span class='ocrx_word' id='word_1_275' title='bbox 610 2490 1055 2561; x_wconf 77' lang='grc' dir='ltr'>παντοκράτωρ.</span> 
     </span>
    </p>
   </div>
   <div class='ocr_carea' id='block_1_40' title="bbox 284 2601 1823 2677">
    <p class='ocr_par' dir='ltr' id='par_1_40' title="bbox 284 2601 1823 2677">
     <span class='ocr_line' id='line_1_40' title="bbox 284 2601 1823 2677; baseline 0.005 -24"><span class='ocrx_word' id='word_1_276' title='bbox 284 2603 373 2654; x_wconf 70' lang='grc' dir='ltr'><strong>⁸Ρ.</strong></span> <span class='ocrx_word' id='word_1_277' title='bbox 416 2601 588 2654; x_wconf 86' lang='grc' dir='ltr'>Καλεῖ</span> <span class='ocrx_word' id='word_1_278' title='bbox 622 2601 765 2673; x_wconf 77' lang='grc' dir='ltr'>πρὸς</span> <span class='ocrx_word' id='word_1_279' title='bbox 804 2603 1143 2673; x_wconf 78' lang='grc' dir='ltr'>μετάγνωσιν</span> <span class='ocrx_word' id='word_1_280' title='bbox 1179 2606 1309 2669; x_wconf 81' lang='grc' dir='ltr'>τοὺς</span> <span class='ocrx_word' id='word_1_281' title='bbox 1330 2605 1823 2677; x_wconf 72' lang='grc' dir='ltr'>ἡσεὸηκότας,’καὶ</span> 
     </span>
    </p>
   </div>
   <div class='ocr_carea' id='block_1_41' title="bbox 221 2692 1822 2769">
    <p class='ocr_par' dir='ltr' id='par_1_41' title="bbox 221 2692 1822 2769">
     <span class='ocr_line' id='line_1_41' title="bbox 221 2692 1822 2769; baseline 0.004 -25"><span class='ocrx_word' id='word_1_282' title='bbox 221 2692 338 2763; x_wconf 79' lang='grc' dir='ltr'>τὴν</span> <span class='ocrx_word' id='word_1_283' title='bbox 363 2693 460 2745; x_wconf 74' lang='grc' dir='ltr'><strong>ἐπὶ</strong></span> <span class='ocrx_word' id='word_1_284' title='bbox 482 2695 593 2757; x_wconf 90' lang='grc' dir='ltr'>τοῖς</span> <span class='ocrx_word' id='word_1_285' title='bbox 619 2697 1109 2766; x_wconf 83' lang='grc' dir='ltr'>πεπαρῳνημένοις</span> <span class='ocrx_word' id='word_1_286' title='bbox 1136 2697 1306 2768; x_wconf 84' lang='grc' dir='ltr'>ὀργὴν</span> <span class='ocrx_word' id='word_1_287' title='bbox 1327 2697 1822 2769; x_wconf 84' lang='grc' dir='ltr'>προσαποσείεσθαι</span> 
     </span>
    </p>
   </div>
   <div class='ocr_carea' id='block_1_42' title="bbox 219 2777 1818 2856">
    <p class='ocr_par' dir='ltr' id='par_1_42' title="bbox 219 2777 1818 2856">
     <span class='ocr_line' id='line_1_42' title="bbox 219 2777 1818 2856; baseline 0.004 -23"><span class='ocrx_word' id='word_1_288' title='bbox 219 2781 351 2834; x_wconf 83' lang='grc' dir='ltr'>δεῖν</span> <span class='ocrx_word' id='word_1_289' title='bbox 400 2777 459 2835; x_wconf 82' lang='grc' dir='ltr'>εὖ</span> <span class='ocrx_word' id='word_1_290' title='bbox 508 2781 650 2852; x_wconf 82' lang='grc' dir='ltr'>μάλα</span> <span class='ocrx_word' id='word_1_291' title='bbox 683 2783 838 2853; x_wconf 72' lang='grc' dir='ltr'>φησι,</span> <span class='ocrx_word' id='word_1_292' title='bbox 861 2786 984 2847; x_wconf 88' lang='grc' dir='ltr'>ταῖς</span> <span class='ocrx_word' id='word_1_293' title='bbox 1014 2786 1093 2849; x_wconf 85' lang='grc' dir='ltr'><strong>είς</strong></span> <span class='ocrx_word' id='word_1_294' title='bbox 1129 2786 1199 2839; x_wconf 85' lang='grc' dir='ltr'><strong>τὰ</strong></span> <span class='ocrx_word' id='word_1_295' title='bbox 1229 2785 1440 2855; x_wconf 82' lang='grc' dir='ltr'><strong>ἀμείνω</strong></span> <span class='ocrx_word' id='word_1_296' title='bbox 1476 2785 1818 2856; x_wconf 74' lang='grc' dir='ltr'>μεταϐολαῖς.</span> 
     </span>
    </p>
   </div>
   <div class='ocr_carea' id='block_1_43' title="bbox 222 2873 1821 2950">
    <p class='ocr_par' dir='ltr' id='par_1_43' title="bbox 222 2873 1821 2950">
     <span class='ocr_line' id='line_1_43' title="bbox 222 2873 1821 2950; baseline 0.004 -25"><span class='ocrx_word' id='word_1_297' title='bbox 222 2873 351 2926; x_wconf 73' lang='grc' dir='ltr'><strong>Καὶ</strong></span> <span class='ocrx_word' id='word_1_298' title='bbox 399 2873 505 2943; x_wconf 80' lang='grc' dir='ltr'>γάρ</span> <span class='ocrx_word' id='word_1_299' title='bbox 551 2876 699 2927; x_wconf 76' lang='grc' dir='ltr'>ἐστιν</span> <span class='ocrx_word' id='word_1_300' title='bbox 746 2874 970 2943; x_wconf 81' lang='grc' dir='ltr'>ἀγαθὸς,</span> <span class='ocrx_word' id='word_1_301' title='bbox 1006 2892 1025 2927; x_wconf 78' lang='lat' dir='ltr'><strong>s</strong></span> <span class='ocrx_word' id='word_1_302' title='bbox 1057 2876 1168 2930; x_wconf 72' lang='grc' dir='ltr'><strong>Καὶ</strong></span> <span class='ocrx_word' id='word_1_303' title='bbox 1192 2876 1436 2949; x_wconf 80' lang='grc' dir='ltr'>ἀνορθῶν</span> <span class='ocrx_word' id='word_1_304' title='bbox 1464 2876 1592 2940; x_wconf 84' lang='grc' dir='ltr'>τοὺς</span> <span class='ocrx_word' id='word_1_305' title='bbox 1623 2879 1821 2950; x_wconf 78' lang='grc' dir='ltr'>κατερ-</span> 
     </span>
    </p>
   </div>
   <div class='ocr_carea' id='block_1_44' title="bbox 226 2964 1821 3039">
    <p class='ocr_par' dir='ltr' id='par_1_44' title="bbox 226 2964 1821 3039">
     <span class='ocr_line' id='line_1_44' title="bbox 226 2964 1821 3039; baseline 0.004 -23"><span class='ocrx_word' id='word_1_306' title='bbox 226 2964 572 3034; x_wconf 77' lang='grc' dir='ltr'>ραγμένους,</span> <span class='ocrx_word' id='word_1_307' title='bbox 601 2965 694 3018; x_wconf 70' lang='grc' dir='ltr'><strong>καὶ</strong></span> <span class='ocrx_word' id='word_1_308' title='bbox 716 2964 947 3037; x_wconf 74' lang='grc' dir='ltr'>ἰώμενος</span> <span class='ocrx_word' id='word_1_309' title='bbox 974 2966 1035 3019; x_wconf 88' lang='grc' dir='ltr'>τὸ</span> <span class='ocrx_word' id='word_1_310' title='bbox 1064 2968 1542 3039; x_wconf 82' lang='grc' dir='ltr'>συντετριμμένον,</span> <span class='ocrx_word' id='word_1_311' title='bbox 1576 2970 1671 3022; x_wconf 76' lang='grc' dir='ltr'><strong>καὶ</strong></span> <span class='ocrx_word' id='word_1_312' title='bbox 1700 2971 1821 3023; x_wconf 80' lang='grc' dir='ltr'>ἐπι-</span> 
     </span>
    </p>
   </div>
   <div class='ocr_carea' id='block_1_45' title="bbox 220 3056 1823 3130">
    <p class='ocr_par' dir='ltr' id='par_1_45' title="bbox 220 3056 1823 3130">
     <span class='ocr_line' id='line_1_45' title="bbox 220 3056 1823 3130; baseline 0.004 -21"><span class='ocrx_word' id='word_1_313' title='bbox 220 3057 496 3127; x_wconf 79' lang='grc' dir='ltr'>στρέφων</span> <span class='ocrx_word' id='word_1_314' title='bbox 523 3056 584 3110; x_wconf 83' lang='grc' dir='ltr'><strong>τδ</strong></span> <span class='ocrx_word' id='word_1_315' title='bbox 616 3058 1054 3130; x_wconf 82' lang='grc' dir='ltr'>πεπλανημένον.</span> <span class='ocrx_word' id='word_1_316' title='bbox 1088 3079 1107 3112; x_wconf 78' lang='grc' dir='ltr'><strong>ι</strong></span> <span class='ocrx_word' id='word_1_317' title='bbox 1147 3060 1338 3129; x_wconf 86' lang='grc' dir='ltr'>Λέγων</span> <span class='ocrx_word' id='word_1_318' title='bbox 1364 3062 1422 3115; x_wconf 82' lang='grc' dir='ltr'>δὲ</span> <span class='ocrx_word' id='word_1_319' title='bbox 1458 3062 1540 3129; x_wconf 83' lang='grc' dir='ltr'>τὸ,</span> <span class='ocrx_word' id='word_1_320' title='bbox 1572 3080 1591 3115; x_wconf 83' lang='grc' dir='ltr'><strong>ι</strong></span> <span class='ocrx_word' id='word_1_321' title='bbox 1614 3062 1823 3128; x_wconf 83' lang='grc' dir='ltr'><strong>Ἐξιλά-</strong></span> 
     </span>
    </p>
   </div>
   <div class='ocr_carea' id='block_1_46' title="bbox 1926 1805 3503 1863">
    <p class='ocr_par' dir='ltr' id='par_1_46' title="bbox 1926 1805 3503 1863">
     <span class='ocr_line' id='line_1_46' title="bbox 1926 1805 3503 1863; baseline -0.004 0"><span class='ocrx_word' id='word_1_322' title='bbox 1926 1819 2035 1863; x_wconf 85' lang='lat' dir='ltr'><strong>tetu</strong></span> <span class='ocrx_word' id='word_1_323' title='bbox 2087 1819 2143 1863; x_wconf 86' lang='lat' dir='ltr'><strong>et</strong></span> <span class='ocrx_word' id='word_1_324' title='bbox 2196 1808 2469 1863; x_wconf 85' lang='lat' dir='ltr'><strong>robustam</strong></span> <span class='ocrx_word' id='word_1_325' title='bbox 2516 1809 2810 1862; x_wconf 78' lang='lat' dir='ltr'><strong>habeamus</strong></span> <span class='ocrx_word' id='word_1_326' title='bbox 2884 1821 3102 1860; x_wconf 79' lang='lat' dir='ltr'><strong>necesse</strong></span> <span class='ocrx_word' id='word_1_327' title='bbox 3173 1815 3274 1861; x_wconf 86' lang='lat' dir='ltr'><strong>est.</strong></span> <span class='ocrx_word' id='word_1_328' title='bbox 3354 1805 3503 1858; x_wconf 82' lang='lat' dir='ltr'><strong>Tune</strong></span> 
     </span>
    </p>
   </div>
   <div class='ocr_carea' id='block_1_47' title="bbox 1924 1896 3504 1968">
    <p class='ocr_par' dir='ltr' id='par_1_47' title="bbox 1924 1896 3504 1968">
     <span class='ocr_line' id='line_1_47' title="bbox 1924 1896 3504 1968; baseline -0.002 -15"><span class='ocrx_word' id='word_1_329' title='bbox 1924 1899 2068 1954; x_wconf 89' lang='lat' dir='ltr'><strong>enim</strong></span> <span class='ocrx_word' id='word_1_330' title='bbox 2128 1899 2239 1955; x_wconf 90' lang='lat' dir='ltr'><strong>Deo</strong></span> <span class='ocrx_word' id='word_1_331' title='bbox 2285 1901 2499 1956; x_wconf 69' lang='lat' dir='ltr'><strong>virtutis</strong></span> <span class='ocrx_word' id='word_1_332' title='bbox 2555 1900 2758 1955; x_wconf 89' lang='lat' dir='ltr'><strong>amanti</strong></span> <span class='ocrx_word' id='word_1_333' title='bbox 2804 1896 3009 1968; x_wconf 75' lang='lat' dir='ltr'><strong>accepti</strong></span> <span class='ocrx_word' id='word_1_334' title='bbox 3085 1905 3140 1954; x_wconf 86' lang='lat' dir='ltr'><strong>et</strong></span> <span class='ocrx_word' id='word_1_335' title='bbox 3191 1896 3330 1951; x_wconf 87' lang='lat' dir='ltr'><strong>sacri</strong></span> <span class='ocrx_word' id='word_1_336' title='bbox 3394 1897 3504 1951; x_wconf 89' lang='lat' dir='ltr'><strong>eri-</strong></span> 
     </span>
    </p>
   </div>
   <div class='ocr_carea' id='block_1_48' title="bbox 1925 2005 2068 2047">
    <p class='ocr_par' dir='ltr' id='par_1_48' title="bbox 1925 2005 2068 2047">
     <span class='ocr_line' id='line_1_48' title="bbox 1925 2005 2068 2047; baseline 0.014 -2"><span class='ocrx_word' id='word_1_337' title='bbox 1925 2005 2068 2047; x_wconf 86' lang='lat' dir='ltr'><strong>mus.</strong></span> 
     </span>
    </p>
   </div>
   <div class='ocr_carea' id='block_1_49' title="bbox 1997 2209 3501 2282">
    <p class='ocr_par' dir='ltr' id='par_1_49' title="bbox 1997 2209 3501 2282">
     <span class='ocr_line' id='line_1_49' title="bbox 1997 2209 3501 2282; baseline -0.001 -17"><span class='ocrx_word' id='word_1_338' title='bbox 1997 2210 2163 2267; x_wconf 67' lang='lat' dir='ltr'><strong>Vatis.</strong></span> <span class='ocrx_word' id='word_1_339' title='bbox 2190 2212 2246 2268; x_wconf 89' lang='lat'><strong>9.</strong></span> <span class='ocrx_word' id='word_1_340' title='bbox 2293 2212 2363 2267; x_wconf 86' lang='lat' dir='ltr'><strong>Et</strong></span> <span class='ocrx_word' id='word_1_341' title='bbox 2408 2229 2546 2267; x_wconf 80' lang='lat' dir='ltr'><strong>nunc</strong></span> <span class='ocrx_word' id='word_1_342' title='bbox 2583 2212 2788 2282; x_wconf 85' lang='lat' dir='ltr'><strong>placate</strong></span> <span class='ocrx_word' id='word_1_343' title='bbox 2844 2211 3031 2280; x_wconf 76' lang='lat' dir='ltr'><strong>facient</strong></span> <span class='ocrx_word' id='word_1_344' title='bbox 3080 2209 3179 2264; x_wconf 89' lang='lat' dir='ltr'><strong>Dei</strong></span> <span class='ocrx_word' id='word_1_345' title='bbox 3235 2212 3411 2275; x_wconf 70' lang='lat' dir='ltr'><strong>vestri,</strong></span> <span class='ocrx_word' id='word_1_346' title='bbox 3443 2220 3501 2264; x_wconf 80' lang='lat' dir='ltr'><strong>.et</strong></span> 
     </span>
    </p>
   </div>
   <div class='ocr_carea' id='block_1_50' title="bbox 1924 2304 3501 2374">
    <p class='ocr_par' dir='ltr' id='par_1_50' title="bbox 1924 2304 3501 2374">
     <span class='ocr_line' id='line_1_50' title="bbox 1924 2304 3501 2374; baseline -0.001 -17"><span class='ocrx_word' id='word_1_347' title='bbox 1924 2304 2277 2374; x_wconf 83' lang='lat' dir='ltr'><strong>deprecamini</strong></span> <span class='ocrx_word' id='word_1_348' title='bbox 2332 2322 2471 2360; x_wconf 86' lang='lat' dir='ltr'><strong>eum.</strong></span> <span class='ocrx_word' id='word_1_349' title='bbox 2526 2305 2593 2358; x_wconf 87' lang='lat' dir='ltr'><strong>In</strong></span> <span class='ocrx_word' id='word_1_350' title='bbox 2667 2305 2908 2358; x_wconf 86' lang='lat' dir='ltr'><strong>manibus</strong></span> <span class='ocrx_word' id='word_1_351' title='bbox 2971 2305 3149 2357; x_wconf 79' lang='lat' dir='ltr'><strong>vestris</strong></span> <span class='ocrx_word' id='word_1_352' title='bbox 3191 2304 3332 2372; x_wconf 79' lang='lat' dir='ltr'><strong>facta</strong></span> <span class='ocrx_word' id='word_1_353' title='bbox 3379 2314 3501 2356; x_wconf 84' lang='lat' dir='ltr'><strong>sunt</strong></span> 
     </span>
    </p>
   </div>
   <div class='ocr_carea' id='block_1_51' title="bbox 1922 2395 3501 2468">
    <p class='ocr_par' dir='ltr' id='par_1_51' title="bbox 1922 2395 3501 2468">
     <span class='ocr_line' id='line_1_51' title="bbox 1922 2395 3501 2468; baseline -0.001 -18"><span class='ocrx_word' id='word_1_354' title='bbox 1922 2397 2032 2450; x_wconf 73' lang='lat' dir='ltr'><strong>lucc</strong></span> <span class='ocrx_word' id='word_1_355' title='bbox 2079 2414 2100 2453; x_wconf 90' lang='lat'><strong><em>:</em></strong></span> <span class='ocrx_word' id='word_1_356' title='bbox 2152 2398 2198 2451; x_wconf 90' lang='lat' dir='ltr'><strong>si</strong></span> <span class='ocrx_word' id='word_1_357' title='bbox 2248 2398 2527 2468; x_wconf 73' lang='lat' dir='ltr'><strong>suscipiam</strong></span> <span class='ocrx_word' id='word_1_358' title='bbox 2571 2398 2733 2466; x_wconf 81' lang='lat' dir='ltr'><strong>facies</strong></span> <span class='ocrx_word' id='word_1_359' title='bbox 2787 2406 3003 2460; x_wconf 80' lang='lat' dir='ltr'><strong>vestras,</strong></span> <span class='ocrx_word' id='word_1_360' title='bbox 3050 2397 3180 2449; x_wconf 85' lang='lat' dir='ltr'><strong>dicit</strong></span> <span class='ocrx_word' id='word_1_361' title='bbox 3247 2395 3501 2449; x_wconf 84' lang='lat' dir='ltr'><strong>Dominus</strong></span> 
     </span>
    </p>
   </div>
   <div class='ocr_carea' id='block_1_52' title="bbox 1921 2487 2267 2558">
    <p class='ocr_par' dir='ltr' id='par_1_52' title="bbox 1921 2487 2267 2558">
     <span class='ocr_line' id='line_1_52' title="bbox 1921 2487 2267 2558; baseline 0.009 -17"><span class='ocrx_word' id='word_1_362' title='bbox 1921 2487 2267 2558; x_wconf 85' lang='lat' dir='ltr'><strong>omnipotens.</strong></span> 
     </span>
    </p>
   </div>
   <div class='ocr_carea' id='block_1_53' title="bbox 1990 2596 3501 2670">
    <p class='ocr_par' dir='ltr' id='par_1_53' title="bbox 1990 2596 3501 2670">
     <span class='ocr_line' id='line_1_53' title="bbox 1990 2596 3501 2670; baseline 0.001 -18"><span class='ocrx_word' id='word_1_363' title='bbox 1990 2596 2062 2656; x_wconf 75' lang='grc' dir='ltr'><strong>Χ.</strong></span> <span class='ocrx_word' id='word_1_364' title='bbox 2088 2598 2286 2670; x_wconf 91' lang='lat' dir='ltr'><strong>lmpios</strong></span> <span class='ocrx_word' id='word_1_365' title='bbox 2307 2600 2374 2655; x_wconf 90' lang='lat' dir='ltr'><strong>ad</strong></span> <span class='ocrx_word' id='word_1_366' title='bbox 2405 2600 2779 2668; x_wconf 84' lang='lat' dir='ltr'><strong>paenitentiam</strong></span> <span class='ocrx_word' id='word_1_367' title='bbox 2817 2600 3135 2664; x_wconf 85' lang='lat' dir='ltr'><strong>invitat,et</strong></span> <span class='ocrx_word' id='word_1_368' title='bbox 3201 2599 3501 2654; x_wconf 85' lang='lat' dir='ltr'><strong>mutatione</strong></span> 
     </span>
    </p>
   </div>
   <div class='ocr_carea' id='block_1_54' title="bbox 1921 2686 3502 2760">
    <p class='ocr_par' dir='ltr' id='par_1_54' title="bbox 1921 2686 3502 2760">
     <span class='ocr_line' id='line_1_54' title="bbox 1921 2686 3502 2760; baseline -0.001 -16"><span class='ocrx_word' id='word_1_369' title='bbox 1921 2688 1975 2745; x_wconf 90' lang='lat' dir='ltr'><strong>in</strong></span> <span class='ocrx_word' id='word_1_370' title='bbox 2010 2691 2223 2756; x_wconf 89' lang='lat' dir='ltr'><strong>melius,</strong></span> <span class='ocrx_word' id='word_1_371' title='bbox 2269 2691 2406 2745; x_wconf 88' lang='lat' dir='ltr'><strong>iram</strong></span> <span class='ocrx_word' id='word_1_372' title='bbox 2440 2692 2951 2760; x_wconf 86' lang='lat' dir='ltr'><strong>divinam,-propter</strong></span> <span class='ocrx_word' id='word_1_373' title='bbox 3004 2689 3203 2743; x_wconf 80' lang='lat' dir='ltr'><strong>illatam</strong></span> <span class='ocrx_word' id='word_1_374' title='bbox 3248 2688 3347 2757; x_wconf 82' lang='lat' dir='ltr'><strong>ipsi</strong></span> <span class='ocrx_word' id='word_1_375' title='bbox 3380 2686 3502 2751; x_wconf 87' lang='lat' dir='ltr'><strong>Deo</strong></span> 
     </span>
    </p>
   </div>
   <div class='ocr_carea' id='block_1_55' title="bbox 1919 2782 3501 2852">
    <p class='ocr_par' dir='ltr' id='par_1_55' title="bbox 1919 2782 3501 2852">
     <span class='ocr_line' id='line_1_55' title="bbox 1919 2782 3501 2852; baseline -0.002 -12"><span class='ocrx_word' id='word_1_376' title='bbox 1919 2785 2323 2851; x_wconf 80' lang='lat' dir='ltr'><strong>contumeliam,</strong></span> <span class='ocrx_word' id='word_1_377' title='bbox 2351 2784 2705 2838; x_wconf 74' lang='lat' dir='ltr'><strong>amoliendum</strong></span> <span class='ocrx_word' id='word_1_378' title='bbox 2721 2782 3022 2852; x_wconf 74' lang='lat' dir='ltr'><strong>iustissime</strong></span> <span class='ocrx_word' id='word_1_379' title='bbox 3052 2782 3378 2851; x_wconf 89' lang='lat' dir='ltr'><strong>pronuntiat.</strong></span> <span class='ocrx_word' id='word_1_380' title='bbox 3398 2783 3501 2837; x_wconf 43' lang='lat' dir='ltr'><strong>Bovv</strong></span> 
     </span>
    </p>
   </div>
   <div class='ocr_carea' id='block_1_56' title="bbox 1921 2874 3502 2946">
    <p class='ocr_par' dir='ltr' id='par_1_56' title="bbox 1921 2874 3502 2946">
     <span class='ocr_line' id='line_1_56' title="bbox 1921 2874 3502 2946; baseline -0.001 -16"><span class='ocrx_word' id='word_1_381' title='bbox 1921 2892 2024 2931; x_wconf 92' lang='lat' dir='ltr'><strong>nus</strong></span> <span class='ocrx_word' id='word_1_382' title='bbox 2070 2886 2153 2932; x_wconf 91' lang='lat' dir='ltr'><strong>est</strong></span> <span class='ocrx_word' id='word_1_383' title='bbox 2189 2877 2333 2932; x_wconf 90' lang='lat' dir='ltr'><strong>enim</strong></span> <span class='ocrx_word' id='word_1_384' title='bbox 2365 2876 2507 2930; x_wconf 87' lang='lat' dir='ltr'><strong>Deus</strong></span> <span class='ocrx_word' id='word_1_385' title='bbox 2532 2915 2547 2940; x_wconf 93' lang='lat'><strong>,</strong></span> <span class='ocrx_word' id='word_1_386' title='bbox 2576 2895 2593 2926; x_wconf 76' lang='grc' dir='ltr'>ι</span> <span class='ocrx_word' id='word_1_387' title='bbox 2622 2876 2685 2929; x_wconf 77' lang='lat' dir='ltr'><strong>Et</strong></span> <span class='ocrx_word' id='word_1_388' title='bbox 2717 2875 2876 2946; x_wconf 82' lang='lat' dir='ltr'><strong>erigit</strong></span> <span class='ocrx_word' id='word_1_389' title='bbox 2925 2874 3085 2930; x_wconf 88' lang='lat' dir='ltr'><strong>elisos</strong></span> <span class='ocrx_word' id='word_1_390' title='bbox 3109 2875 3175 2941; x_wconf 70' lang='lat'><strong>“,</strong></span> <span class='ocrx_word' id='word_1_391' title='bbox 3226 2884 3280 2929; x_wconf 89' lang='lat' dir='ltr'><strong>et</strong></span> <span class='ocrx_word' id='word_1_392' title='bbox 3344 2887 3502 2929; x_wconf 84' lang='lat' dir='ltr'><strong>sanat</strong></span> 
     </span>
    </p>
   </div>
   <div class='ocr_carea' id='block_1_57' title="bbox 1919 2962 3496 3034">
    <p class='ocr_par' dir='ltr' id='par_1_57' title="bbox 1919 2962 3496 3034">
     <span class='ocr_line' id='line_1_57' title="bbox 1919 2962 3496 3034; baseline -0.003 -13"><span class='ocrx_word' id='word_1_393' title='bbox 1919 2967 2179 3021; x_wconf 91' lang='lat' dir='ltr'><strong>contritos</strong></span> <span class='ocrx_word' id='word_1_394' title='bbox 2209 2967 2372 3021; x_wconf 89' lang='lat' dir='ltr'><strong>corde</strong></span> <span class='ocrx_word' id='word_1_395' title='bbox 2404 2962 2469 3033; x_wconf 79' lang='grc'><strong>⁵⁸,</strong></span> <span class='ocrx_word' id='word_1_396' title='bbox 2498 2975 2552 3020; x_wconf 90' lang='lat' dir='ltr'><strong>et</strong></span> <span class='ocrx_word' id='word_1_397' title='bbox 2590 2966 2730 3034; x_wconf 88' lang='lat' dir='ltr'><strong>quod</strong></span> <span class='ocrx_word' id='word_1_398' title='bbox 2779 2975 3056 3019; x_wconf 86' lang='lat' dir='ltr'><strong>erraverat</strong></span> <span class='ocrx_word' id='word_1_399' title='bbox 3090 2964 3298 3021; x_wconf 88' lang='lat' dir='ltr'><strong>reducit</strong></span> <span class='ocrx_word' id='word_1_400' title='bbox 3334 2966 3378 2997; x_wconf 79' lang='grc'><strong>⁸⁸</strong></span> <span class='ocrx_word' id='word_1_401' title='bbox 3405 3004 3419 3019; x_wconf 95' lang='grc'><strong>.</strong></span> <span class='ocrx_word' id='word_1_402' title='bbox 3476 2984 3496 3017; x_wconf 84' lang='grc'>›</span> 
     </span>
    </p>
   </div>
   <div class='ocr_carea' id='block_1_58' title="bbox 1920 3053 3500 3119">
    <p class='ocr_par' dir='ltr' id='par_1_58' title="bbox 1920 3053 3500 3119">
     <span class='ocr_line' id='line_1_58' title="bbox 1920 3053 3500 3119; baseline -0.001 -10"><span class='ocrx_word' id='word_1_403' title='bbox 1920 3056 2055 3111; x_wconf 88' lang='lat' dir='ltr'><strong>Dum</strong></span> <span class='ocrx_word' id='word_1_404' title='bbox 2081 3055 2216 3111; x_wconf 83' lang='lat' dir='ltr'><strong>dixit</strong></span> <span class='ocrx_word' id='word_1_405' title='bbox 2245 3074 2258 3111; x_wconf 88' lang='lat'><strong>:</strong></span> <span class='ocrx_word' id='word_1_406' title='bbox 2296 3073 2313 3107; x_wconf 76' lang='grc' dir='ltr'><strong>ι</strong></span> <span class='ocrx_word' id='word_1_407' title='bbox 2348 3055 2570 3110; x_wconf 79' lang='lat' dir='ltr'><strong>Placate</strong></span> <span class='ocrx_word' id='word_1_408' title='bbox 2602 3054 2791 3109; x_wconf 79' lang='lat' dir='ltr'><strong>faciem</strong></span> <span class='ocrx_word' id='word_1_409' title='bbox 2810 3053 2906 3108; x_wconf 87' lang='lat' dir='ltr'><strong>Dei</strong></span> <span class='ocrx_word' id='word_1_410' title='bbox 2935 3054 3120 3119; x_wconf 91' lang='lat' dir='ltr'><strong>vestri,</strong></span> <span class='ocrx_word' id='word_1_411' title='bbox 3156 3073 3175 3103; x_wconf 74' lang='grc' dir='ltr'><strong>ι</strong></span> <span class='ocrx_word' id='word_1_412' title='bbox 3208 3053 3500 3108; x_wconf 87' lang='lat' dir='ltr'><strong>subosten-</strong></span> 
     </span>
    </p>
   </div>
   <div class='ocr_carea' id='block_1_59' title="bbox 219 3132 1824 3225">
    <p class='ocr_par' dir='ltr' id='par_1_59' title="bbox 219 3147 1821 3225">
     <span class='ocr_line' id='line_1_59' title="bbox 219 3147 1821 3225; baseline 0.008 -26"><span class='ocrx_word' id='word_1_413' title='bbox 219 3147 441 3201; x_wconf 79' lang='grc' dir='ltr'>σκεσθε</span> <span class='ocrx_word' id='word_1_414' title='bbox 471 3147 533 3202; x_wconf 85' lang='grc' dir='ltr'>τὸ</span> <span class='ocrx_word' id='word_1_415' title='bbox 558 3149 848 3219; x_wconf 83' lang='grc' dir='ltr'>πρόσωπον</span> <span class='ocrx_word' id='word_1_416' title='bbox 875 3149 971 3204; x_wconf 86' lang='grc' dir='ltr'><strong>τοῦ</strong></span> <span class='ocrx_word' id='word_1_417' title='bbox 1000 3150 1134 3205; x_wconf 82' lang='grc' dir='ltr'>Θεοῦ</span> <span class='ocrx_word' id='word_1_418' title='bbox 1161 3152 1335 3223; x_wconf 84' lang='grc' dir='ltr'>ὑμῶν,</span> <span class='ocrx_word' id='word_1_419' title='bbox 1368 3173 1387 3206; x_wconf 73' lang='grc' dir='ltr'><strong>ι</strong></span> <span class='ocrx_word' id='word_1_420' title='bbox 1432 3154 1821 3225; x_wconf 83' lang='grc' dir='ltr'>ὑπεμφαίνειεν</span> 
     </span>
    </p>
   </div>
   <div class='ocr_carea' id='block_1_60' title="bbox 1926 3132 3502 3225">
    <p class='ocr_par' dir='ltr' id='par_1_60' title="bbox 1926 3145 3502 3217">
     <span class='ocr_line' id='line_1_60' title="bbox 1926 3145 3502 3217; baseline -0.003 -14"><span class='ocrx_word' id='word_1_421' title='bbox 1926 3148 2003 3204; x_wconf 88' lang='lat' dir='ltr'><strong>dit</strong></span> <span class='ocrx_word' id='word_1_422' title='bbox 2033 3150 2222 3212; x_wconf 89' lang='lat' dir='ltr'><strong>Deum,</strong></span> <span class='ocrx_word' id='word_1_423' title='bbox 2249 3157 2305 3203; x_wconf 90' lang='lat' dir='ltr'><strong>et</strong></span> <span class='ocrx_word' id='word_1_424' title='bbox 2332 3149 2550 3217; x_wconf 87' lang='lat' dir='ltr'><strong>quidem</strong></span> <span class='ocrx_word' id='word_1_425' title='bbox 2588 3146 2803 3211; x_wconf 89' lang='lat' dir='ltr'><strong>merito,</strong></span> <span class='ocrx_word' id='word_1_426' title='bbox 2836 3147 3077 3200; x_wconf 87' lang='lat' dir='ltr'><strong>aversari</strong></span> <span class='ocrx_word' id='word_1_427' title='bbox 3114 3147 3287 3215; x_wconf 90' lang='lat' dir='ltr'><strong>ipsum</strong></span> <span class='ocrx_word' id='word_1_428' title='bbox 3328 3145 3502 3200; x_wconf 65' lang='lat' dir='ltr'><strong>oﬂ‘en-</strong></span> 
     </span>
    </p>
   </div>
   <div class='ocr_carea' id='block_1_61' title="bbox 225 3236 1824 3315">
    <p class='ocr_par' dir='ltr' id='par_1_61' title="bbox 225 3236 1824 3315">
     <span class='ocr_line' id='line_1_61' title="bbox 225 3236 1824 3315; baseline 0.006 -24"><span class='ocrx_word' id='word_1_429' title='bbox 225 3239 329 3304; x_wconf 84' lang='grc' dir='ltr'>ἂν,</span> <span class='ocrx_word' id='word_1_430' title='bbox 362 3240 459 3293; x_wconf 78' lang='grc' dir='ltr'><strong>καί</strong></span> <span class='ocrx_word' id='word_1_431' title='bbox 494 3236 638 3310; x_wconf 81' lang='grc' dir='ltr'>μάλα</span> <span class='ocrx_word' id='word_1_432' title='bbox 667 3241 911 3308; x_wconf 79' lang='grc' dir='ltr'>εἰκότως,</span> <span class='ocrx_word' id='word_1_433' title='bbox 943 3244 1020 3306; x_wconf 84' lang='grc' dir='ltr'>ὡς</span> <span class='ocrx_word' id='word_1_434' title='bbox 1063 3243 1469 3315; x_wconf 82' lang='grc' dir='ltr'>ἀποστρέφεται</span> <span class='ocrx_word' id='word_1_435' title='bbox 1519 3246 1653 3311; x_wconf 83' lang='grc' dir='ltr'><strong>Θεὸς</strong></span> <span class='ocrx_word' id='word_1_436' title='bbox 1697 3248 1824 3312; x_wconf 85' lang='grc' dir='ltr'>τοὺς</span> 
     </span>
    </p>
   </div>
   <div class='ocr_carea' id='block_1_62' title="bbox 227 3332 1824 3406">
    <p class='ocr_par' dir='ltr' id='par_1_62' title="bbox 227 3332 1824 3406">
     <span class='ocr_line' id='line_1_62' title="bbox 227 3332 1824 3406; baseline 0.006 -22"><span class='ocrx_word' id='word_1_437' title='bbox 227 3332 605 3403; x_wconf 82' lang='grc' dir='ltr'>προσκρούειν</span> <span class='ocrx_word' id='word_1_438' title='bbox 640 3333 789 3405; x_wconf 80' lang='grc' dir='ltr'><strong>αὺτῷ</strong></span> <span class='ocrx_word' id='word_1_439' title='bbox 839 3333 913 3405; x_wconf 81' lang='grc' dir='ltr'>μὴ</span> <span class='ocrx_word' id='word_1_440' title='bbox 967 3337 1455 3406; x_wconf 84' lang='grc' dir='ltr'>παραιτουμένους,</span> <span class='ocrx_word' id='word_1_441' title='bbox 1482 3340 1577 3393; x_wconf 76' lang='grc' dir='ltr'><strong>καὶ</strong></span> <span class='ocrx_word' id='word_1_442' title='bbox 1607 3340 1688 3393; x_wconf 84' lang='grc' dir='ltr'>ὅτι</span> <span class='ocrx_word' id='word_1_443' title='bbox 1714 3340 1824 3395; x_wconf 86' lang='grc' dir='ltr'><strong>τῶν</strong></span> 
     </span>
    </p>
   </div>
   <div class='ocr_carea' id='block_1_63' title="bbox 231 3417 1824 3502">
    <p class='ocr_par' dir='ltr' id='par_1_63' title="bbox 231 3417 1824 3502">
     <span class='ocr_line' id='line_1_63' title="bbox 231 3417 1824 3502; baseline 0.004 -26"><span class='ocrx_word' id='word_1_444' title='bbox 231 3417 340 3495; x_wconf 78' lang='grc' dir='ltr'><strong>μὴ’</strong></span> <span class='ocrx_word' id='word_1_445' title='bbox 360 3424 666 3495; x_wconf 78' lang='grc' dir='ltr'>ζητούντων</span> <span class='ocrx_word' id='word_1_446' title='bbox 711 3425 809 3496; x_wconf 76' lang='grc' dir='ltr'>τὴν</span> <span class='ocrx_word' id='word_1_447' title='bbox 854 3424 1011 3489; x_wconf 81' lang='grc' dir='ltr'>δόξαν</span> <span class='ocrx_word' id='word_1_448' title='bbox 1059 3427 1222 3480; x_wconf 84' lang='grc' dir='ltr'>αὐτοῦ</span> <span class='ocrx_word' id='word_1_449' title='bbox 1262 3428 1388 3491; x_wconf 77' lang='grc' dir='ltr'>τοὺς</span> <span class='ocrx_word' id='word_1_450' title='bbox 1429 3428 1594 3492; x_wconf 91' lang='grc' dir='ltr'>ίδίους</span> <span class='ocrx_word' id='word_1_451' title='bbox 1635 3429 1824 3502; x_wconf 82' lang='grc' dir='ltr'>ὥσπερ</span> 
     </span>
    </p>
   </div>
   <div class='ocr_carea' id='block_1_64' title="bbox 215 3516 1823 3593">
    <p class='ocr_par' dir='ltr' id='par_1_64' title="bbox 215 3516 1823 3593">
     <span class='ocr_line' id='line_1_64' title="bbox 215 3516 1823 3593; baseline 0.004 -24"><span class='ocrx_word' id='word_1_452' title='bbox 215 3516 556 3588; x_wconf 72' lang='grc' dir='ltr'><strong>Δὀφθαλμοὺς</strong></span> <span class='ocrx_word' id='word_1_453' title='bbox 582 3518 872 3590; x_wconf 88' lang='grc' dir='ltr'>ἀποφέρει,</span> <span class='ocrx_word' id='word_1_454' title='bbox 907 3519 1043 3589; x_wconf 84' lang='grc' dir='ltr'>μήτε</span> <span class='ocrx_word' id='word_1_455' title='bbox 1073 3518 1305 3589; x_wconf 86' lang='grc' dir='ltr'>φειδοῦς,</span> <span class='ocrx_word' id='word_1_456' title='bbox 1338 3519 1371 3591; x_wconf 75' lang='grc' dir='ltr'>ἢ</span> <span class='ocrx_word' id='word_1_457' title='bbox 1397 3521 1639 3592; x_wconf 80' lang='grc' dir='ltr'>ἀγάπης,</span> <span class='ocrx_word' id='word_1_458' title='bbox 1687 3524 1823 3593; x_wconf 87' lang='grc' dir='ltr'>μήτε</span> 
     </span>
    </p>
   </div>
   <div class='ocr_carea' id='block_1_65' title="bbox 233 3608 1823 3683">
    <p class='ocr_par' dir='ltr' id='par_1_65' title="bbox 233 3608 1823 3683">
     <span class='ocr_line' id='line_1_65' title="bbox 233 3608 1823 3683; baseline 0.004 -23"><span class='ocrx_word' id='word_1_459' title='bbox 233 3608 353 3679; x_wconf 81' lang='grc' dir='ltr'>μὴν</span> <span class='ocrx_word' id='word_1_460' title='bbox 388 3609 681 3672; x_wconf 74' lang='grc' dir='ltr'>ἐποπτείας</span> <span class='ocrx_word' id='word_1_461' title='bbox 712 3608 900 3675; x_wconf 82' lang='grc' dir='ltr'>ἀξιῶν.</span> <span class='ocrx_word' id='word_1_462' title='bbox 935 3628 953 3661; x_wconf 81' lang='grc' dir='ltr'><strong>ι</strong></span> <span class='ocrx_word' id='word_1_463' title='bbox 976 3608 1286 3682; x_wconf 81' lang='grc' dir='ltr'>Ὀφθαλμδς</span> <span class='ocrx_word' id='word_1_464' title='bbox 1334 3611 1443 3682; x_wconf 86' lang='grc' dir='ltr'><strong>γὰρ</strong></span> <span class='ocrx_word' id='word_1_465' title='bbox 1491 3613 1698 3683; x_wconf 81' lang='grc' dir='ltr'>Κυρίου</span> <span class='ocrx_word' id='word_1_466' title='bbox 1731 3614 1823 3667; x_wconf 82' lang='grc' dir='ltr'><strong>ἐπὶ</strong></span> 
     </span>
    </p>
   </div>
   <div class='ocr_carea' id='block_1_66' title="bbox 229 3700 1824 3777">
    <p class='ocr_par' dir='ltr' id='par_1_66' title="bbox 229 3700 1824 3777">
     <span class='ocr_line' id='line_1_66' title="bbox 229 3700 1824 3777; baseline 0.005 -25"><span class='ocrx_word' id='word_1_467' title='bbox 229 3700 504 3764; x_wconf 81' lang='grc' dir='ltr'>δικαίους,</span> <span class='ocrx_word' id='word_1_468' title='bbox 536 3720 556 3754; x_wconf 79' lang='lat' dir='ltr'><strong>s</strong></span> <span class='ocrx_word' id='word_1_469' title='bbox 606 3701 750 3756; x_wconf 87' lang='grc' dir='ltr'>κατά</span> <span class='ocrx_word' id='word_1_470' title='bbox 784 3701 846 3754; x_wconf 84' lang='grc' dir='ltr'>τὸ</span> <span class='ocrx_word' id='word_1_471' title='bbox 876 3704 1433 3775; x_wconf 81' lang='grc' dir='ltr'>γεγραμμένον.”Εφη</span> <span class='ocrx_word' id='word_1_472' title='bbox 1470 3704 1528 3758; x_wconf 84' lang='grc' dir='ltr'>δὲ</span> <span class='ocrx_word' id='word_1_473' title='bbox 1562 3706 1655 3759; x_wconf 69' lang='grc' dir='ltr'><strong>καὶ</strong></span> <span class='ocrx_word' id='word_1_474' title='bbox 1688 3708 1824 3777; x_wconf 86' lang='grc' dir='ltr'>πρός</span> 
     </span>
    </p>
   </div>
   <div class='ocr_carea' id='block_1_67' title="bbox 228 3790 1823 3864">
    <p class='ocr_par' dir='ltr' id='par_1_67' title="bbox 228 3790 1823 3864">
     <span class='ocr_line' id='line_1_67' title="bbox 228 3790 1823 3864; baseline 0.006 -22"><span class='ocrx_word' id='word_1_475' title='bbox 228 3806 396 3854; x_wconf 83' lang='grc' dir='ltr'>τινας</span> <span class='ocrx_word' id='word_1_476' title='bbox 422 3790 532 3843; x_wconf 86' lang='grc' dir='ltr'>τῶν</span> <span class='ocrx_word' id='word_1_477' title='bbox 556 3791 851 3864; x_wconf 81' lang='grc' dir='ltr'>ἀλιτηρίων</span> <span class='ocrx_word' id='word_1_478' title='bbox 875 3791 963 3846; x_wconf 87' lang='grc' dir='ltr'>διὰ</span> <span class='ocrx_word' id='word_1_479' title='bbox 987 3792 1173 3863; x_wconf 82' lang='grc' dir='ltr'>φωνῆς</span> <span class='ocrx_word' id='word_1_480' title='bbox 1209 3794 1427 3848; x_wconf 81' lang='grc' dir='ltr'>Ἡσαΐου</span> <span class='ocrx_word' id='word_1_481' title='bbox 1449 3811 1463 3825; x_wconf 91' lang='grc'><strong>·</strong></span> <span class='ocrx_word' id='word_1_482' title='bbox 1498 3814 1515 3846; x_wconf 80' lang='grc' dir='ltr'><strong>ι</strong></span> <span class='ocrx_word' id='word_1_483' title='bbox 1531 3796 1698 3851; x_wconf 85' lang='grc' dir='ltr'>Ὅταν</span> <span class='ocrx_word' id='word_1_484' title='bbox 1724 3798 1823 3862; x_wconf 82' lang='grc' dir='ltr'>τὰς</span> 
     </span>
    </p>
   </div>
   <div class='ocr_carea' id='block_1_68' title="bbox 222 3882 1822 3959">
    <p class='ocr_par' dir='ltr' id='par_1_68' title="bbox 222 3882 1822 3959">
     <span class='ocr_line' id='line_1_68' title="bbox 222 3882 1822 3959; baseline 0.003 -23"><span class='ocrx_word' id='word_1_485' title='bbox 222 3886 434 3953; x_wconf 74' lang='grc' dir='ltr'>χεῖρας</span> <span class='ocrx_word' id='word_1_486' title='bbox 462 3882 741 3954; x_wconf 84' lang='grc' dir='ltr'>ὲκτείνητε</span> <span class='ocrx_word' id='word_1_487' title='bbox 762 3883 897 3955; x_wconf 87' lang='grc' dir='ltr'>πρός</span> <span class='ocrx_word' id='word_1_488' title='bbox 926 3900 1015 3955; x_wconf 90' lang='grc' dir='ltr'><strong>με,</strong></span> <span class='ocrx_word' id='word_1_489' title='bbox 1030 3885 1357 3955; x_wconf 82' lang='grc' dir='ltr'>ἀποστρέψω</span> <span class='ocrx_word' id='word_1_490' title='bbox 1372 3887 1498 3950; x_wconf 85' lang='grc' dir='ltr'>τοὺς</span> <span class='ocrx_word' id='word_1_491' title='bbox 1513 3886 1822 3959; x_wconf 81' lang='grc' dir='ltr'>ὀφθαλμούς</span> 
     </span>
    </p>
   </div>
   <div class='ocr_carea' id='block_1_69' title="bbox 236 3973 1823 4047">
    <p class='ocr_par' dir='ltr' id='par_1_69' title="bbox 236 3973 1823 4047">
     <span class='ocr_line' id='line_1_69' title="bbox 236 3973 1823 4047; baseline 0.004 -22"><span class='ocrx_word' id='word_1_492' title='bbox 236 3992 348 4044; x_wconf 84' lang='grc' dir='ltr'><strong>μου</strong></span> <span class='ocrx_word' id='word_1_493' title='bbox 396 3973 490 4044; x_wconf 78' lang='grc' dir='ltr'>ἀφ’</span> <span class='ocrx_word' id='word_1_494' title='bbox 522 3974 695 4044; x_wconf 82' lang='grc' dir='ltr'>ὑμῶν.</span> <span class='ocrx_word' id='word_1_495' title='bbox 716 3974 839 4029; x_wconf 74' lang='grc' dir='ltr'><strong>Καὶ</strong></span> <span class='ocrx_word' id='word_1_496' title='bbox 888 3976 985 4029; x_wconf 77' lang='grc' dir='ltr'><strong>ἐὰν</strong></span> <span class='ocrx_word' id='word_1_497' title='bbox 1030 3974 1337 4046; x_wconf 72' lang='grc' dir='ltr'>πληθύνητε</span> <span class='ocrx_word' id='word_1_498' title='bbox 1365 3976 1463 4047; x_wconf 82' lang='grc' dir='ltr'>τὴν</span> <span class='ocrx_word' id='word_1_499' title='bbox 1492 3977 1695 4047; x_wconf 85' lang='grc' dir='ltr'>δέησιν,</span> <span class='ocrx_word' id='word_1_500' title='bbox 1722 3979 1823 4032; x_wconf 78' lang='grc' dir='ltr'><strong>οὐκ</strong></span> 
     </span>
    </p>
   </div>
   <div class='ocr_carea' id='block_1_70' title="bbox 232 4065 1824 4140">
    <p class='ocr_par' dir='ltr' id='par_1_70' title="bbox 232 4065 1824 4140">
     <span class='ocr_line' id='line_1_70' title="bbox 232 4065 1824 4140; baseline 0.003 -22"><span class='ocrx_word' id='word_1_501' title='bbox 232 4065 637 4138; x_wconf 75' lang='grc' dir='ltr'>εἰσακούσομαι</span> <span class='ocrx_word' id='word_1_502' title='bbox 683 4067 836 4137; x_wconf 84' lang='grc' dir='ltr'>ὑμῶν</span> <span class='ocrx_word' id='word_1_503' title='bbox 861 4083 878 4097; x_wconf 88' lang='grc'><strong>·</strong></span> <span class='ocrx_word' id='word_1_504' title='bbox 910 4068 980 4119; x_wconf 78' lang='grc' dir='ltr'><strong>αί</strong></span> <span class='ocrx_word' id='word_1_505' title='bbox 1011 4065 1118 4138; x_wconf 84' lang='grc' dir='ltr'>γὰρ</span> <span class='ocrx_word' id='word_1_506' title='bbox 1161 4069 1341 4138; x_wconf 84' lang='grc' dir='ltr'>χεῖρες</span> <span class='ocrx_word' id='word_1_507' title='bbox 1391 4068 1544 4138; x_wconf 76' lang='grc' dir='ltr'>ὑμῶν</span> <span class='ocrx_word' id='word_1_508' title='bbox 1592 4069 1824 4140; x_wconf 79' lang='grc' dir='ltr'>αἵματος</span> 
     </span>
    </p>
   </div>
   <div class='ocr_carea' id='block_1_71' title="bbox 234 4158 1824 4232">
    <p class='ocr_par' dir='ltr' id='par_1_71' title="bbox 234 4158 1824 4232">
     <span class='ocr_line' id='line_1_71' title="bbox 234 4158 1824 4232; baseline 0.003 -22"><span class='ocrx_word' id='word_1_509' title='bbox 234 4161 495 4227; x_wconf 73' lang='grc' dir='ltr'>πλήρεις.</span> <span class='ocrx_word' id='word_1_510' title='bbox 529 4178 548 4212; x_wconf 74' lang='grc' dir='ltr'><strong>ι</strong></span> <span class='ocrx_word' id='word_1_511' title='bbox 582 4159 704 4230; x_wconf 85' lang='grc' dir='ltr'><strong>Χρὴ</strong></span> <span class='ocrx_word' id='word_1_512' title='bbox 729 4158 1018 4229; x_wconf 89' lang='grc' dir='ltr'>τοιγαροῦν</span> <span class='ocrx_word' id='word_1_513' title='bbox 1055 4158 1434 4223; x_wconf 75' lang='grc' dir='ltr'>ἐξιλάσκεσθαι</span> <span class='ocrx_word' id='word_1_514' title='bbox 1472 4160 1599 4224; x_wconf 80' lang='grc' dir='ltr'>τοὺς</span> <span class='ocrx_word' id='word_1_515' title='bbox 1645 4163 1824 4232; x_wconf 80' lang='grc' dir='ltr'>ἡμαρ-</span> 
     </span>
    </p>
   </div>
   <div class='ocr_carea' id='block_1_72' title="bbox 232 4250 1823 4321">
    <p class='ocr_par' dir='ltr' id='par_1_72' title="bbox 232 4250 1823 4321">
     <span class='ocr_line' id='line_1_72' title="bbox 232 4250 1823 4321; baseline 0.003 -21"><span class='ocrx_word' id='word_1_516' title='bbox 232 4250 501 4319; x_wconf 78' lang='grc' dir='ltr'>τηκότας,</span> <span class='ocrx_word' id='word_1_517' title='bbox 534 4251 582 4302; x_wconf 88' lang='grc' dir='ltr'>εἰ</span> <span class='ocrx_word' id='word_1_518' title='bbox 626 4251 689 4320; x_wconf 88' lang='grc' dir='ltr'>δή</span> <span class='ocrx_word' id='word_1_519' title='bbox 724 4268 841 4313; x_wconf 85' lang='grc' dir='ltr'><strong>πως</strong></span> <span class='ocrx_word' id='word_1_520' title='bbox 872 4250 980 4321; x_wconf 79' lang='grc' dir='ltr'>ἄρα</span> <span class='ocrx_word' id='word_1_521' title='bbox 1025 4250 1459 4321; x_wconf 82' lang='grc' dir='ltr'>μεταστρέψειεν</span> <span class='ocrx_word' id='word_1_522' title='bbox 1492 4252 1578 4321; x_wconf 81' lang='grc' dir='ltr'><strong>ἐφ’</strong></span> <span class='ocrx_word' id='word_1_523' title='bbox 1612 4253 1823 4317; x_wconf 79' lang='grc' dir='ltr'>ἑαυτοῖς</span> 
     </span>
    </p>
   </div>
   <div class='ocr_carea' id='block_1_73' title="bbox 233 4340 1824 4414">
    <p class='ocr_par' dir='ltr' id='par_1_73' title="bbox 233 4340 1824 4414">
     <span class='ocr_line' id='line_1_73' title="bbox 233 4340 1824 4414; baseline 0.003 -22"><span class='ocrx_word' id='word_1_524' title='bbox 233 4341 303 4392; x_wconf 83' lang='grc' dir='ltr'>τὸ</span> <span class='ocrx_word' id='word_1_525' title='bbox 338 4340 631 4411; x_wconf 86' lang='grc' dir='ltr'>πρόσωπον</span> <span class='ocrx_word' id='word_1_526' title='bbox 658 4340 752 4394; x_wconf 90' lang='grc' dir='ltr'><strong>τοῦ</strong></span> <span class='ocrx_word' id='word_1_527' title='bbox 782 4340 940 4408; x_wconf 86' lang='grc' dir='ltr'>Θεοῦ,</span> <span class='ocrx_word' id='word_1_528' title='bbox 982 4343 1076 4396; x_wconf 78' lang='grc' dir='ltr'><strong>καὶ</strong></span> <span class='ocrx_word' id='word_1_529' title='bbox 1105 4343 1169 4395; x_wconf 81' lang='grc' dir='ltr'><strong>ἐκ</strong></span> <span class='ocrx_word' id='word_1_530' title='bbox 1192 4342 1292 4411; x_wconf 86' lang='grc' dir='ltr'>τῆς</span> <span class='ocrx_word' id='word_1_531' title='bbox 1319 4343 1673 4414; x_wconf 82' lang='grc' dir='ltr'>ἀποστροφῆς</span> <span class='ocrx_word' id='word_1_532' title='bbox 1704 4344 1824 4397; x_wconf 83' lang='grc' dir='ltr'><strong>ἐσό-</strong></span> 
     </span>
    </p>
   </div>
   <div class='ocr_carea' id='block_1_74' title="bbox 1924 3237 3502 3309">
    <p class='ocr_par' dir='ltr' id='par_1_74' title="bbox 1924 3237 3502 3309">
     <span class='ocr_line' id='line_1_74' title="bbox 1924 3237 3502 3309; baseline -0.004 -14"><span class='ocrx_word' id='word_1_533' title='bbox 1924 3240 2053 3295; x_wconf 88' lang='lat' dir='ltr'><strong>dere</strong></span> <span class='ocrx_word' id='word_1_534' title='bbox 2084 3256 2191 3295; x_wconf 88' lang='lat' dir='ltr'><strong>non</strong></span> <span class='ocrx_word' id='word_1_535' title='bbox 2218 3239 2546 3309; x_wconf 78' lang='lat' dir='ltr'><strong>refugientes</strong></span> <span class='ocrx_word' id='word_1_536' title='bbox 2568 3278 2583 3303; x_wconf 89' lang='lat'><strong>,</strong></span> <span class='ocrx_word' id='word_1_537' title='bbox 2615 3248 2667 3292; x_wconf 87' lang='lat' dir='ltr'><strong>et</strong></span> <span class='ocrx_word' id='word_1_538' title='bbox 2690 3253 2719 3291; x_wconf 88' lang='lat' dir='ltr'><strong>a</strong></span> <span class='ocrx_word' id='word_1_539' title='bbox 2746 3237 2968 3307; x_wconf 81' lang='lat' dir='ltr'><strong>gloriam</strong></span> <span class='ocrx_word' id='word_1_540' title='bbox 3011 3251 3163 3291; x_wconf 89' lang='lat' dir='ltr'><strong>suam</strong></span> <span class='ocrx_word' id='word_1_541' title='bbox 3192 3251 3297 3290; x_wconf 92' lang='lat' dir='ltr'><strong>non</strong></span> <span class='ocrx_word' id='word_1_542' title='bbox 3353 3252 3502 3306; x_wconf 63' lang='lat' dir='ltr'><strong>qum-</strong></span> 
     </span>
    </p>
   </div>
   <div class='ocr_carea' id='block_1_75' title="bbox 1922 3327 3501 3399">
    <p class='ocr_par' dir='ltr' id='par_1_75' title="bbox 1922 3327 3501 3399">
     <span class='ocr_line' id='line_1_75' title="bbox 1922 3327 3501 3399; baseline -0.004 -13"><span class='ocrx_word' id='word_1_543' title='bbox 1922 3330 2188 3395; x_wconf 86' lang='lat' dir='ltr'><strong>rentibus,</strong></span> <span class='ocrx_word' id='word_1_544' title='bbox 2219 3330 2366 3385; x_wconf 89' lang='lat' dir='ltr'><strong>velut</strong></span> <span class='ocrx_word' id='word_1_545' title='bbox 2402 3338 2680 3399; x_wconf 84' lang='lat' dir='ltr'><strong>aspectum</strong></span> <span class='ocrx_word' id='word_1_546' title='bbox 2709 3339 2959 3383; x_wconf 88' lang='lat' dir='ltr'><strong>avertere</strong></span> <span class='ocrx_word' id='word_1_547' title='bbox 2980 3368 2995 3392; x_wconf 90' lang='lat'><strong>,</strong></span> <span class='ocrx_word' id='word_1_548' title='bbox 3024 3342 3124 3382; x_wconf 91' lang='lat' dir='ltr'><strong>nec</strong></span> <span class='ocrx_word' id='word_1_549' title='bbox 3174 3341 3269 3380; x_wconf 88' lang='lat' dir='ltr'><strong>eos</strong></span> <span class='ocrx_word' id='word_1_550' title='bbox 3322 3327 3501 3380; x_wconf 89' lang='lat' dir='ltr'><strong>indul-</strong></span> 
     </span>
    </p>
   </div>
   <div class='ocr_carea' id='block_1_76' title="bbox 1924 3418 3497 3489">
    <p class='ocr_par' dir='ltr' id='par_1_76' title="bbox 1924 3418 3497 3489">
     <span class='ocr_line' id='line_1_76' title="bbox 1924 3418 3497 3489; baseline -0.001 -15"><span class='ocrx_word' id='word_1_551' title='bbox 1924 3420 2127 3489; x_wconf 88' lang='lat' dir='ltr'><strong>gentia,</strong></span> <span class='ocrx_word' id='word_1_552' title='bbox 2162 3429 2256 3474; x_wconf 90' lang='lat' dir='ltr'><strong>aut</strong></span> <span class='ocrx_word' id='word_1_553' title='bbox 2314 3420 2604 3484; x_wconf 88' lang='lat' dir='ltr'><strong>cbaritate,</strong></span> <span class='ocrx_word' id='word_1_554' title='bbox 2645 3428 2738 3474; x_wconf 88' lang='lat' dir='ltr'><strong>aut</strong></span> <span class='ocrx_word' id='word_1_555' title='bbox 2793 3418 3131 3487; x_wconf 86' lang='lat' dir='ltr'><strong>inspectione</strong></span> <span class='ocrx_word' id='word_1_556' title='bbox 3188 3418 3497 3487; x_wconf 88' lang='lat' dir='ltr'><strong>complecti.</strong></span> 
     </span>
    </p>
   </div>
   <div class='ocr_carea' id='block_1_77' title="bbox 1929 3509 3496 3581">
    <p class='ocr_par' dir='ltr' id='par_1_77' title="bbox 1929 3509 3496 3581">
     <span class='ocr_line' id='line_1_77' title="bbox 1929 3509 3496 3581; baseline -0.001 -16"><span class='ocrx_word' id='word_1_557' title='bbox 1929 3530 1949 3565; x_wconf 74' lang='grc' dir='ltr'>σ</span> <span class='ocrx_word' id='word_1_558' title='bbox 1992 3512 2143 3568; x_wconf 92' lang='lat' dir='ltr'><strong>Oculi</strong></span> <span class='ocrx_word' id='word_1_559' title='bbox 2174 3513 2318 3567; x_wconf 89' lang='lat' dir='ltr'><strong>enim</strong></span> <span class='ocrx_word' id='word_1_560' title='bbox 2357 3513 2569 3567; x_wconf 92' lang='lat' dir='ltr'><strong>Domini</strong></span> <span class='ocrx_word' id='word_1_561' title='bbox 2603 3526 2766 3581; x_wconf 89' lang='lat' dir='ltr'><strong>super</strong></span> <span class='ocrx_word' id='word_1_562' title='bbox 2789 3509 2963 3580; x_wconf 87' lang='lat' dir='ltr'><strong>justos</strong></span> <span class='ocrx_word' id='word_1_563' title='bbox 2988 3510 3057 3574; x_wconf 79' lang='grc'><strong>⁸⁷,</strong></span> <span class='ocrx_word' id='word_1_564' title='bbox 3094 3528 3114 3562; x_wconf 73' lang='grc' dir='ltr'><strong>ι</strong></span> <span class='ocrx_word' id='word_1_565' title='bbox 3141 3518 3197 3563; x_wconf 81' lang='grc' dir='ltr'><strong>ιιι</strong></span> <span class='ocrx_word' id='word_1_566' title='bbox 3233 3509 3496 3578; x_wconf 88' lang='lat' dir='ltr'><strong>scriptum</strong></span> 
     </span>
    </p>
   </div>
   <div class='ocr_carea' id='block_1_78' title="bbox 1924 3601 3499 3672">
    <p class='ocr_par' dir='ltr' id='par_1_78' title="bbox 1924 3601 3499 3672">
     <span class='ocr_line' id='line_1_78' title="bbox 1924 3601 3499 3672; baseline -0.001 -13"><span class='ocrx_word' id='word_1_567' title='bbox 1924 3610 2024 3659; x_wconf 88' lang='lat' dir='ltr'><strong>est.</strong></span> <span class='ocrx_word' id='word_1_568' title='bbox 2052 3602 2121 3657; x_wconf 89' lang='lat' dir='ltr'><strong>Et</strong></span> <span class='ocrx_word' id='word_1_569' title='bbox 2154 3603 2221 3657; x_wconf 91' lang='lat' dir='ltr'><strong>ad</strong></span> <span class='ocrx_word' id='word_1_570' title='bbox 2249 3603 2510 3672; x_wconf 86' lang='lat' dir='ltr'><strong>quosdam</strong></span> <span class='ocrx_word' id='word_1_571' title='bbox 2543 3605 2808 3658; x_wconf 86' lang='lat' dir='ltr'><strong>scelestos</strong></span> <span class='ocrx_word' id='word_1_572' title='bbox 2835 3616 2966 3657; x_wconf 90' lang='lat' dir='ltr'><strong>voce</strong></span> <span class='ocrx_word' id='word_1_573' title='bbox 2992 3601 3140 3656; x_wconf 78' lang='lat' dir='ltr'><strong>Isaiae</strong></span> <span class='ocrx_word' id='word_1_574' title='bbox 3172 3603 3247 3655; x_wconf 85' lang='lat' dir='ltr'><strong>ait</strong></span> <span class='ocrx_word' id='word_1_575' title='bbox 3276 3619 3289 3655; x_wconf 92' lang='lat'><strong>:</strong></span> <span class='ocrx_word' id='word_1_576' title='bbox 3326 3622 3342 3652; x_wconf 74' lang='grc' dir='ltr'><strong>ι</strong></span> <span class='ocrx_word' id='word_1_577' title='bbox 3366 3602 3499 3657; x_wconf 87' lang='lat' dir='ltr'><strong>Cum</strong></span> 
     </span>
    </p>
   </div>
   <div class='ocr_carea' id='block_1_79' title="bbox 1923 3692 3499 3762">
    <p class='ocr_par' dir='ltr' id='par_1_79' title="bbox 1923 3692 3499 3762">
     <span class='ocr_line' id='line_1_79' title="bbox 1923 3692 3499 3762; baseline -0.001 -14"><span class='ocrx_word' id='word_1_578' title='bbox 1923 3693 2277 3749; x_wconf 82' lang='lat' dir='ltr'><strong>extenderitis</strong></span> <span class='ocrx_word' id='word_1_579' title='bbox 2312 3709 2500 3749; x_wconf 90' lang='lat' dir='ltr'><strong>manus</strong></span> <span class='ocrx_word' id='word_1_580' title='bbox 2520 3736 2538 3762; x_wconf 91' lang='lat'><strong>,</strong></span> <span class='ocrx_word' id='word_1_581' title='bbox 2567 3704 2807 3748; x_wconf 85' lang='lat' dir='ltr'><strong>avertam</strong></span> <span class='ocrx_word' id='word_1_582' title='bbox 2836 3692 3020 3748; x_wconf 92' lang='lat' dir='ltr'><strong>oculos</strong></span> <span class='ocrx_word' id='word_1_583' title='bbox 3043 3709 3072 3745; x_wconf 90' lang='lat' dir='ltr'><strong>a</strong></span> <span class='ocrx_word' id='word_1_584' title='bbox 3098 3692 3266 3747; x_wconf 91' lang='lat' dir='ltr'><strong>vobis.</strong></span> <span class='ocrx_word' id='word_1_585' title='bbox 3303 3692 3499 3747; x_wconf 85' lang='lat' dir='ltr'><strong>Etcum</strong></span> 
     </span>
    </p>
   </div>
   <div class='ocr_carea' id='block_1_80' title="bbox 1924 3783 3501 3853">
    <p class='ocr_par' dir='ltr' id='par_1_80' title="bbox 1924 3783 3501 3853">
     <span class='ocr_line' id='line_1_80' title="bbox 1924 3783 3501 3853; baseline 0.001 -14"><span class='ocrx_word' id='word_1_586' title='bbox 1924 3783 2408 3853; x_wconf 87' lang='lat' dir='ltr'><strong>multiplieaveritis</strong></span> <span class='ocrx_word' id='word_1_587' title='bbox 2434 3788 2755 3851; x_wconf 89' lang='lat' dir='ltr'><strong>orationem,</strong></span> <span class='ocrx_word' id='word_1_588' title='bbox 2783 3802 2888 3841; x_wconf 92' lang='lat' dir='ltr'><strong>non</strong></span> <span class='ocrx_word' id='word_1_589' title='bbox 2915 3786 3201 3840; x_wconf 78' lang='lat' dir='ltr'><strong>exaudiam</strong></span> <span class='ocrx_word' id='word_1_590' title='bbox 3227 3801 3351 3842; x_wconf 85' lang='lat' dir='ltr'><strong>vos:</strong></span> <span class='ocrx_word' id='word_1_591' title='bbox 3380 3802 3501 3840; x_wconf 78' lang='lat' dir='ltr'><strong>ma-</strong></span> 
     </span>
    </p>
   </div>
   <div class='ocr_carea' id='block_1_81' title="bbox 1924 3878 3503 3951">
    <p class='ocr_par' dir='ltr' id='par_1_81' title="bbox 1924 3878 3503 3951">
     <span class='ocr_line' id='line_1_81' title="bbox 1924 3878 3503 3951; baseline 0.001 -18"><span class='ocrx_word' id='word_1_592' title='bbox 1924 3892 2028 3933; x_wconf 87' lang='lat' dir='ltr'><strong>nus</strong></span> <span class='ocrx_word' id='word_1_593' title='bbox 2044 3878 2189 3932; x_wconf 89' lang='lat' dir='ltr'><strong>enim</strong></span> <span class='ocrx_word' id='word_1_594' title='bbox 2223 3887 2415 3934; x_wconf 68' lang='lat' dir='ltr'><strong>vestrae</strong></span> <span class='ocrx_word' id='word_1_595' title='bbox 2440 3880 2703 3951; x_wconf 83' lang='lat' dir='ltr'><strong>sanguine</strong></span> <span class='ocrx_word' id='word_1_596' title='bbox 2723 3880 2893 3950; x_wconf 66' lang='lat' dir='ltr'><strong>plena!</strong></span> <span class='ocrx_word' id='word_1_597' title='bbox 2908 3889 3030 3935; x_wconf 90' lang='lat' dir='ltr'><strong>sunt</strong></span> <span class='ocrx_word' id='word_1_598' title='bbox 3047 3878 3113 3932; x_wconf 68' lang='grc'><strong>⁵⁸.</strong></span> <span class='ocrx_word' id='word_1_599' title='bbox 3146 3897 3163 3931; x_wconf 75' lang='grc' dir='ltr'><strong>ι</strong></span> <span class='ocrx_word' id='word_1_600' title='bbox 3201 3878 3503 3948; x_wconf 72' lang='grc' dir='ltr'>Ρτορίιίοτυ</span> 
     </span>
    </p>
   </div>
   <div class='ocr_carea' id='block_1_82' title="bbox 1924 3969 3499 4040">
    <p class='ocr_par' dir='ltr' id='par_1_82' title="bbox 1924 3969 3499 4040">
     <span class='ocr_line' id='line_1_82' title="bbox 1924 3969 3499 4040; baseline 0.003 -18"><span class='ocrx_word' id='word_1_601' title='bbox 1924 3969 2088 4039; x_wconf 79' lang='lat' dir='ltr'><strong>igitur</strong></span> <span class='ocrx_word' id='word_1_602' title='bbox 2114 3970 2281 4025; x_wconf 91' lang='lat' dir='ltr'><strong>Deum</strong></span> <span class='ocrx_word' id='word_1_603' title='bbox 2328 3970 2430 4026; x_wconf 91' lang='lat' dir='ltr'><strong>sibi</strong></span> <span class='ocrx_word' id='word_1_604' title='bbox 2457 3982 2767 4040; x_wconf 87' lang='lat' dir='ltr'><strong>peccatores</strong></span> <span class='ocrx_word' id='word_1_605' title='bbox 2789 3972 3067 4036; x_wconf 88' lang='lat' dir='ltr'><strong>debent,si</strong></span> <span class='ocrx_word' id='word_1_606' title='bbox 3105 3973 3245 4026; x_wconf 84' lang='lat' dir='ltr'><strong>forte</strong></span> <span class='ocrx_word' id='word_1_607' title='bbox 3302 3972 3499 4026; x_wconf 73' lang='lat' dir='ltr'><strong>faciem</strong></span> 
     </span>
    </p>
   </div>
   <div class='ocr_carea' id='block_1_83' title="bbox 1923 4061 3498 4135">
    <p class='ocr_par' dir='ltr' id='par_1_83' title="bbox 1923 4061 3498 4135">
     <span class='ocr_line' id='line_1_83' title="bbox 1923 4061 3498 4135; baseline 0.001 -18"><span class='ocrx_word' id='word_1_608' title='bbox 1923 4061 2039 4130; x_wconf 90' lang='lat' dir='ltr'><strong>ejus</strong></span> <span class='ocrx_word' id='word_1_609' title='bbox 2066 4064 2134 4117; x_wconf 89' lang='lat' dir='ltr'><strong>ad</strong></span> <span class='ocrx_word' id='word_1_610' title='bbox 2163 4079 2224 4119; x_wconf 87' lang='lat' dir='ltr'><strong>se</strong></span> <span class='ocrx_word' id='word_1_611' title='bbox 2244 4073 2584 4129; x_wconf 87' lang='lat' dir='ltr'><strong>convertant,</strong></span> <span class='ocrx_word' id='word_1_612' title='bbox 2606 4074 2662 4121; x_wconf 90' lang='lat' dir='ltr'><strong>et</strong></span> <span class='ocrx_word' id='word_1_613' title='bbox 2694 4080 2814 4135; x_wconf 68' lang='lat' dir='ltr'><strong>quae</strong></span> <span class='ocrx_word' id='word_1_614' title='bbox 2839 4082 2905 4119; x_wconf 87' lang='lat' dir='ltr'><strong>ex</strong></span> <span class='ocrx_word' id='word_1_615' title='bbox 2937 4065 3052 4133; x_wconf 89' lang='lat' dir='ltr'><strong>ejus</strong></span> <span class='ocrx_word' id='word_1_616' title='bbox 3074 4063 3353 4118; x_wconf 87' lang='lat' dir='ltr'><strong>aversione</strong></span> <span class='ocrx_word' id='word_1_617' title='bbox 3394 4064 3498 4119; x_wconf 89' lang='lat' dir='ltr'><strong>sibi</strong></span> 
     </span>
    </p>
   </div>
   <div class='ocr_carea' id='block_1_84' title="bbox 1925 4151 3497 4224">
    <p class='ocr_par' dir='ltr' id='par_1_84' title="bbox 1925 4151 3497 4224">
     <span class='ocr_line' id='line_1_84' title="bbox 1925 4151 3497 4224; baseline 0.003 -19"><span class='ocrx_word' id='word_1_618' title='bbox 1925 4151 2086 4207; x_wconf 80' lang='lat' dir='ltr'><strong>noxia</strong></span> <span class='ocrx_word' id='word_1_619' title='bbox 2120 4152 2495 4219; x_wconf 86' lang='lat' dir='ltr'><strong>imminebant,</strong></span> <span class='ocrx_word' id='word_1_620' title='bbox 2527 4170 2587 4211; x_wconf 87' lang='lat' dir='ltr'><strong>ea</strong></span> <span class='ocrx_word' id='word_1_621' title='bbox 2617 4172 2646 4210; x_wconf 90' lang='lat' dir='ltr'><strong>a</strong></span> <span class='ocrx_word' id='word_1_622' title='bbox 2676 4156 2944 4224; x_wconf 89' lang='lat' dir='ltr'><strong>capitibus</strong></span> <span class='ocrx_word' id='word_1_623' title='bbox 2973 4155 3090 4209; x_wconf 85' lang='lat' dir='ltr'><strong>suis</strong></span> <span class='ocrx_word' id='word_1_624' title='bbox 3119 4164 3359 4209; x_wconf 88' lang='lat' dir='ltr'><strong>arceant.</strong></span> <span class='ocrx_word' id='word_1_625' title='bbox 3391 4154 3497 4209; x_wconf 81' lang='lat' dir='ltr'><strong>De-</strong></span> 
     </span>
    </p>
   </div>
   <div class='ocr_carea' id='block_1_85' title="bbox 1925 4242 3498 4316">
    <p class='ocr_par' dir='ltr' id='par_1_85' title="bbox 1925 4242 3498 4316">
     <span class='ocr_line' id='line_1_85' title="bbox 1925 4242 3498 4316; baseline 0.003 -21"><span class='ocrx_word' id='word_1_626' title='bbox 1925 4242 2238 4311; x_wconf 86' lang='lat' dir='ltr'><strong>linitenim,</strong></span> <span class='ocrx_word' id='word_1_627' title='bbox 2271 4255 2326 4301; x_wconf 90' lang='lat' dir='ltr'><strong>et</strong></span> <span class='ocrx_word' id='word_1_628' title='bbox 2384 4246 2543 4315; x_wconf 85' lang='lat' dir='ltr'><strong>quale</strong></span> <span class='ocrx_word' id='word_1_629' title='bbox 2603 4246 2764 4302; x_wconf 77' lang='lat' dir='ltr'><strong>fuerit</strong></span> <span class='ocrx_word' id='word_1_630' title='bbox 2818 4258 3095 4316; x_wconf 90' lang='lat' dir='ltr'><strong>peccatum</strong></span> <span class='ocrx_word' id='word_1_631' title='bbox 3158 4246 3498 4302; x_wconf 89' lang='lat' dir='ltr'><strong>sacerdotum</strong></span> 
     </span>
    </p>
   </div>
   <div class='ocr_carea' id='block_1_86' title="bbox 1924 4335 3498 4408">
    <p class='ocr_par' dir='ltr' id='par_1_86' title="bbox 1924 4335 3498 4408">
     <span class='ocr_line' id='line_1_86' title="bbox 1924 4335 3498 4408; baseline 0.003 -18"><span class='ocrx_word' id='word_1_632' title='bbox 1924 4335 2293 4405; x_wconf 89' lang='lat' dir='ltr'><strong>demonstrat,</strong></span> <span class='ocrx_word' id='word_1_633' title='bbox 2352 4349 2405 4393; x_wconf 88' lang='lat' dir='ltr'><strong>et</strong></span> <span class='ocrx_word' id='word_1_634' title='bbox 2455 4338 2835 4394; x_wconf 86' lang='lat' dir='ltr'><strong>inliciationem</strong></span> <span class='ocrx_word' id='word_1_635' title='bbox 2871 4339 3134 4408; x_wconf 63' lang='lat' dir='ltr'><strong>praecidit.</strong></span> <span class='ocrx_word' id='word_1_636' title='bbox 3196 4338 3304 4395; x_wconf 81' lang='lat' dir='ltr'><strong>Nec</strong></span> <span class='ocrx_word' id='word_1_637' title='bbox 3354 4339 3498 4394; x_wconf 89' lang='lat' dir='ltr'><strong>enim</strong></span> 
     </span>
    </p>
   </div>
   <div class='ocr_carea' id='block_1_87' title="bbox 237 4427 1824 4519">
    <p class='ocr_par' dir='ltr' id='par_1_87' title="bbox 237 4430 1821 4504">
     <span class='ocr_line' id='line_1_87' title="bbox 237 4430 1821 4504; baseline 0.003 -21"><span class='ocrx_word' id='word_1_638' title='bbox 237 4447 389 4499; x_wconf 85' lang='grc' dir='ltr'>μενα</span> <span class='ocrx_word' id='word_1_639' title='bbox 433 4430 865 4501; x_wconf 76' lang='grc' dir='ltr'>ἀποκρούσαιντο</span> <span class='ocrx_word' id='word_1_640' title='bbox 916 4430 1106 4503; x_wconf 78' lang='grc' dir='ltr'>βλάϐη.</span> <span class='ocrx_word' id='word_1_641' title='bbox 1137 4430 1431 4503; x_wconf 77' lang='grc' dir='ltr'>Καθορίζει</span> <span class='ocrx_word' id='word_1_642' title='bbox 1458 4432 1567 4504; x_wconf 81' lang='grc' dir='ltr'><strong>γὰρ</strong></span> <span class='ocrx_word' id='word_1_643' title='bbox 1604 4432 1714 4487; x_wconf 85' lang='grc' dir='ltr'><strong>τῶν</strong></span> <span class='ocrx_word' id='word_1_644' title='bbox 1746 4435 1821 4487; x_wconf 84' lang='grc' dir='ltr'><strong>ἱε-</strong></span> 
     </span>
    </p>
   </div>
   <div class='ocr_carea' id='block_1_88' title="bbox 1926 4427 3499 4519">
    <p class='ocr_par' dir='ltr' id='par_1_88' title="bbox 1927 4427 3499 4485">
     <span class='ocr_line' id='line_1_88' title="bbox 1927 4427 3499 4485; baseline 0.003 -5"><span class='ocrx_word' id='word_1_645' title='bbox 1927 4427 2183 4482; x_wconf 89' lang='lat' dir='ltr'><strong>mentitur</strong></span> <span class='ocrx_word' id='word_1_646' title='bbox 2213 4444 2334 4483; x_wconf 89' lang='lat' dir='ltr'><strong>cum</strong></span> <span class='ocrx_word' id='word_1_647' title='bbox 2360 4429 2435 4483; x_wconf 88' lang='lat' dir='ltr'><strong>ait</strong></span> <span class='ocrx_word' id='word_1_648' title='bbox 2464 4448 2478 4484; x_wconf 90' lang='lat'><strong>:</strong></span> <span class='ocrx_word' id='word_1_649' title='bbox 2505 4448 2523 4481; x_wconf 74' lang='grc' dir='ltr'><strong>ι</strong></span> <span class='ocrx_word' id='word_1_650' title='bbox 2557 4430 2615 4484; x_wconf 89' lang='lat' dir='ltr'><strong>In</strong></span> <span class='ocrx_word' id='word_1_651' title='bbox 2647 4428 2896 4484; x_wconf 88' lang='lat' dir='ltr'><strong>manibus</strong></span> <span class='ocrx_word' id='word_1_652' title='bbox 2948 4430 3147 4485; x_wconf 85' lang='lat' dir='ltr'><strong>vestris</strong></span> <span class='ocrx_word' id='word_1_653' title='bbox 3191 4429 3308 4484; x_wconf 70' lang='lat' dir='ltr'><strong>haec</strong></span> <span class='ocrx_word' id='word_1_654' title='bbox 3356 4429 3499 4484; x_wconf 75' lang='lat' dir='ltr'><strong>facta</strong></span> 
     </span>
    </p>
   </div>
   <div class='ocr_carea' id='block_1_89' title="bbox 240 4521 1818 4596">
    <p class='ocr_par' dir='ltr' id='par_1_89' title="bbox 240 4521 1818 4596">
     <span class='ocr_line' id='line_1_89' title="bbox 240 4521 1818 4596; baseline 0.004 -23"><span class='ocrx_word' id='word_1_655' title='bbox 240 4521 494 4593; x_wconf 84' lang='grc' dir='ltr'>ρουργῶν</span> <span class='ocrx_word' id='word_1_656' title='bbox 526 4521 587 4575; x_wconf 80' lang='grc' dir='ltr'>τὸ</span> <span class='ocrx_word' id='word_1_657' title='bbox 628 4522 1025 4595; x_wconf 82' lang='grc' dir='ltr'>πλημμέλημα,</span> <span class='ocrx_word' id='word_1_658' title='bbox 1057 4522 1152 4576; x_wconf 71' lang='grc' dir='ltr'>καὶ</span> <span class='ocrx_word' id='word_1_659' title='bbox 1188 4522 1402 4592; x_wconf 88' lang='grc' dir='ltr'>ἀναιρεῖ</span> <span class='ocrx_word' id='word_1_660' title='bbox 1437 4524 1536 4595; x_wconf 81' lang='grc' dir='ltr'>τὴν</span> <span class='ocrx_word' id='word_1_661' title='bbox 1569 4525 1818 4596; x_wconf 78' lang='grc' dir='ltr'>ἄρνησιν.</span> 
     </span>
    </p>
   </div>
   <div class='ocr_carea' id='block_1_90' title="bbox 236 4610 1820 4684">
    <p class='ocr_par' dir='ltr' id='par_1_90' title="bbox 236 4610 1820 4684">
     <span class='ocr_line' id='line_1_90' title="bbox 236 4610 1820 4684; baseline 0.002 -19"><span class='ocrx_word' id='word_1_662' title='bbox 236 4613 317 4665; x_wconf 76' lang='grc' dir='ltr'><strong>οὐ</strong></span> <span class='ocrx_word' id='word_1_663' title='bbox 348 4611 456 4682; x_wconf 88' lang='grc' dir='ltr'>γὰρ</span> <span class='ocrx_word' id='word_1_664' title='bbox 491 4610 559 4666; x_wconf 83' lang='grc' dir='ltr'>ἂν</span> <span class='ocrx_word' id='word_1_665' title='bbox 599 4611 965 4683; x_wconf 70' lang='grc' dir='ltr'>ψευδοεπήσῃ,</span> <span class='ocrx_word' id='word_1_666' title='bbox 998 4610 1170 4679; x_wconf 88' lang='grc' dir='ltr'>λέγων</span> <span class='ocrx_word' id='word_1_667' title='bbox 1192 4628 1206 4642; x_wconf 77' lang='grc' dir='ltr'><strong>ο</strong></span> <span class='ocrx_word' id='word_1_668' title='bbox 1259 4632 1277 4663; x_wconf 74' lang='grc' dir='ltr'>ί</span> <span class='ocrx_word' id='word_1_669' title='bbox 1301 4613 1389 4666; x_wconf 82' lang='grc' dir='ltr'>Ἐν</span> <span class='ocrx_word' id='word_1_670' title='bbox 1434 4614 1622 4683; x_wconf 74' lang='grc' dir='ltr'>χερσὶν</span> <span class='ocrx_word' id='word_1_671' title='bbox 1666 4614 1820 4684; x_wconf 83' lang='grc' dir='ltr'>ὑμῶν</span> 
     </span>
    </p>
   </div>
   <div class='ocr_carea' id='block_1_91' title="bbox 236 4700 1823 4775">
    <p class='ocr_par' dir='ltr' id='par_1_91' title="bbox 236 4700 1823 4775">
     <span class='ocr_line' id='line_1_91' title="bbox 236 4700 1823 4775; baseline 0.002 -22"><span class='ocrx_word' id='word_1_672' title='bbox 236 4702 434 4769; x_wconf 82' lang='grc' dir='ltr'>γέγονε</span> <span class='ocrx_word' id='word_1_673' title='bbox 469 4701 661 4757; x_wconf 73' lang='grc' dir='ltr'>ταῦτα.</span> <span class='ocrx_word' id='word_1_674' title='bbox 692 4721 711 4753; x_wconf 75' lang='grc' dir='ltr'><strong>ι</strong></span> <span class='ocrx_word' id='word_1_675' title='bbox 744 4702 1042 4771; x_wconf 72' lang='grc' dir='ltr'>Μονονουχὶ</span> <span class='ocrx_word' id='word_1_676' title='bbox 1078 4700 1206 4771; x_wconf 78' lang='grc' dir='ltr'>γὰρ,</span> <span class='ocrx_word' id='word_1_677' title='bbox 1234 4703 1384 4772; x_wconf 77' lang='grc' dir='ltr'>φησὶ,</span> <span class='ocrx_word' id='word_1_678' title='bbox 1420 4703 1618 4775; x_wconf 80' lang='grc' dir='ltr'>ἐτέρων</span> <span class='ocrx_word' id='word_1_679' title='bbox 1644 4705 1823 4775; x_wconf 77' lang='grc' dir='ltr'>ἡμαρ-</span> 
     </span>
    </p>
   </div>
   <div class='ocr_carea' id='block_1_92' title="bbox 234 4792 1821 4865">
    <p class='ocr_par' dir='ltr' id='par_1_92' title="bbox 234 4792 1821 4865">
     <span class='ocr_line' id='line_1_92' title="bbox 234 4792 1821 4865; baseline 0.001 -21"><span class='ocrx_word' id='word_1_680' title='bbox 234 4792 511 4861; x_wconf 78' lang='grc' dir='ltr'>τηκότων,</span> <span class='ocrx_word' id='word_1_681' title='bbox 526 4794 683 4863; x_wconf 82' lang='grc' dir='ltr'>ὑμεῖς</span> <span class='ocrx_word' id='word_1_682' title='bbox 707 4793 1304 4864; x_wconf 73' lang='grc' dir='ltr'>σεσιγὴκατε,ἁλλόἶον</span> <span class='ocrx_word' id='word_1_683' title='bbox 1324 4794 1639 4865; x_wconf 81' lang='grc' dir='ltr'>αὐτόχειρες</span> <span class='ocrx_word' id='word_1_684' title='bbox 1663 4796 1821 4865; x_wconf 80' lang='grc' dir='ltr'>ὑμεῖς</span> 
     </span>
    </p>
   </div>
   <div class='ocr_carea' id='block_1_93' title="bbox 238 4884 1819 4956">
    <p class='ocr_par' dir='ltr' id='par_1_93' title="bbox 238 4884 1819 4956">
     <span class='ocr_line' id='line_1_93' title="bbox 238 4884 1819 4956; baseline 0.001 -20"><span class='ocrx_word' id='word_1_685' title='bbox 238 4884 401 4936; x_wconf 71' lang='grc' dir='ltr'>αὐτοὶ</span> <span class='ocrx_word' id='word_1_686' title='bbox 450 4885 711 4953; x_wconf 83' lang='grc' dir='ltr'>γεγόνατε</span> <span class='ocrx_word' id='word_1_687' title='bbox 753 4884 861 4939; x_wconf 79' lang='grc' dir='ltr'>τῶν</span> <span class='ocrx_word' id='word_1_688' title='bbox 923 4886 1002 4949; x_wconf 84' lang='grc' dir='ltr'><strong>είς</strong></span> <span class='ocrx_word' id='word_1_689' title='bbox 1048 4885 1147 4956; x_wconf 79' lang='grc' dir='ltr'><strong>ἐμὲ</strong></span> <span class='ocrx_word' id='word_1_690' title='bbox 1187 4885 1681 4955; x_wconf 77' lang='grc' dir='ltr'>δεδυσσεεημένων,</span> <span class='ocrx_word' id='word_1_691' title='bbox 1724 4887 1819 4939; x_wconf 67' lang='grc' dir='ltr'><strong>κα)⁸</strong></span> 
     </span>
    </p>
   </div>
   <div class='ocr_carea' id='block_1_94' title="bbox 237 4974 1827 5048">
    <p class='ocr_par' dir='ltr' id='par_1_94' title="bbox 237 4974 1827 5048">
     <span class='ocr_line' id='line_1_94' title="bbox 237 4974 1827 5048; baseline 0.003 -21"><span class='ocrx_word' id='word_1_692' title='bbox 237 4978 344 5046; x_wconf 83' lang='grc' dir='ltr'>τῆς</span> <span class='ocrx_word' id='word_1_693' title='bbox 389 4976 544 5046; x_wconf 80' lang='grc' dir='ltr'>ὑμῶν</span> <span class='ocrx_word' id='word_1_694' title='bbox 590 4977 862 5048; x_wconf 77' lang='grc' dir='ltr'>ῥᾳθυμίας</span> <span class='ocrx_word' id='word_1_695' title='bbox 891 4974 1001 5031; x_wconf 75' lang='grc' dir='ltr'>εἷεν</span> <span class='ocrx_word' id='word_1_696' title='bbox 1041 4978 1106 5032; x_wconf 87' lang='grc' dir='ltr'>ἂν</span> <span class='ocrx_word' id='word_1_697' title='bbox 1130 4978 1197 5031; x_wconf 86' lang='grc' dir='ltr'><strong>τὰ</strong></span> <span class='ocrx_word' id='word_1_698' title='bbox 1227 4979 1547 5048; x_wconf 74' lang='grc' dir='ltr'>ἐγκλήματα</span> <span class='ocrx_word' id='word_1_699' title='bbox 1596 4977 1827 5048; x_wconf 85' lang='grc' dir='ltr'>μεσολα-</span> 
     </span>
    </p>
   </div>
   <div class='ocr_carea' id='block_1_95' title="bbox 242 5064 1829 5139">
    <p class='ocr_par' dir='ltr' id='par_1_95' title="bbox 242 5064 1829 5139">
     <span class='ocr_line' id='line_1_95' title="bbox 242 5064 1829 5139; baseline 0.003 -22"><span class='ocrx_word' id='word_1_700' title='bbox 242 5064 472 5129; x_wconf 80' lang='grc' dir='ltr'>ϐοῦντος</span> <span class='ocrx_word' id='word_1_701' title='bbox 514 5068 749 5131; x_wconf 76' lang='grc' dir='ltr'>οὐδενός.</span> <span class='ocrx_word' id='word_1_702' title='bbox 800 5067 948 5139; x_wconf 82' lang='grc' dir='ltr'>Πλὴν</span> <span class='ocrx_word' id='word_1_703' title='bbox 988 5070 1037 5121; x_wconf 88' lang='grc' dir='ltr'><strong>εί</strong></span> <span class='ocrx_word' id='word_1_704' title='bbox 1084 5069 1177 5123; x_wconf 86' lang='grc' dir='ltr'>καί</span> <span class='ocrx_word' id='word_1_705' title='bbox 1202 5086 1344 5132; x_wconf 89' lang='grc' dir='ltr'>τινες</span> <span class='ocrx_word' id='word_1_706' title='bbox 1376 5068 1642 5121; x_wconf 83' lang='grc' dir='ltr'>ὲκδεδίασι</span> <span class='ocrx_word' id='word_1_707' title='bbox 1667 5068 1829 5139; x_wconf 76' lang='grc' dir='ltr'>τυχὸν</span> 
     </span>
    </p>
   </div>
   <div class='ocr_carea' id='block_1_96' title="bbox 242 5155 1823 5232">
    <p class='ocr_par' dir='ltr' id='par_1_96' title="bbox 242 5155 1823 5232">
     <span class='ocr_line' id='line_1_96' title="bbox 242 5155 1823 5232; baseline 0.003 -25"><span class='ocrx_word' id='word_1_708' title='bbox 242 5155 388 5228; x_wconf 78' lang='grc' dir='ltr'>τὸ[ν]</span> <span class='ocrx_word' id='word_1_709' title='bbox 404 5158 673 5212; x_wconf 85' lang='grc' dir='ltr'>ποιεῖσθαι</span> <span class='ocrx_word' id='word_1_710' title='bbox 702 5160 836 5230; x_wconf 84' lang='grc' dir='ltr'>πρὸς</span> <span class='ocrx_word' id='word_1_711' title='bbox 855 5161 1000 5231; x_wconf 82' lang='grc' dir='ltr'>ὑμᾶς</span> <span class='ocrx_word' id='word_1_712' title='bbox 1018 5160 1144 5223; x_wconf 83' lang='grc' dir='ltr'>τοὺς</span> <span class='ocrx_word' id='word_1_713' title='bbox 1172 5177 1237 5213; x_wconf 84' lang='grc' dir='ltr'><strong>πε</strong></span> <span class='ocrx_word' id='word_1_714' title='bbox 1247 5161 1300 5232; x_wconf 75' lang='lat' dir='ltr'><strong>pl.</strong></span> <span class='ocrx_word' id='word_1_715' title='bbox 1321 5159 1525 5213; x_wconf 81' lang='grc' dir='ltr'>τούτων</span> <span class='ocrx_word' id='word_1_716' title='bbox 1537 5159 1793 5229; x_wconf 82' lang='grc' dir='ltr'>ἐλέγχους</span> <span class='ocrx_word' id='word_1_717' title='bbox 1808 5200 1823 5226; x_wconf 93' lang='grc'><strong>,</strong></span> 
     </span>
    </p>
   </div>
   <div class='ocr_carea' id='block_1_97' title="bbox 246 5245 1821 5320">
    <p class='ocr_par' dir='ltr' id='par_1_97' title="bbox 246 5245 1821 5320">
     <span class='ocr_line' id='line_1_97' title="bbox 246 5245 1821 5320; baseline 0.002 -20"><span class='ocrx_word' id='word_1_718' title='bbox 246 5246 365 5300; x_wconf 82' lang='grc' dir='ltr'>ἀλλ’</span> <span class='ocrx_word' id='word_1_719' title='bbox 394 5246 487 5303; x_wconf 78' lang='grc' dir='ltr'>οὖν</span> <span class='ocrx_word' id='word_1_720' title='bbox 514 5250 612 5303; x_wconf 77' lang='grc' dir='ltr'><strong>οὐκ</strong></span> <span class='ocrx_word' id='word_1_721' title='bbox 642 5251 837 5320; x_wconf 76' lang='grc' dir='ltr'>ἔσομαι</span> <span class='ocrx_word' id='word_1_722' title='bbox 861 5253 956 5304; x_wconf 77' lang='grc' dir='ltr'><strong>καὶ</strong></span> <span class='ocrx_word' id='word_1_723' title='bbox 976 5250 1136 5314; x_wconf 79' lang='grc' dir='ltr'>αὐτὸς</span> <span class='ocrx_word' id='word_1_724' title='bbox 1157 5250 1300 5304; x_wconf 86' lang='grc' dir='ltr'>καθά</span> <span class='ocrx_word' id='word_1_725' title='bbox 1325 5250 1419 5305; x_wconf 75' lang='grc' dir='ltr'><strong>καὶ</strong></span> <span class='ocrx_word' id='word_1_726' title='bbox 1457 5245 1536 5314; x_wconf 75' lang='grc' dir='ltr'><strong>εἷς</strong></span> <span class='ocrx_word' id='word_1_727' title='bbox 1567 5248 1626 5315; x_wconf 80' lang='grc' dir='ltr'><strong>ἐξ</strong></span> <span class='ocrx_word' id='word_1_728' title='bbox 1648 5248 1821 5320; x_wconf 82' lang='grc' dir='ltr'>ὑμῶν,</span> 
     </span>
    </p>
   </div>
   <div class='ocr_carea' id='block_1_98' title="bbox 242 5336 1825 5410">
    <p class='ocr_par' dir='ltr' id='par_1_98' title="bbox 242 5336 1825 5410">
     <span class='ocr_line' id='line_1_98' title="bbox 242 5336 1825 5410; baseline 0.001 -22"><span class='ocrx_word' id='word_1_729' title='bbox 242 5336 357 5388; x_wconf 72' lang='grc' dir='ltr'>οὐδ’</span> <span class='ocrx_word' id='word_1_730' title='bbox 392 5339 458 5391; x_wconf 84' lang='grc' dir='ltr'>ἂν</span> <span class='ocrx_word' id='word_1_731' title='bbox 491 5338 711 5409; x_wconf 77' lang='grc' dir='ltr'>λάϐοιμι</span> <span class='ocrx_word' id='word_1_732' title='bbox 746 5340 1033 5410; x_wconf 81' lang='grc' dir='ltr'>πρόσωπον</span> <span class='ocrx_word' id='word_1_733' title='bbox 1070 5338 1181 5391; x_wconf 85' lang='grc' dir='ltr'><strong>τῶν</strong></span> <span class='ocrx_word' id='word_1_734' title='bbox 1225 5339 1825 5410; x_wconf 78' lang='grc' dir='ltr'>ὴσεόηκὸτων.”ομοιον</span> 
     </span>
    </p>
   </div>
   <div class='ocr_carea' id='block_1_99' title="bbox 245 5426 1823 5501">
    <p class='ocr_par' dir='ltr' id='par_1_99' title="bbox 245 5426 1823 5501">
     <span class='ocr_line' id='line_1_99' title="bbox 245 5426 1823 5501; baseline 0.001 -21"><span class='ocrx_word' id='word_1_735' title='bbox 245 5426 442 5481; x_wconf 77' lang='grc' dir='ltr'>τούτου</span> <span class='ocrx_word' id='word_1_736' title='bbox 471 5430 531 5482; x_wconf 76' lang='grc' dir='ltr'>τὸ</span> <span class='ocrx_word' id='word_1_737' title='bbox 560 5430 648 5483; x_wconf 73' lang='grc' dir='ltr'><strong>διὰ</strong></span> <span class='ocrx_word' id='word_1_738' title='bbox 677 5432 860 5501; x_wconf 81' lang='grc' dir='ltr'>φωνῆς</span> <span class='ocrx_word' id='word_1_739' title='bbox 879 5428 971 5483; x_wconf 89' lang='grc' dir='ltr'><strong>τοῦ</strong></span> <span class='ocrx_word' id='word_1_740' title='bbox 993 5429 1153 5482; x_wconf 78' lang='grc' dir='ltr'>Δαὸίδ</span> <span class='ocrx_word' id='word_1_741' title='bbox 1172 5443 1186 5457; x_wconf 73' lang='grc' dir='ltr'><strong><em>ο</em></strong></span> <span class='ocrx_word' id='word_1_742' title='bbox 1225 5448 1243 5480; x_wconf 75' lang='grc' dir='ltr'><strong>ι</strong></span> <span class='ocrx_word' id='word_1_743' title='bbox 1265 5428 1560 5492; x_wconf 76' lang='grc' dir='ltr'>Ύπέλαόες</span> <span class='ocrx_word' id='word_1_744' title='bbox 1596 5427 1823 5499; x_wconf 87' lang='grc' dir='ltr'>ἀνομίαν</span> 
     </span>
    </p>
   </div>
   <div class='ocr_carea' id='block_1_100' title="bbox 338 5630 1824 5709">
    <p class='ocr_par' dir='ltr' id='par_1_100' title="bbox 338 5630 1824 5709">
     <span class='ocr_line' id='line_1_100' title="bbox 338 5630 1824 5709; baseline 0.002 -26"><span class='ocrx_word' id='word_1_745' title='bbox 338 5632 383 5709; x_wconf 50' lang='grc' dir='ltr'><strong>ξ’</strong></span> <span class='ocrx_word' id='word_1_746' title='bbox 415 5630 550 5709; x_wconf 66' lang='lat' dir='ltr'><strong>Gen.</strong></span> <span class='ocrx_word' id='word_1_747' title='bbox 580 5647 653 5695; x_wconf 88' lang='lat' dir='ltr'><strong>tv,</strong></span> <span class='ocrx_word' id='word_1_748' title='bbox 679 5633 935 5709; x_wconf 51' lang='lat' dir='ltr'><strong>&#39;5_s_eqq.u</strong></span> <span class='ocrx_word' id='word_1_749' title='bbox 963 5632 1020 5709; x_wconf 75' lang='lat'><strong>_°’</strong></span> <span class='ocrx_word' id='word_1_750' title='bbox 1045 5630 1246 5709; x_wconf 69' lang='lat' dir='ltr'><strong>Jercm.</strong></span> <span class='ocrx_word' id='word_1_751' title='bbox 1276 5647 1464 5709; x_wconf 48' lang='grc' dir='ltr'><strong>κείνῃ,</strong></span> <span class='ocrx_word' id='word_1_752' title='bbox 1499 5631 1584 5709; x_wconf 66' lang='grc' dir='ltr'>ιο.</span> <span class='ocrx_word' id='word_1_753' title='bbox 1661 5631 1706 5663; x_wconf 69' lang='grc'><strong>⁸³</strong></span> <span class='ocrx_word' id='word_1_754' title='bbox 1729 5631 1824 5709; x_wconf 65' lang='lat' dir='ltr'><strong>Psa</strong></span> 
     </span>
    </p>
   </div>
   <div class='ocr_carea' id='block_1_101' title="bbox 1926 5630 2795 5709">
    <p class='ocr_par' dir='ltr' id='par_1_101' title="bbox 1926 5641 2795 5709">
     <span class='ocr_line' id='line_1_101' title="bbox 1926 5641 2795 5709; baseline -0.002 -15"><span class='ocrx_word' id='word_1_755' title='bbox 1926 5654 2083 5708; x_wconf 75' lang='lat' dir='ltr'><strong>:thv,</strong></span> <span class='ocrx_word' id='word_1_756' title='bbox 2114 5642 2133 5693; x_wconf 83' lang='grc' dir='ltr'><strong>-Ι</strong></span> <span class='ocrx_word' id='word_1_757' title='bbox 2156 5641 2199 5696; x_wconf 71' lang='grc' dir='ltr'>ί.</span> <span class='ocrx_word' id='word_1_758' title='bbox 2277 5644 2320 5675; x_wconf 82' lang='grc'>⁶⁶</span> <span class='ocrx_word' id='word_1_759' title='bbox 2355 5642 2495 5698; x_wconf 82' lang='lat' dir='ltr'><strong>Psal.</strong></span> <span class='ocrx_word' id='word_1_760' title='bbox 2533 5657 2709 5709; x_wconf 65' lang='lat' dir='ltr'><strong>cum,</strong></span> <span class='ocrx_word' id='word_1_761' title='bbox 2742 5642 2795 5694; x_wconf 74' lang='grc' dir='ltr'><strong>ὖ.</strong></span> 
     </span>
    </p>
   </div>
   <div class='ocr_carea' id='block_1_102' title="bbox 250 5700 1845 5773">
    <p class='ocr_par' dir='ltr' id='par_1_102' title="bbox 250 5700 1845 5773">
     <span class='ocr_line' id='line_1_102' title="bbox 250 5700 1845 5773; baseline 0.003 -17"><span class='ocrx_word' id='word_1_762' title='bbox 250 5700 295 5732; x_wconf 82' lang='grc'><strong>⁸⁷</strong></span> <span class='ocrx_word' id='word_1_763' title='bbox 330 5701 477 5756; x_wconf 80' lang='lat' dir='ltr'><strong>Psal.</strong></span> <span class='ocrx_word' id='word_1_764' title='bbox 508 5717 694 5765; x_wconf 73' lang='lat' dir='ltr'><strong>xutn,</strong></span> <span class='ocrx_word' id='word_1_765' title='bbox 732 5700 1062 5758; x_wconf 32' lang='lat'><strong>16.191811.</strong></span> <span class='ocrx_word' id='word_1_766' title='bbox 1094 5719 1135 5769; x_wconf 87' lang='grc' dir='ltr'><strong>ι,</strong></span> <span class='ocrx_word' id='word_1_767' title='bbox 1168 5703 1254 5757; x_wconf 82' lang='grc'><strong>15.</strong></span> <span class='ocrx_word' id='word_1_768' title='bbox 1329 5701 1373 5732; x_wconf 72' lang='grc'><strong>⁵⁸</strong></span> <span class='ocrx_word' id='word_1_769' title='bbox 1402 5702 1545 5757; x_wconf 85' lang='lat' dir='ltr'><strong>Psal.</strong></span> <span class='ocrx_word' id='word_1_770' title='bbox 1581 5717 1728 5773; x_wconf 60' lang='lat' dir='ltr'><strong>sus,</strong></span> <span class='ocrx_word' id='word_1_771' title='bbox 1756 5702 1845 5760; x_wconf 69' lang='lat'><strong>2|.</strong></span> 
     </span>
    </p>
   </div>
   <div class='ocr_carea' id='block_1_103' title="bbox 1925 4517 3500 4589">
    <p class='ocr_par' dir='ltr' id='par_1_103' title="bbox 1925 4517 3500 4589">
     <span class='ocr_line' id='line_1_103' title="bbox 1925 4517 3500 4589; baseline 0.002 -17"><span class='ocrx_word' id='word_1_772' title='bbox 1925 4527 2072 4572; x_wconf 90' lang='lat' dir='ltr'><strong>sunt.</strong></span> <span class='ocrx_word' id='word_1_773' title='bbox 2103 4536 2121 4569; x_wconf 86' lang='grc'>›</span> <span class='ocrx_word' id='word_1_774' title='bbox 2152 4517 2267 4573; x_wconf 86' lang='lat' dir='ltr'><strong>Non</strong></span> <span class='ocrx_word' id='word_1_775' title='bbox 2307 4521 2465 4574; x_wconf 89' lang='lat' dir='ltr'><strong>modo</strong></span> <span class='ocrx_word' id='word_1_776' title='bbox 2493 4523 2636 4575; x_wconf 90' lang='lat' dir='ltr'><strong>enim</strong></span> <span class='ocrx_word' id='word_1_777' title='bbox 2669 4520 2786 4575; x_wconf 89' lang='lat' dir='ltr'><strong>aliis</strong></span> <span class='ocrx_word' id='word_1_778' title='bbox 2820 4521 3169 4589; x_wconf 85' lang='lat' dir='ltr'><strong>peccantibus</strong></span> <span class='ocrx_word' id='word_1_779' title='bbox 3198 4536 3292 4575; x_wconf 91' lang='lat' dir='ltr'><strong>vos</strong></span> <span class='ocrx_word' id='word_1_780' title='bbox 3342 4521 3500 4576; x_wconf 83' lang='lat' dir='ltr'><strong>silui-</strong></span> 
     </span>
    </p>
   </div>
   <div class='ocr_carea' id='block_1_104' title="bbox 1917 4607 3501 4681">
    <p class='ocr_par' dir='ltr' id='par_1_104' title="bbox 1917 4607 3501 4681">
     <span class='ocr_line' id='line_1_104' title="bbox 1917 4607 3501 4681; baseline 0.003 -20"><span class='ocrx_word' id='word_1_781' title='bbox 1917 4609 2038 4673; x_wconf 91' lang='lat' dir='ltr'><strong>stis,</strong></span> <span class='ocrx_word' id='word_1_782' title='bbox 2060 4607 2249 4677; x_wconf 87' lang='lat' dir='ltr'><strong>inquit,</strong></span> <span class='ocrx_word' id='word_1_783' title='bbox 2276 4608 2369 4664; x_wconf 90' lang='lat' dir='ltr'><strong>sed</strong></span> <span class='ocrx_word' id='word_1_784' title='bbox 2403 4610 2455 4662; x_wconf 91' lang='lat' dir='ltr'><strong>in</strong></span> <span class='ocrx_word' id='word_1_785' title='bbox 2502 4625 2587 4664; x_wconf 88' lang='lat' dir='ltr'><strong>me</strong></span> <span class='ocrx_word' id='word_1_786' title='bbox 2621 4610 2789 4681; x_wconf 89' lang='lat' dir='ltr'><strong>impie</strong></span> <span class='ocrx_word' id='word_1_787' title='bbox 2819 4612 3098 4681; x_wconf 79' lang='lat' dir='ltr'><strong>designata</strong></span> <span class='ocrx_word' id='word_1_788' title='bbox 3150 4610 3297 4665; x_wconf 89' lang='lat' dir='ltr'><strong>velut</strong></span> <span class='ocrx_word' id='word_1_789' title='bbox 3330 4612 3501 4665; x_wconf 84' lang='lat' dir='ltr'><strong>mani-</strong></span> 
     </span>
    </p>
   </div>
   <div class='ocr_carea' id='block_1_105' title="bbox 1919 4690 3501 4774">
    <p class='ocr_par' dir='ltr' id='par_1_105' title="bbox 1919 4690 3501 4774">
     <span class='ocr_line' id='line_1_105' title="bbox 1919 4690 3501 4774; baseline 0.002 -20"><span class='ocrx_word' id='word_1_790' title='bbox 1919 4700 2018 4755; x_wconf 93' lang='lat' dir='ltr'><strong>bus</strong></span> <span class='ocrx_word' id='word_1_791' title='bbox 2046 4702 2240 4756; x_wconf 88' lang='lat' dir='ltr'><strong>vestris</strong></span> <span class='ocrx_word' id='word_1_792' title='bbox 2273 4705 2699 4771; x_wconf 87' lang='lat' dir='ltr'><strong>perpetravistis,</strong></span> <span class='ocrx_word' id='word_1_793' title='bbox 2722 4720 2894 4774; x_wconf 87' lang='lat' dir='ltr'><strong>eaque</strong></span> <span class='ocrx_word' id='word_1_794' title='bbox 2918 4714 3114 4759; x_wconf 55' lang='lat' dir='ltr'><strong>vestrae</strong></span> <span class='ocrx_word' id='word_1_795' title='bbox 3134 4690 3501 4759; x_wconf 72' lang='lat' dir='ltr'><strong>dissolutionis</strong></span> 
     </span>
    </p>
   </div>
   <div class='ocr_carea' id='block_1_106' title="bbox 1916 4791 3499 4861">
    <p class='ocr_par' dir='ltr' id='par_1_106' title="bbox 1916 4791 3499 4861">
     <span class='ocr_line' id='line_1_106' title="bbox 1916 4791 3499 4861; baseline 0.004 -17"><span class='ocrx_word' id='word_1_796' title='bbox 1916 4791 2129 4861; x_wconf 81' lang='lat' dir='ltr'><strong>piacula</strong></span> <span class='ocrx_word' id='word_1_797' title='bbox 2157 4802 2301 4855; x_wconf 90' lang='lat' dir='ltr'><strong>sunt,</strong></span> <span class='ocrx_word' id='word_1_798' title='bbox 2333 4810 2455 4848; x_wconf 90' lang='lat' dir='ltr'><strong>cum</strong></span> <span class='ocrx_word' id='word_1_799' title='bbox 2490 4804 2729 4851; x_wconf 87' lang='lat' dir='ltr'><strong>vestrum</strong></span> <span class='ocrx_word' id='word_1_800' title='bbox 2760 4811 2917 4851; x_wconf 89' lang='lat' dir='ltr'><strong>nemo</strong></span> <span class='ocrx_word' id='word_1_801' title='bbox 2946 4798 3209 4850; x_wconf 87' lang='lat' dir='ltr'><strong>obstaret.</strong></span> <span class='ocrx_word' id='word_1_802' title='bbox 3241 4794 3392 4861; x_wconf 81' lang='lat' dir='ltr'><strong>Quod</strong></span> <span class='ocrx_word' id='word_1_803' title='bbox 3453 4796 3499 4851; x_wconf 91' lang='lat' dir='ltr'><strong>si</strong></span> 
     </span>
    </p>
   </div>
   <div class='ocr_carea' id='block_1_107' title="bbox 1928 4884 3501 4957">
    <p class='ocr_par' dir='ltr' id='par_1_107' title="bbox 1928 4884 3501 4957">
     <span class='ocr_line' id='line_1_107' title="bbox 1928 4884 3501 4957; baseline 0.001 -20"><span class='ocrx_word' id='word_1_804' title='bbox 1928 4884 2019 4953; x_wconf 90' lang='lat' dir='ltr'><strong>qui</strong></span> <span class='ocrx_word' id='word_1_805' title='bbox 2057 4899 2152 4939; x_wconf 90' lang='lat' dir='ltr'><strong>vos</strong></span> <span class='ocrx_word' id='word_1_806' title='bbox 2205 4900 2369 4953; x_wconf 88' lang='lat' dir='ltr'><strong>super</strong></span> <span class='ocrx_word' id='word_1_807' title='bbox 2414 4887 2502 4941; x_wconf 78' lang='lat' dir='ltr'><strong>liis</strong></span> <span class='ocrx_word' id='word_1_808' title='bbox 2552 4889 2877 4957; x_wconf 78' lang='lat' dir='ltr'><strong>redarguere</strong></span> <span class='ocrx_word' id='word_1_809' title='bbox 2914 4890 3247 4952; x_wconf 89' lang='lat' dir='ltr'><strong>timuerunt,</strong></span> <span class='ocrx_word' id='word_1_810' title='bbox 3287 4901 3501 4940; x_wconf 82' lang='lat' dir='ltr'><strong>verunt-</strong></span> 
     </span>
    </p>
   </div>
   <div class='ocr_carea' id='block_1_108' title="bbox 1930 4976 3500 5051">
    <p class='ocr_par' dir='ltr' id='par_1_108' title="bbox 1930 4976 3500 5051">
     <span class='ocr_line' id='line_1_108' title="bbox 1930 4976 3500 5051; baseline 0.001 -19"><span class='ocrx_word' id='word_1_811' title='bbox 1930 4976 2204 5033; x_wconf 82' lang='lat' dir='ltr'><strong>enimvero</strong></span> <span class='ocrx_word' id='word_1_812' title='bbox 2236 4996 2338 5035; x_wconf 90' lang='lat' dir='ltr'><strong>non</strong></span> <span class='ocrx_word' id='word_1_813' title='bbox 2362 4994 2462 5051; x_wconf 88' lang='lat' dir='ltr'><strong>ego</strong></span> <span class='ocrx_word' id='word_1_814' title='bbox 2492 4997 2707 5051; x_wconf 90' lang='lat' dir='ltr'><strong>quoque</strong></span> <span class='ocrx_word' id='word_1_815' title='bbox 2729 4992 2787 5035; x_wconf 87' lang='lat' dir='ltr'><strong>ut</strong></span> <span class='ocrx_word' id='word_1_816' title='bbox 2826 4997 2966 5038; x_wconf 92' lang='lat' dir='ltr'><strong>unus</strong></span> <span class='ocrx_word' id='word_1_817' title='bbox 2994 4992 3233 5037; x_wconf 86' lang='lat' dir='ltr'><strong>vestrum</strong></span> <span class='ocrx_word' id='word_1_818' title='bbox 3266 4994 3380 5044; x_wconf 89' lang='lat' dir='ltr'><strong>ero,</strong></span> <span class='ocrx_word' id='word_1_819' title='bbox 3401 4992 3500 5033; x_wconf 91' lang='lat' dir='ltr'><strong>nec</strong></span> 
     </span>
    </p>
   </div>
   <div class='ocr_carea' id='block_1_109' title="bbox 1930 5067 3499 5141">
    <p class='ocr_par' dir='ltr' id='par_1_109' title="bbox 1930 5067 3499 5141">
     <span class='ocr_line' id='line_1_109' title="bbox 1930 5067 3499 5141; baseline -0.003 -19"><span class='ocrx_word' id='word_1_820' title='bbox 1930 5081 2276 5138; x_wconf 88' lang='lat' dir='ltr'><strong>peccatorum</strong></span> <span class='ocrx_word' id='word_1_821' title='bbox 2318 5072 2582 5141; x_wconf 90' lang='lat' dir='ltr'><strong>accipiam</strong></span> <span class='ocrx_word' id='word_1_822' title='bbox 2634 5072 2850 5127; x_wconf 83' lang='lat' dir='ltr'><strong>faciem.</strong></span> <span class='ocrx_word' id='word_1_823' title='bbox 2900 5071 3089 5127; x_wconf 88' lang='lat' dir='ltr'><strong>Simile</strong></span> <span class='ocrx_word' id='word_1_824' title='bbox 3130 5067 3499 5124; x_wconf 65' lang='lat' dir='ltr'><strong>illudDavidi-</strong></span> 
     </span>
    </p>
   </div>
   <div class='ocr_carea' id='block_1_110' title="bbox 1928 5155 3495 5231">
    <p class='ocr_par' dir='ltr' id='par_1_110' title="bbox 1928 5155 3495 5231">
     <span class='ocr_line' id='line_1_110' title="bbox 1928 5155 3495 5231; baseline -0.003 -20"><span class='ocrx_word' id='word_1_825' title='bbox 1928 5171 2050 5211; x_wconf 91' lang='lat' dir='ltr'><strong>cum</strong></span> <span class='ocrx_word' id='word_1_826' title='bbox 2079 5174 2095 5211; x_wconf 85' lang='lat'><strong>:</strong></span> <span class='ocrx_word' id='word_1_827' title='bbox 2150 5175 2169 5207; x_wconf 75' lang='grc' dir='ltr'><strong>ι</strong></span> <span class='ocrx_word' id='word_1_828' title='bbox 2208 5158 2490 5229; x_wconf 75' lang='lat' dir='ltr'><strong>Cogitasti,</strong></span> <span class='ocrx_word' id='word_1_829' title='bbox 2522 5161 2715 5231; x_wconf 84' lang='lat' dir='ltr'><strong>inquit,</strong></span> <span class='ocrx_word' id='word_1_830' title='bbox 2735 5162 3093 5231; x_wconf 86' lang='lat' dir='ltr'><strong>iniquitatem,</strong></span> <span class='ocrx_word' id='word_1_831' title='bbox 3125 5158 3267 5228; x_wconf 91' lang='lat' dir='ltr'><strong>quod</strong></span> <span class='ocrx_word' id='word_1_832' title='bbox 3296 5168 3390 5209; x_wconf 90' lang='lat' dir='ltr'><strong>ero</strong></span> <span class='ocrx_word' id='word_1_833' title='bbox 3421 5155 3495 5208; x_wconf 89' lang='lat' dir='ltr'><strong>tui</strong></span> 
     </span>
    </p>
   </div>
   <div class='ocr_carea' id='block_1_111' title="bbox 1934 5248 3494 5320">
    <p class='ocr_par' dir='ltr' id='par_1_111' title="bbox 1934 5248 3494 5320">
     <span class='ocr_line' id='line_1_111' title="bbox 1934 5248 3494 5320; baseline -0.004 -17"><span class='ocrx_word' id='word_1_834' title='bbox 1934 5248 2157 5305; x_wconf 88' lang='lat' dir='ltr'><strong>similis.</strong></span> <span class='ocrx_word' id='word_1_835' title='bbox 2215 5249 2453 5320; x_wconf 82' lang='lat' dir='ltr'><strong>Arguam</strong></span> <span class='ocrx_word' id='word_1_836' title='bbox 2488 5262 2559 5316; x_wconf 88' lang='lat' dir='ltr'><strong>te,</strong></span> <span class='ocrx_word' id='word_1_837' title='bbox 2589 5264 2641 5306; x_wconf 89' lang='lat' dir='ltr'><strong>et</strong></span> <span class='ocrx_word' id='word_1_838' title='bbox 2675 5262 2906 5306; x_wconf 90' lang='lat' dir='ltr'><strong>statuam</strong></span> <span class='ocrx_word' id='word_1_839' title='bbox 2940 5261 3067 5304; x_wconf 90' lang='lat' dir='ltr'><strong>ante</strong></span> <span class='ocrx_word' id='word_1_840' title='bbox 3118 5248 3312 5302; x_wconf 79' lang='lat' dir='ltr'><strong>faciem</strong></span> <span class='ocrx_word' id='word_1_841' title='bbox 3348 5253 3494 5298; x_wconf 90' lang='lat' dir='ltr'><strong>tuam</strong></span> 
     </span>
    </p>
   </div>
   <div class='ocr_carea' id='block_1_112' title="bbox 1932 5334 3500 5411">
    <p class='ocr_par' dir='ltr' id='par_1_112' title="bbox 1932 5334 3500 5411">
     <span class='ocr_line' id='line_1_112' title="bbox 1932 5334 3500 5411; baseline -0.001 -18"><span class='ocrx_word' id='word_1_842' title='bbox 1932 5352 2150 5409; x_wconf 84' lang='lat' dir='ltr'><strong>peccata</strong></span> <span class='ocrx_word' id='word_1_843' title='bbox 2174 5344 2362 5396; x_wconf 69' lang='lat' dir='ltr'><strong>tua“.r</strong></span> <span class='ocrx_word' id='word_1_844' title='bbox 2392 5344 2506 5397; x_wconf 84' lang='lat' dir='ltr'><strong>Non</strong></span> <span class='ocrx_word' id='word_1_845' title='bbox 2528 5344 2669 5397; x_wconf 85' lang='lat' dir='ltr'><strong>enim</strong></span> <span class='ocrx_word' id='word_1_846' title='bbox 2694 5344 2842 5398; x_wconf 85' lang='lat' dir='ltr'><strong>novit</strong></span> <span class='ocrx_word' id='word_1_847' title='bbox 2869 5357 3153 5411; x_wconf 87' lang='lat' dir='ltr'><strong>personam</strong></span> <span class='ocrx_word' id='word_1_848' title='bbox 3173 5340 3336 5409; x_wconf 78' lang='lat' dir='ltr'><strong>judex</strong></span> <span class='ocrx_word' id='word_1_849' title='bbox 3363 5349 3377 5385; x_wconf 84' lang='lat'><strong>:</strong></span> <span class='ocrx_word' id='word_1_850' title='bbox 3405 5334 3500 5387; x_wconf 80' lang='lat' dir='ltr'><strong>sed</strong></span> 
     </span>
    </p>
   </div>
   <div class='ocr_carea' id='block_1_113' title="bbox 1934 5432 3213 5505">
    <p class='ocr_par' dir='ltr' id='par_1_113' title="bbox 1934 5432 3213 5505">
     <span class='ocr_line' id='line_1_113' title="bbox 1934 5432 3213 5505; baseline -0.003 -17"><span class='ocrx_word' id='word_1_851' title='bbox 1934 5442 2018 5488; x_wconf 82' lang='lat' dir='ltr'><strong>est</strong></span> <span class='ocrx_word' id='word_1_852' title='bbox 2042 5434 2285 5489; x_wconf 83' lang='lat' dir='ltr'><strong>sincerus</strong></span> <span class='ocrx_word' id='word_1_853' title='bbox 2313 5450 2366 5489; x_wconf 84' lang='lat' dir='ltr'><strong>et</strong></span> <span class='ocrx_word' id='word_1_854' title='bbox 2400 5435 2741 5505; x_wconf 84' lang='lat' dir='ltr'><strong>incorruptus</strong></span> <span class='ocrx_word' id='word_1_855' title='bbox 2776 5447 3028 5504; x_wconf 81' lang='lat' dir='ltr'><strong>tanquam</strong></span> <span class='ocrx_word' id='word_1_856' title='bbox 3054 5432 3213 5485; x_wconf 82' lang='lat' dir='ltr'><strong>Deus.</strong></span> 
     </span>
    </p>
   </div>
   <div class='ocr_carea' id='block_1_114' title="bbox 2874 5609 3497 5703">
    <p class='ocr_par' dir='ltr' id='par_1_114' title="bbox 2874 5609 3497 5703">
     <span class='ocr_line' id='line_1_114' title="bbox 2874 5609 3497 5703; baseline -0.003 -10"><span class='ocrx_word' id='word_1_857' title='bbox 2874 5639 2920 5671; x_wconf 77' lang='lat'>“</span> <span class='ocrx_word' id='word_1_858' title='bbox 2954 5609 3371 5703; x_wconf 27' lang='lat' dir='ltr'><strong>Ezeehxxxxtv,</strong></span> <span class='ocrx_word' id='word_1_859' title='bbox 3397 5628 3497 5691; x_wconf 76' lang='grc'><strong>16.</strong></span> 
     </span>
    </p>
   </div>
  </div>
