4070 6536
540 335 658 392 295
1406 358 1411 363 ρ
1539 316 1601 371 S.
1639 310 1916 368 CY‘RILLI
1960 302 2436 362 A-LEXANDRINI
2478 298 2802 357 ARCIll’EP.
3714 288 3848 345 ειη

545 455 629 508 ὅτι
656 443 852 518 ἔσομαί
882 458 967 495 σοι
994 439 1200 511 ὅμοιος.
1217 432 1456 503 Ἐλέγξω
1477 432 1573 485 καὶ
1600 429 1938 501 παραστήσω
1968 426 2113 479 κατά
2141 420 2435 493 πρόσωπόν
2461 435 2555 472 σου
2575 417 2677 480 τὰς
2698 411 2975 486 ἁμαρτίας
2992 428 3106 464 σου.
3131 429 3147 461 ι
3171 409 3247 463 Οὐ
3269 409 3376 479 γὰρ
3394 402 3504 461 οἶδε
3535 405 3849 476 πρόσωπον

544 549 574 599 ὁ
596 539 811 615 κριτὴς,
841 533 959 590 ἀλλ’
983 532 1137 586 ἔστιν
1158 529 1321 592 εὐθὺς
1351 526 1449 580 καὶ
1476 524 1774 584 ἀδέκαστος
1802 523 1877 583 ὡς
1901 520 2054 580 Θεός.

617 659 783 712 Vens.
816 652 904 708 10.
972 648 1110 715 Quia
1153 653 1204 701 et
1253 645 1308 698 in
1385 641 1526 696 vobis
1587 637 1903 691 claudentur
1963 633 2139 695 ostia,

2314 629 2469 682 Διότι
2496 625 2594 679 καὶ
2622 624 2690 677 ἐν·
2714 622 2859 692 ὑμῖν
2892 616 3484 688 συγκλεισθήσονται
3514 613 3703 679 θύραι,
3740 618 3851 659 και

555 759 596 805 ει
652 762 754 799 non
804 739 1096 795 accendatis
1149 735 1317 788 altare
1348 744 1519 784 meum
1570 726 1755 796 gratis.

621 880 791 953 828
824 867 1438 941 XLOpportunissime,
1465 873 1524 918 ut
1559 864 1611 917 in
1655 860 2025 933 prmdictione,
2049 857 2146 910 de-

552 945 809 1028 cusvit-ze
835 962 1158 1021 Christiana:
1183 958 1397 1011 interim
1433 958 1815 1024 praemonstrat
1844 989 1860 1013 ,
1903 958 1961 1000 ut
2011 945 2143 1011 legis

556 1064 771 1125 umbra,
794 1069 848 1111 et
876 1055 1041 1109 veteri
1093 1050 1184 1105 illo
1219 1046 1524 1103 sacerdotio
1558 1042 1706 1097 brevi
1764 1037 2055 1099 desituris,
2088 1044 2141 1089 et

560 1172 657 1212 suo
687 1165 928 1222 tempore
950 1143 1196 1201 veritatis
1235 1138 1610 1196 sacerdotibus
1640 1132 1936 1202 spiritualis
1965 1131 2142 1183 cultus

564 1244 901 1303 administris
936 1235 1296 1309 apparituris,
1333 1229 1537 1297 Deique
1570 1225 1792 1297 gloriam
1854 1222 2144 1292 promptis-

563 1340 699 1394 sime
729 1332 1057 1405 qumsituris.
1083 1328 1335 1381 Clausum
1382 1336 1544 1392 porro
1573 1319 1637 1372 iri
1672 1330 1832 1386 super
1854 1313 1983 1383 ipsis
2006 1313 2145 1365 ostia

565 1429 727 1483 dicit:
759 1421 998 1491 autquia
1042 1416 1350 1474 sacerdotes
1402 1412 1531 1482 legis
1568 1425 1673 1464 non
1734 1406 2023 1461 adolebuut
2068 1404 2149 1456 iu-

565 1530 788 1570 censum
814 1532 827 1567 :
850 1531 867 1564 ι
897 1511 951 1564 Si
975 1510 1115 1563 enim
1133 1504 1391 1560 clauserit
1419 1509 1603 1555 contra
1628 1498 1927 1559 hominem,
1949 1494 2142 1564 inquit,

565 1609 688 1681 quis
710 1606 916 1676 aperiet
934 1602 1026 1655 "?
1054 1621 1071 1651 ι
1105 1609 1198 1653 aut
1222 1605 1368 1651 certe
1385 1610 1507 1649 cum
1529 1593 1710 1646 verius
1736 1591 2142 1644 tabernaculum

564 1678 862 1756 exhibitum
902 1696 1085 1757 fuerit,
1142 1691 1244 1745 hoc
1272 1696 1356 1742 est
1392 1684 1667 1749 Ecclesia,
1699 1682 1914 1751 quidam
1976 1678 2147 1748 legale

567 1789 928 1845 sacerdotium
970 1785 1146 1839 adhuc
1188 1783 1465 1839 obeuntes,
1524 1791 1626 1828 non
1672 1773 1964 1827 intrabunt.
2006 1770 2145 1823 Pro-

570 1894 686 1948 pter
717 1878 1143 1935 incredulitatem
1180 1889 1305 1927 vero
1340 1870 1493 1940 quasi
1526 1866 1766 1931 exclusi,
1802 1865 1932 1919 foris
1962 1878 2148 1917 unane-

570 1975 723 2038 bunt,
765 1980 819 2025 et
843 1979 1028 2023 sancta
1050 1981 1153 2020 nou
1205 1964 1491 2029 attingent.
1530 1958 1654 2011 Illos
1695 1957 1838 2011 enim
1901 1954 2153 2008 sacerdo-

573 2065 705 2117 tium
729 2061 978 2115 amisisse
1001 2074 1068 2113 ex
1125 2055 1307 2109 verbis
1351 2052 1443 2105 Dei
1500 2065 1596 2120 per
1629 2064 1690 2103 os
1752 2047 1906 2102 Oscae
1934 2046 2103 2115 liquet
2135 2063 2149 2098 :

579 2174 598 2206 ι
638 2152 771 2220 Quia
812 2151 1001 2205 diebus
1033 2147 1213 2201 multis
1246 2144 1513 2199 sedebuut
1553 2143 1646 2195 lilii
1675 2139 1839 2193 Israel
1898 2154 2001 2191 non
2056 2152 2154 2190 ex-

572 2247 796 2300 sisteute
844 2258 991 2312 rege,
1047 2253 1220 2309 neque
1280 2237 1581 2293 exsistente
1629 2231 1923 2298 sacriﬁcio,
1984 2244 2158 2299 neque

572 2340 863 2393 exsistente
897 2335 1056 2388 altari
1085 2372 1101 2397 ,
1134 2344 1306 2401 neque
1329 2327 1653 2391 sacerdOtio,
1699 2339 1873 2395 neque
1933 2322 2159 2377 manife-

572 2431 805 2487 statione
836 2428 935 2480 “.i
975 2424 1239 2491 Quocirca
1267 2421 1443 2476 cultus
1466 2420 1654 2489 legalis
1681 2417 1834 2488 quasi
1868 2416 2159 2471 terminum

571 2534 628 2580 et
653 2520 940 2580 sacerdotii
983 2519 1281 2574 secundum
1331 2516 1500 2585 legem
1530 2511 1822 2581 quamdam
1862 2508 2162 2565 conclusio.

575 2631 698 2672 nem
736 2613 958 2678 indicat,
986 2620 1044 2663 ut
1066 2607 1280 2678 quldem
1330 2607 1564 2667 videtur,
1614 2604 1738 2656 dum
1773 2600 1940 2665 dicit,
2002 2614 2164 2669 super

579 2704 710 2775 ipsis
735 2702 874 2757 ostia
898 2697 1196 2755 claudenda
1227 2710 1370 2761 esse,
1398 2692 1638 2747 Ecclesia
1673 2706 1767 2747 eos
1806 2706 1908 2745 non
1964 2690 2161 2744 admit-

580 2803 727 2851 tente
754 2811 769 2848 :
799 2808 905 2847 non
926 2791 1075 2846 enim
1106 2786 1338 2858 amplius
1363 2794 1670 2838 mactantur
1701 2797 1859 2850 oves,
1895 2799 2014 2838 cum
2050 2782 2164 2852 jam

580 2901 759 2941 rerum
807 2883 1059 2956 princeps
1117 2888 1174 2935 et
1212 2891 1402 2934 auctor
1447 2877 1586 2931 Deus
1621 2876 1915 2932 incruentis
1956 2876 2168 2931 sacriﬁ—

581 2979 683 3034 ciis
700 2978 1016 3031 honoretur.
1040 2972 1302 3039 Quoniam
1330 2984 1454 3025 vero
1477 2969 1653 3023 addit:
1677 2988 1695 3020 ι
1728 2967 1842 3023 Non
1861 2969 2167 3025 accendetis

585 3070 756 3125 altare
783 3082 959 3123 meum
982 3066 1171 3136 gratis,
1200 3082 1219 3115 ι
1245 3063 1479 3118 dicimus
1500 3062 1600 3115 hoc
1629 3071 1839 3116 morale
1868 3060 2162 3131 prolatum.

584 3159 711 3215 Vult
735 3161 877 3216 enim
924 3159 1011 3213 his
1045 3158 1261 3220 docere,
1292 3152 1359 3208 ad
1394 3154 1754 3208 sacerdotium
1786 3164 1841 3209 et
1869 3155 1936 3209 ad
1992 3155 2167 3225 ignem

2246 722 2359 776 οὐκ
2386 719 2651 786 ἀνάψετε
2677 715 2745 767 τὸ
2775 710 3210 778 θυσιαστήριόν
3238 725 3360 777 μου
3383 704 3634 772 δωρεάν.

2318 875 2424 928 lA'.
2471 870 2811 940 Εύαφόρμως
2854 866 3059 935 σφόδρα
3086 864 3183 933 τῆς
3212 864 3268 914 ἐν
3304 857 3525 930 Χριστῷ
3555 855 3849 917 πολιτείας,

2244 967 2320 1030 ὡς
2359 966 2417 1018 ὲν
2448 960 2844 1034 προαγορεύσει
2886 958 3023 1019 τέως
3069 952 3465 1025 προαναφαίνει
3503 949 3564 1002 τὸ
3602 947 3845 1008 κάλλος·

2243 1054 2318 1117 ὼς
2346 1052 2455 1124 γάρ
2482 1053 2579 1121 τῆς
2614 1053 2670 1102 ἐν
2701 1049 2853 1118 νόμῳ
2889 1046 3049 1107 σκιᾶς
3078 1045 3202 1096 ὅσον
3227 1041 3438 1094 οὐδέπω
3484 1035 3851 1105 πεπαυσομέ-

2248 1163 2366 1215 νης,
2398 1144 2492 1196 καὶ
2522 1143 2619 1211 τῆς
2648 1140 2881 1211 ἀρχαίας
2921 1136 3135 1206 ἐκείνης
3172 1132 3491 1205 ἱερωσύνης,
3531 1129 3848 1200 μελλόντων

2247 1257 2308 1291 τε
2359 1232 2770 1290 ἁναδείκνυσθαι
2816 1230 2955 1283 κατᾶ
3002 1228 3228 1298 καιροὺς
3274 1226 3381 1277 τῶν
3426 1226 3524 1294 τῆς
3577 1222 3847 1290 ἀληθείας

2252 1328 2572 1401 ίερουργῶν,
2603 1326 2651 1379 οἳ
2682 1327 2774 1377 καὶ
2806 1324 2906 1391 τῆς
2937 1324 2996 1375 ὲν
3026 1319 3297 1389 πνεύματι
3324 1317 3581 1388 λατρείας
3624 1316 3847 1366 ἔσονται

2251 1419 2581 1488 λειτουργοὶ,
2615 1412 2912 1484 ζητήσουσί
2951 1428 3010 1462 τε
3045 1410 3138 1463 καὶ
3182 1408 3326 1479 μάλα
3356 1406 3572 1477 γοργῶς
3605 1406 3702 1473 τὴν
3740 1404 3845 1454 τοῦ

2250 1509 2386 1563 Θεοῦ
2432 1508 2612 1571 δόξαν.
2644 1500 3174 1574 Συγκλεισθὴσεσθαι
3222 1498 3277 1550 δὲ
3323 1496 3492 1567 θύρας
3531 1495 3698 1565 φησὶν
3740 1492 3851 1544 ἐπ’

2252 1601 2471 1663 αὐτοὺς,
2498 1600 2533 1668 ἢ
2571 1596 2798 1658 εὐωδίας
2828 1595 2927 1647 οὐκ
2962 1591 3227 1663 ἐσομένης
3253 1592 3365 1652 τοῖς
3395 1587 3535 1641 κατά
3570 1586 3733 1656 νόμον
3771 1586 3851 1636 ἱε-

2255 1692 2574 1766 ρατεύουσιν
2596 1706 2609 1719 ο
2638 1707 2661 1740 ι
2690 1687 2814 1740 Ἐὰν
2840 1686 2948 1756 γάρ
2984 1684 3175 1755 κλείσῃ
3223 1679 3363 1735 κατὰ
3393 1676 3707 1747 ἀνθρώπου,
3733 1693 3847 1742 cpt-

2256 1765 2359 1848 σὶν,
2408 1782 2494 1846 τίς
2541 1778 2779 1843 ἀνοίξει;
2813 1796 2829 1828 ι
2866 1778 3034 1846 ἦγουν
3083 1774 3183 1843 τῆς
3215 1770 3588 1842 ἀληθεστέρας
3625 1765 3847 1819 ἀναδει-

2254 1874 2475 1946 χθείσης
2514 1869 2739 1941 σκηνῆς,
2770 1866 3016 1919 τουτέστι
3044 1865 3141 1933 τῆς
3183 1859 3533 1931 Ἐκκλησίας,
3586 1860 3687 1909 οὐκ
3725 1857 3846 1908 εἱσι

2256 1967 2539 2020 ελάσουσιν
2573 1966 2630 2015 ἐν
2658 1960 2795 2031 αὐτῇ
2825 1975 2968 2020 τινες
3015 1955 3115 2027 τὴν
3162 1952 3305 2007 κατά
3348 1952 3512 2022 νόμον
3542 1948 3850 2021 ἱερωσύνην

2257 2054 2589 2127 πληροῦντες
2620 2052 2721 2105 ἔτι.
2739 2047 3139 2117 Ἐκκλειόμενοι
3168 2045 3224 2097 δὲ
3246 2043 3440 2113 ὥσπερ
3464 2041 3530 2094 δι’
3561 2040 3847 2101 ἀπιστίας,

2257 2150 2361 2214 ἔξω
2380 2165 2439 2201 τε
2470 2145 2713 2219 μενοῦσι,
2744 2143 2838 2196 καὶ
2864 2139 2976 2194 τῶν
3002 2139 3172 2208 ἁγίων
3201 2137 3300 2205 οὐχ
3328 2134 3708 2203 ἂψονται.”υτι
3731 2133 3849 2201 γάρ

2257 2238 2646 2294 ὲκπεπτώκασι
2685 2236 2783 2305 τῆς
2823 2231 3153 2305 ἱερουργίας,
3187 2227 3357 2298 σαφὲς
3402 2226 3470 2280 ἂν
3512 2225 3720 2294 γένοιτο
3746 2222 3847 2276 τοῦ

2259 2331 2392 2385 Θεοῦ
2422 2331 2669 2397 λέγοντος
2698 2325 2786 2379 διά
2826 2325 3009 2393 φωνῆς
3039 2321 3225 2389 Ὠσηέ·
3263 2339 3284 2369 ι
3314 2317 3461 2371 Διότι
3489 2316 3701 2387 ἡμέρας
3721 2312 3849 2365 πολε

2259 2424 2358 2487 λάς
2393 2422 2704 2476 καθίσονται
2734 2418 2784 2470 οὶ
2820 2416 2924 2469 υἱοὶ
2970 2413 3208 2484 Ἰσραὴλ,
3234 2410 3335 2463 οὐκ
3372 2410 3526 2470 δντος
3556 2405 3844 2477 βασιλέως,

2262 2516 2382 2569 οὐδὲ
2430 2514 2709 2585 ἄρχοντος,
2755 2509 2855 2561 οὐκ
2894 2506 3061 2576 οὔσης
3114 2503 3326 2568 θυσίας,
3368 2501 3495 2555 οὔτε
3549 2499 3846 2570 ίερατείας,

2263 2608 2385 2662 οὔτε
2433 2606 2627 2677 δήλων.
2656 2622 2675 2654 ι
2732 2600 2943 2655 Οὐκοῦν
2992 2598 3094 2669 τῆς
3139 2599 3197 2651 ὲν
3249 2596 3398 2666 νόμῳ
3440 2592 3697 2665 λατρείας
3744 2590 3848 2662 τὴν

2263 2699 2423 2753 οἱονεὶ⁸
2468 2692 2781 2764 κατάληξιν,
2808 2692 2903 2746 καὶ
2933 2691 3031 2761 τῆς
3060 2687 3180 2742 κατ’
3211 2686 3374 2741 αὑτὸν
3418 2682 3717 2755 ἱερωσύνης
3753 2680 3849 2733 τὶν

2267 2788 2653 2859 συγκλεισμὸν,
2685 2785 3123 2855 κατασημήνειεν
3160 2780 3247 2845 ἂν,
3272 2777 3351 2842 ὦς
3381 2778 3447 2846 γέ
3479 2794 3570 2847 μοι
3600 2775 3763 2837 δοκεῖ,
3786 2773 3848 2824 τὺ

2265 2884 2376 2937 δεῖν
2399 2882 2484 2935 ἐπ’
2508 2881 2692 2942 αὐτοῖς
2716 2875 3129 2947 κλεισθήσεσθαι
3151 2872 3323 2943 θύρας
3356 2872 3554 2933 εἰπεῖν,
3585 2868 3645 2921 οὐ
3676 2883 3846 2939 προσ-

2272 2976 2490 3047 ιεμένης
2524 2973 2721 3036 αὐτοὺς
2772 2972 2870 3040 τῆς
2912 2966 3237 3039 Ἐκκλησίας
3261 2983 3276 2998 ο
3312 2965 3372 3019 οὐ
3414 2964 3522 3034 γάρ
3572 2960 3850 3033 μηλοσςα-

2268 3072 2385 3139 γεῖν
2427 3067 2506 3121 ἔτι
2556 3064 2765 3135 καιρὸς,
2796 3062 2908 3117 ἀλλ’
2938 3061 3040 3132 ἤδη
3070 3062 3191 3124 ταῖς
3236 3058 3598 3127 ἀναιμάκτοις
3623 3054 3848 3124 τιμᾶται

2271 3164 2485 3226 θυσίαις
2531 3164 2559 3215 δ
2604 3160 2713 3214 τῶν
2761 3160 2899 3213 ὅλων
2947 3158 3101 3222 Θεός.
3138 3156 3356 3226 Ἐπειδὴ
3402 3154 3459 3207 δὲ
3513 3152 3849 3224 προσεπάγει

586 3253 742 3308 altari
793 3251 1174 3321 imponendum
1208 3258 1426 3304 vocatos
1471 3263 1593 3305 esse
1633 3263 1737 3301 non
1776 3256 1833 3301 ut
1862 3247 1980 3313 ejus
2006 3264 2034 3300 a
2061 3262 2163 3315 quo

2268 3254 2478 3318 τούτοις
2528 3254 2627 3318 τὸ,
2693 3271 2712 3303 ι
2745 3252 2858 3305 Οὐκ
2913 3249 3150 3319 ἀνάψετε
3196 3247 3259 3299 τὸ
3308 3243 3690 3314 θυσιαστήριόν
3753 3258 3849 3311 μου

587 3342 762 3399 vocati
798 3350 924 3396 sunt
952 3341 1174 3411 gloriam
1200 3342 1484 3395 minuant:
1540 3341 1634 3396 sed
1673 3349 1733 3393 ut
1786 3353 1907 3393 eam
1969 3338 2165 3408 quibus

586 3435 742 3490 decet
778 3434 953 3489 modis
1008 3433 1270 3496 colentes,
1327 3433 1613 3489 sacerdotii
1670 3446 1883 3503 quoque
1949 3429 2166 3499 praemia

589 3526 904 3597 percipiant.
937 3524 1127 3579 Astilli
1160 3533 1265 3579 tam
1303 3524 1633 3580 venerabilia
1669 3523 1847 3578 studia
1877 3537 1971 3591 pro
1994 3520 2166 3576 nihilo

594 3628 867 3688 putantes,
898 3631 1073 3685 neque
1106 3616 1407 3672 reverentia
1450 3614 1703 3671 sacriﬁcii
1757 3615 2026 3677 deterriti,
2063 3629 2168 3681 quo

593 3712 771 3767 minus
804 3708 975 3765 Deum
997 3708 1271 3775 laederent,
1290 3708 1410 3777 jure
1431 3708 1498 3764 de
1528 3708 1734 3777 reliquo
1765 3721 1952 3776 pmnas
1972 3720 2171 3775 expen-

591 3802 741 3856 dent.
775 3800 1124 3855 Meritissimo
1152 3814 1390 3870 namque
1442 3815 1549 3855 non
1596 3800 1651 3853 in
1718 3812 1885 3868 parvo
1943 3795 2171 3850 eriiuiue

594 3893 898 3961 ponendum
924 3901 1029 3956 est,
1053 3891 1495 3945 communionem
1535 3905 1567 3943 a
1590 3890 1700 3944 Deo
1733 3888 2051 3942 donaturum
2080 3900 2173 3939 as-

594 3984 832 4053 pernari,
860 3984 1198 4053 honoresque
1219 3984 1287 4040 ab
1318 3982 1436 4052 ipso
1457 3980 1681 4036 collatos
1716 3976 2172 4033 inconsultissime

594 4091 867 4146 respuere.
912 4075 1098 4144 Itaque
1121 4085 1369 4130 terrenus
1412 4081 1467 4128 et
1495 4070 1752 4143 profanus
1776 4070 2070 4140 appellatus
2090 4079 2174 4124 est

595 4170 758 4237 Esau,
788 4168 1043 4238 quoniam
1074 4175 1295 4237 propter
1332 4181 1512 4221 escam
1543 4164 1815 4234 primitiva
1844 4177 1943 4217 sua
1989 4161 2175 4217 vendi-

594 4262 752 4316 dit".
772 4259 948 4326 Quare
963 4274 1085 4314 cum
1107 4256 1271 4312 dicit:
1300 4277 1319 4309 ι
1343 4256 1458 4312 Non
1477 4257 1788 4313 accendetis
1811 4255 1978 4310 altare
1997 4268 2171 4308 meum

596 4355 761 4422 gratis
784 4391 800 4417 ,
835 4371 855 4405 ι
891 4358 1073 4406 monet
1093 4348 1455 4405 sacerdotium
1500 4364 1601 4404 suo
1657 4348 1877 4419 praemio
1903 4363 2011 4402 non
2058 4345 2176 4400 fru-

597 4443 758 4499 strari
793 4459 809 4497 :
844 4457 944 4497 nec
975 4452 1154 4496 tamen
1184 4456 1284 4496 suo
1321 4457 1533 4512 quoque
1556 4455 1741 4495 carere
1771 4439 2053 4511 supplicio,
2074 4438 2175 4494 nisi

598 4536 722 4605 quis
756 4535 884 4589 illud
924 4548 1030 4600 quo
1065 4549 1163 4603 par
1195 4544 1280 4589 est
1308 4534 1465 4588 modo
1489 4542 1545 4588 et
1567 4534 1774 4588 ratione
1816 4533 2173 4600 usurpaverit.

2263 3347 2495 3418 δωρεὰν,
2526 3364 2545 3396 ι
2579 3348 2637 3397 ἑν
2674 3344 2792 3415 seu
2824 3342 3006 3413 φαμὲν
3030 3338 3364 3410 γεγενῆσθαι
3398 3338 3490 3391 τὸν
3516 3336 3696 3403 λόγον.
3722 3334 3853 3385 Βού-

2264 3440 2415 3493 λεται
2443 3437 2550 3508 γὰρ
2568 3436 2667 3507 ἤδη
2701 3434 2913 3504 δηλοῦν,
2933 3436 3016 3487 ὅτι
3052 3433 3349 3503 κέκληνται
3380 3430 3517 3501 πρὸς
3546 3428 3852 3499 ἱερουργίαν

2267 3531 2363 3585 καὶ
2397 3531 2477 3593 είς
2510 3530 2571 3581 τὸ
2602 3528 2713 3599 πῦρ
2746 3527 2943 3581 ἐνιέναι
2976 3526 3056 3596 τῷ
3085 3523 3483 3595 θυσιαστηρίῳ,
3511 3523 3612 3592 οὐχ
3640 3522 3729 3574 ἵνα
3757 3521 3851 3589 τὴν

2266 3620 2361 3674 τοῦ
2398 3618 2730 3690 κεκληκότος
2774 3618 2974 3680 αὐτοὺς
3022 3615 3385 3686 παραλύσωσι
3413 3614 3591 3678 δόξαν,
3624 3611 3740 3664 ἀλλ’
3770 3611 3852 3662 ἵνα

2267 3713 2535 3784 τιμῶντες
2560 3717 2671 3776 τοῖς
2696 3711 2999 3781 καθήκουσι
3031 3710 3258 3781 τρόποις
3281 3708 3378 3761 καὶ
3404 3707 3475 3760 τά
3498 3707 3598 3776 τῆς
3629 3702 3852 3776 ἱερωσύ-

2269 3822 2367 3876 νης
2396 3804 2570 3876 ἔχοιεν
2592 3804 2749 3877 γέρα.
2769 3805 2833 3857 υἱ
2852 3803 2909 3855 δὲ
2932 3801 2996 3873 δὴ
3017 3801 3127 3855 τῶν
3153 3800 3297 3855 οὕτω
3318 3798 3530 3853 σεπτῶν
3549 3797 3610 3850 οὐ
3634 3813 3852 3868 πεφρον·

2270 3893 2486 3956 τικότες
2502 3894 2958 3964 σπουδασμάτων,
2980 3892 3117 3963 μήτε
3147 3892 3255 3960 μὴν
3271 3889 3411 3944 αἰδοῖ
3428 3889 3527 3959 τῆς
3549 3887 3852 3958 ἱερουργίας

2272 3984 2633 4055 προσκρούειν
2677 3985 2797 4056 Θεῷ
2844 3982 3307 4055 παραιτούμενοι,
3358 3980 3581 4043 δικαίως
3640 3980 3708 4033 ἂν
3759 3978 3850 4047 ήδη

2272 4076 2608 4139 κολάζοιντο.
2628 4078 2920 4147 Ἕγκλημα
2974 4076 3083 4147 γάρ
3129 4075 3190 4129 οὐ
3243 4073 3437 4148 μικρὸν
3488 4073 3573 4144 εἴη
3624 4071 3714 4133 ἂν,
3765 4071 3851 4122 καὶ

2277 4168 2423 4240 μάλα
2467 4170 2711 4235 εἰκότως,
2748 4170 2809 4223 τὸ
2860 4168 3132 4222 ποιεῖσθαι
3182 4171 3316 4240 παρ’
3344 4168 3497 4221 οὐδὲν
3543 4166 3654 4219 τῶν
3707 4162 3849 4231 παρά

2273 4260 2410 4314 Θεοῦ
2437 4261 2829 4333 δεδωρημένων
2867 4263 2968 4334 τὴν
3007 4261 3243 4333 μέθεξιν,
3274 4257 3625 4314 ἀποσείεσθαί
3665 4275 3723 4309 τε
3764 4257 3850 4308 καὶ

2274 4353 2395 4407 λίαν
2440 4353 2682 4417 ἀϐούλως
2721 4353 2821 4417 τὰς
2850 4356 2981 4425 παρ’
3010 4354 3177 4407 αὐτοῦ
3209 4354 3394 4423 τιμάς.
3428 4351 3538 4405 Καὶ
3566 4349 3696 4419 γοῦν
3721 4349 3847 4401 ὠνό-

2281 4445 2481 4515 μασταί
2531 4462 2591 4497 τε
2651 4445 2838 4515 γήϊνος
2882 4462 2943 4497 τε
3010 4446 3104 4498 καὶ
3168 4445 3393 4516 βέϐηλος
3449 4446 3477 4497 ό
3518 4442 3720 4505 ῚΙσαῦ,
3776 4443 3848 4493 ὅτι

2282 4538 2537 4609 βρώσεως
2618 4539 2745 4607 μιᾶς
2809 4539 3039 4592 ἀπέδοτο
3097 4539 3166 4593 τὰ
3232 4537 3577 4608 πρωτοτόκια
3643 4534 3847 4588 ἑαυτοῦ.

603 4629 893 4683 Sciendum
914 4624 1261 4679 Hebraeorum
1291 4626 1581 4680 editionem
1611 4625 1773 4679 alium
1801 4639 2020 4680 sensum
2047 4623 2163 4677 red-

2275 4629 2483 4684 Ούκοῦν
2516 4631 2643 4683 ὅταν
2672 4630 2852 4700 λέγει,
2896 4651 2912 4682 ι
2945 4632 3058 4685 Οὐκ
3088 4632 3321 4699 ἁνάῲετε
3363 4630 3422 4683 τὸ
3472 4629 3849 4699 θυσιαστήριὸν

601 4722 749 4781 dere,
789 4718 895 4772 alio
934 4719 1221 4772 verborum
1247 4726 1525 4773 contextu.
1569 4716 1746 4788 lnquit
1773 4718 1917 4773 enim
1946 4736 1960 4772 :
1993 4717 2099 4771 Vos
2123 4722 2177 4770 et

599 4810 767 4881 829
795 4809 989 4864 Levita:
1016 4818 1070 4864 et
1108 4811 1419 4865 sacerdotes
1442 4810 1533 4880 qui
1566 4819 1867 4865 extremum
1893 4810 1947 4863 in
1980 4807 2181 4877 templo

603 4904 776 4958 locum
805 4903 1075 4968 obtinent,
1103 4919 1133 4957 a
1169 4904 1319 4957 vobis
1338 4904 1640 4967 constituti,
1667 4913 1721 4956 ιιι
1747 4902 1884 4957 osda
1910 4902 2178 4968 claudant,

604 5010 707 5049 non
737 4994 1048 5049 accendetis
1072 4994 1243 5049 altare
1306 5010 1481 5049 meum
1536 4993 1726 5063 gratis,
1782 4993 1887 5048 hoc
1911 5006 2014 5057 est,
2067 4994 2186 5047 sine

604 5085 852 5140 mercede
886 5102 989 5139 non
1034 5085 1276 5149 servitis,
1309 5086 1424 5140 sive
1454 5085 1757 5139 sacerdotio
1788 5100 1894 5139 non
1933 5084 2181 5155 hmgimi-

604 5178 681 5241 ni,
715 5193 838 5232 cum
876 5176 1104 5247 populus
1123 5177 1385 5241 decimas,
1409 5185 1463 5231 et
1496 5177 1782 5245 primitias,
1810 5184 1864 5230 et
1886 5177 2022 5229 dona
2055 5192 2181 5244 gra-

606 5271 802 5324 tiarum
832 5269 1035 5323 actoria
1066 5270 1219 5325 vobis
1240 5268 1450 5324 oﬂerat.
1479 5268 1741 5335 Quoniam
1769 5283 1896 5337 ergo
1924 5269 2098 5321 divina
2128 5269 2179 5322 in

605 5360 842 5415 minimis
873 5363 1214 5426 numerastis,
1244 5370 1298 5416 et
1325 5363 1532 5431 potiora
1564 5376 1627 5415 ac
1681 5361 2045 5430 praevertenda
2078 5376 2182 5415 non

607 5452 859 5520 curastis,

2277 4739 2377 4794 μου
2422 4721 2651 4793 δωρεάν,
2687 4742 2705 4774 ι
2755 4722 3003 4793 βούλεται
3052 4724 3263 4792 δηλοῦν,
3294 4721 3370 4786 ὼς
3416 4723 3514 4774 οὐκ
3560 4722 3849 4792 ἀγέραστον

2280 4814 2381 4886 μὲν
2414 4816 2445 4883 ἡ
2479 4814 2748 4885 ἱερωσύνη
2773 4831 2784 4842 ·
2833 4816 2971 4885 πλὴν
3010 4816 3129 4867 οὐδὲ
3160 4814 3263 4876 ἔξω
3290 4814 3463 4885 δίκης,
3492 4815 3538 4865 εἰ
3576 4812 3649 4883 μὴ
3698 4830 3851 4883 προσ-

2280 4906 2504 4978 φέροιτό
2540 4925 2622 4971 τις
2652 4909 2810 4977 αὐτῇ,
2845 4907 2967 4960 καθ’
2994 4908 3051 4959 ὃν
3078 4906 3143 4959 ἂν
3173 4907 3436 4977 προσήκοι
3467 4906 3671 4976 τρόπον
3691 4921 3747 4956 τε
3770 4903 3853 4954 καὶ

2281 4998 2460 5066 λόγον.
2480 5000 2673 5052 Ἶστέον
2706 5000 2761 5052 δὲ
2790 5001 2871 5053 ὅτι
2911 5001 2942 5069 ἡ
2973 5000 3080 5052 τῶν
3120 4999 3385 5070 Ἐϐραίων
3416 4998 3626 5061 ἔκδοσις
3673 4998 3854 5068 ἑτέραν

2285 5089 2398 5160 ἔχει
2433 5092 2530 5161 τὴν
2573 5092 2682 5145 τῶν
2715 5092 3005 5162 νοημάτων
3050 5090 3330 5152 ἀπόδοσιν,
3360 5092 3455 5143 καὶ
3484 5090 3653 5160 αὐτὴν
3688 5089 3855 5155 δὲτὴν

2283 5185 2382 5253 τῆς
2428 5181 2625 5246 λέξεως
2675 5183 3122 5254 συνθήκην.“⁹Ειρη
3170 5181 3299 5251 γὰρ,
3358 5181 3438 5234 ὅτι
3480 5182 3668 5249 Ὑμεῖς
3714 5196 3769 5230 τε
3812 5178 3855 5228 οἱ

2284 5273 2532 5337 Λευῖται,
2570 5274 2664 5327 καὶ¹
2699 5274 2807 5345 μὴν
2832 5274 2929 5325 καὶ⁵
2955 5275 3003 5325 οἱ
3033 5275 3219 5343 ἱερεῖς,
3243 5274 3292 5325 οἱ
3322 5274 3419 5343 τὴν
3451 5273 3687 5342 ἐσχάτην
3715 5272 3770 5321 ἐν
3790 5266 3856 5336 τῷ

2284 5365 2397 5436 ναῷ
2433 5363 2584 5430 τάξιν
2613 5362 2847 5433 ἔχοντες,
2873 5362 3195 5432 τεταγμένοι
3228 5379 3286 5414 τε
3318 5363 3453 5433 πρὸς
3484 5362 3637 5432 ὑμῶν
3684 5362 3763 5420 εἰς
3805 5357 3857 5409 τὸ

2286 5455 2488 5509 κλείειν
2514 5456 2616 5518 τὰς
2656 5455 2847 5527 θύρας,
2882 5456 2981 5508 οὐκ
3006 5455 3239 5523 ἀνάψετε
3274 5455 3334 5506 τὸ
3356 5453 3739 5523 θυσιαστήριὸν
3767 5466 3856 5520 μου

608 5542 835 5650 δωρεὰν,
846 5544 1143 5611 τουτέστιν,
1161 5546 1261 5599 οὐκ
1275 5546 1468 5617 ἀμισθὶ
1482 5545 1719 5599 ποιεῖσθε
1737 5546 1834 5616 τὴν
1852 5546 2117 5613 δουλείαν,
2132 5549 2301 5617 ἤγουν
2316 5549 2416 5617 τὴν
2433 5548 2757 5620 ἱερωσύνην,
2782 5549 3167 5622 προσαγόντων
3188 5551 3318 5618 ἡμῖν
3338 5546 3444 5599 τῶν
3458 5546 3603 5599 λαῶν
3616 5546 3855 5604 δεκάτας.

608 5638 880 5709 απαρχάς,
899 5640 1193 5711 εὐχαριστή
1202 5658 1315 5713 ρια.
1332 5641 1473 5695 Ἀνθ’
1486 5643 1609 5696 ὅτου
1624 5642 1688 5714 δὴ
1700 5638 1792 5695 οὖν
1804 5659 1942 5712 κατη
1951 5644 2182 5715 μέληται
2200 5644 2270 5697 τὰ
2284 5643 2379 5696 τοῦ
2394 5644 2527 5698 Θεοὲ
2538 5683 2555 5708 ,
2571 5646 2663 5698 καὶ
2679 5647 2779 5699 οὐκ
2790 5648 2846 5700 ὲν
2865 5646 3106 5718 φροντίδι
3121 5645 3308 5716 γέγονε
3327 5648 3390 5716 τῇ
3407 5644 3545 5714 τιροὺ
3555 5661 3643 5715 ργι
3654 5642 3853 5710 αιτὰτῃ,

678 5794 723 5826 ⁷⁸
748 5793 850 5851 lsa.
883 5811 1018 5863 χχιι,
1040 5797 1140 5865 22;
1172 5796 1274 5856 Job
1299 5816 1398 5866 xu,
1424 5799 1513 5855 14.
1591 5802 1635 5833 ⁷⁸
1670 5800 1807 5858 Osee
1840 5816 1919 5863 ιιι,
1961 5801 2013 5855 ι.

2090 5802 2134 5832 ⁷⁸
2173 5799 2340 5856 llebr.
2374 5818 2473 5871 xu,
2503 5804 2590 5860 16.
