  <div class='ocr_page' id='page_1' title='image "/cluster/home/n/w/nwhite01/storage/ocr_20150623/72/hvd.32044019207893/156.png"; bbox 0 0 4070 6530; ppageno 0'>
   <div class='ocr_carea' id='block_1_1' title="bbox 167 422 288 480">
    <p class='ocr_par' dir='ltr' id='par_1_1' title="bbox 167 422 288 480">
     <span class='ocr_line' id='line_1_1' title="bbox 167 422 288 480; baseline -0.008 0"><span class='ocrx_word' id='word_1_1' title='bbox 167 422 288 480; x_wconf 69' lang='lat'><strong><em>997</em></strong></span> 
     </span>
    </p>
   </div>
   <div class='ocr_carea' id='block_1_2' title="bbox 999 406 2597 484">
    <p class='ocr_par' dir='ltr' id='par_1_2' title="bbox 999 406 2597 484">
     <span class='ocr_line' id='line_1_2' title="bbox 999 406 2597 484; baseline 0.004 -8"><span class='ocrx_word' id='word_1_2' title='bbox 999 417 1554 479; x_wconf 64' lang='lat' dir='ltr'><strong><em>COMMENTARIUS</em></strong></span> <span class='ocrx_word' id='word_1_3' title='bbox 1595 424 1659 478; x_wconf 71' lang='lat' dir='ltr'><strong><em>IN</em></strong></span> <span class='ocrx_word' id='word_1_4' title='bbox 1703 423 2108 482; x_wconf 67' lang='lat' dir='ltr'><strong><em>MALAClllA-lil</em></strong></span> <span class='ocrx_word' id='word_1_5' title='bbox 2150 406 2597 484; x_wconf 64' lang='lat' dir='ltr'><strong><em>enoeue&#39;rau.</em></strong></span> 
     </span>
    </p>
   </div>
   <div class='ocr_carea' id='block_1_3' title="bbox 3325 439 3432 494">
    <p class='ocr_par' dir='ltr' id='par_1_3' title="bbox 3325 439 3432 494">
     <span class='ocr_line' id='line_1_3' title="bbox 3325 439 3432 494; baseline 0.028 -3"><span class='ocrx_word' id='word_1_6' title='bbox 3325 439 3432 494; x_wconf 74' lang='lat'><strong><em>‘2‘)8</em></strong></span> 
     </span>
    </p>
   </div>
   <div class='ocr_carea' id='block_1_4' title="bbox 233 535 1779 611">
    <p class='ocr_par' dir='ltr' id='par_1_4' title="bbox 233 535 1779 610">
     <span class='ocr_line' id='line_1_4' title="bbox 233 535 1779 610; baseline 0.001 -18"><span class='ocrx_word' id='word_1_7' title='bbox 233 539 357 592; x_wconf 81' lang='grc' dir='ltr'><strong><em>Οὐκ</em></strong></span> <span class='ocrx_word' id='word_1_8' title='bbox 406 535 536 590; x_wconf 80' lang='grc' dir='ltr'>ἐστι</span> <span class='ocrx_word' id='word_1_9' title='bbox 570 552 689 605; x_wconf 77' lang='grc' dir='ltr'><strong><em>μου</em></strong></span> <span class='ocrx_word' id='word_1_10' title='bbox 725 535 953 605; x_wconf 77' lang='grc' dir='ltr'>θέλημα</span> <span class='ocrx_word' id='word_1_11' title='bbox 997 536 1066 590; x_wconf 81' lang='grc' dir='ltr'><strong><em>ἐν</em></strong></span> <span class='ocrx_word' id='word_1_12' title='bbox 1116 535 1277 606; x_wconf 73' lang='grc' dir='ltr'>ὑμῖν,</span> <span class='ocrx_word' id='word_1_13' title='bbox 1321 541 1483 610; x_wconf 66' lang='grc' dir='ltr'>λέγει</span> <span class='ocrx_word' id='word_1_14' title='bbox 1531 541 1779 610; x_wconf 72' lang='grc' dir='ltr'>Κύριος,</span> 
     </span>
    </p>
   </div>
   <div class='ocr_carea' id='block_1_5' title="bbox 1865 535 3432 611">
    <p class='ocr_par' dir='ltr' id='par_1_5' title="bbox 1923 537 3432 611">
     <span class='ocr_line' id='line_1_5' title="bbox 1923 537 3432 611; baseline 0.007 -19"><span class='ocrx_word' id='word_1_15' title='bbox 1923 537 2086 594; x_wconf 71' lang='lat' dir='ltr'><strong><em>Vens.</em></strong></span> <span class='ocrx_word' id='word_1_16' title='bbox 2144 539 2232 595; x_wconf 77' lang='grc' dir='ltr'><strong><em>Η.</em></strong></span> <span class='ocrx_word' id='word_1_17' title='bbox 2279 538 2400 594; x_wconf 65' lang='lat' dir='ltr'><strong><em>Non</em></strong></span> <span class='ocrx_word' id='word_1_18' title='bbox 2429 551 2504 594; x_wconf 85' lang='lat' dir='ltr'><strong><em>est</em></strong></span> <span class='ocrx_word' id='word_1_19' title='bbox 2543 541 2674 594; x_wconf 75' lang='lat' dir='ltr'><strong><em>milii</em></strong></span> <span class='ocrx_word' id='word_1_20' title='bbox 2717 541 2956 596; x_wconf 73' lang='lat' dir='ltr'><strong><em>voluntas</em></strong></span> <span class='ocrx_word' id='word_1_21' title='bbox 3002 543 3052 596; x_wconf 89' lang='lat' dir='ltr'><strong><em>in</em></strong></span> <span class='ocrx_word' id='word_1_22' title='bbox 3105 546 3261 611; x_wconf 73' lang='lat' dir='ltr'><strong><em>vobis,</em></strong></span> <span class='ocrx_word' id='word_1_23' title='bbox 3304 550 3432 602; x_wconf 77' lang='lat' dir='ltr'><strong><em>dicit</em></strong></span> 
     </span>
    </p>
   </div>
   <div class='ocr_carea' id='block_1_6' title="bbox 153 627 1748 700">
    <p class='ocr_par' dir='ltr' id='par_1_6' title="bbox 153 627 1748 700">
     <span class='ocr_line' id='line_1_6' title="bbox 153 627 1748 700; baseline 0.003 -18"><span class='ocrx_word' id='word_1_24' title='bbox 153 627 604 698; x_wconf 78' lang='grc' dir='ltr'><strong><em>παντοκράτωρ,</em></strong></span> <span class='ocrx_word' id='word_1_25' title='bbox 633 627 730 681; x_wconf 73' lang='grc' dir='ltr'><strong><em>καὶ</em></strong></span> <span class='ocrx_word' id='word_1_26' title='bbox 759 627 984 682; x_wconf 82' lang='grc' dir='ltr'><strong><em>θυσίαν</em></strong></span> <span class='ocrx_word' id='word_1_27' title='bbox 1010 629 1082 681; x_wconf 87' lang='grc' dir='ltr'><strong><em>οὐ</em></strong></span> <span class='ocrx_word' id='word_1_28' title='bbox 1113 629 1516 700; x_wconf 77' lang='grc' dir='ltr'>προσδέξομαι</span> <span class='ocrx_word' id='word_1_29' title='bbox 1538 631 1606 686; x_wconf 78' lang='grc' dir='ltr'><strong><em>ἐκ</em></strong></span> <span class='ocrx_word' id='word_1_30' title='bbox 1628 633 1748 687; x_wconf 68' lang='grc' dir='ltr'><strong><em>τῶι⁴</em></strong></span> 
     </span>
    </p>
   </div>
   <div class='ocr_carea' id='block_1_7' title="bbox 152 718 1747 791">
    <p class='ocr_par' dir='ltr' id='par_1_7' title="bbox 152 718 1747 791">
     <span class='ocr_line' id='line_1_7' title="bbox 152 718 1747 791; baseline 0.003 -18"><span class='ocrx_word' id='word_1_31' title='bbox 152 719 377 790; x_wconf 71' lang='grc' dir='ltr'>χειρῶν</span> <span class='ocrx_word' id='word_1_32' title='bbox 409 719 596 789; x_wconf 77' lang='grc' dir='ltr'>ὑμῶν.</span> <span class='ocrx_word' id='word_1_33' title='bbox 634 719 791 772; x_wconf 81' lang='grc' dir='ltr'><em>Διότι</em></span> <span class='ocrx_word' id='word_1_34' title='bbox 817 719 935 774; x_wconf 82' lang='grc' dir='ltr'><strong><em>ἀπὸ</em></strong></span> <span class='ocrx_word' id='word_1_35' title='bbox 963 718 1278 774; x_wconf 80' lang='grc' dir='ltr'>ἀνατολῶν</span> <span class='ocrx_word' id='word_1_36' title='bbox 1304 722 1484 791; x_wconf 75' lang='grc' dir='ltr'>ἡλίου</span> <span class='ocrx_word' id='word_1_37' title='bbox 1514 723 1611 777; x_wconf 80' lang='grc' dir='ltr'>καί</span> <span class='ocrx_word' id='word_1_38' title='bbox 1635 722 1747 789; x_wconf 80' lang='grc' dir='ltr'>ἕως</span> 
     </span>
    </p>
   </div>
   <div class='ocr_carea' id='block_1_8' title="bbox 153 809 1744 880">
    <p class='ocr_par' dir='ltr' id='par_1_8' title="bbox 153 809 1744 880">
     <span class='ocr_line' id='line_1_8' title="bbox 153 809 1744 880; baseline 0.002 -16"><span class='ocrx_word' id='word_1_39' title='bbox 153 809 412 880; x_wconf 78' lang='grc' dir='ltr'><strong><em>δυσμῶν</em></strong></span> <span class='ocrx_word' id='word_1_40' title='bbox 440 811 506 864; x_wconf 89' lang='grc' dir='ltr'><strong><em>τὸ</em></strong></span> <span class='ocrx_word' id='word_1_41' title='bbox 538 809 729 880; x_wconf 78' lang='grc' dir='ltr'>ὄνομά</span> <span class='ocrx_word' id='word_1_42' title='bbox 747 827 868 879; x_wconf 84' lang='grc' dir='ltr'><strong><em>μου</em></strong></span> <span class='ocrx_word' id='word_1_43' title='bbox 893 810 1253 876; x_wconf 74' lang='grc' dir='ltr'><strong><em>δεδόξασται</em></strong></span> <span class='ocrx_word' id='word_1_44' title='bbox 1275 813 1346 868; x_wconf 80' lang='grc' dir='ltr'>ἐν</span> <span class='ocrx_word' id='word_1_45' title='bbox 1370 814 1494 880; x_wconf 86' lang='grc' dir='ltr'>τοῖς</span> <span class='ocrx_word' id='word_1_46' title='bbox 1521 815 1744 880; x_wconf 77' lang='grc' dir='ltr'>ἔθνεσι,</span> 
     </span>
    </p>
   </div>
   <div class='ocr_carea' id='block_1_9' title="bbox 156 903 1749 975">
    <p class='ocr_par' dir='ltr' id='par_1_9' title="bbox 156 903 1749 975">
     <span class='ocr_line' id='line_1_9' title="bbox 156 903 1749 975; baseline 0.001 -17"><span class='ocrx_word' id='word_1_47' title='bbox 156 904 255 958; x_wconf 75' lang='grc' dir='ltr'><strong><em>καὶ</em></strong></span> <span class='ocrx_word' id='word_1_48' title='bbox 284 905 356 958; x_wconf 78' lang='grc' dir='ltr'>ἐν</span> <span class='ocrx_word' id='word_1_49' title='bbox 391 903 571 957; x_wconf 71' lang='grc' dir='ltr'>παντί</span> <span class='ocrx_word' id='word_1_50' title='bbox 607 903 767 970; x_wconf 73' lang='grc' dir='ltr'><strong><em>τόπῳ</em></strong></span> <span class='ocrx_word' id='word_1_51' title='bbox 801 904 1061 974; x_wconf 81' lang='grc' dir='ltr'>θυμίαμα</span> <span class='ocrx_word' id='word_1_52' title='bbox 1096 903 1458 975; x_wconf 78' lang='grc' dir='ltr'><strong><em>προσάγεται</em></strong></span> <span class='ocrx_word' id='word_1_53' title='bbox 1501 903 1580 971; x_wconf 84' lang='grc' dir='ltr'><strong><em>τῷ</em></strong></span> <span class='ocrx_word' id='word_1_54' title='bbox 1618 907 1749 960; x_wconf 77' lang='grc' dir='ltr'><strong><em>ὀνό-</em></strong></span> 
     </span>
    </p>
   </div>
   <div class='ocr_carea' id='block_1_10' title="bbox 151 993 1751 1067">
    <p class='ocr_par' dir='ltr' id='par_1_10' title="bbox 151 993 1751 1067">
     <span class='ocr_line' id='line_1_10' title="bbox 151 993 1751 1067; baseline 0.002 -19"><span class='ocrx_word' id='word_1_55' title='bbox 151 997 300 1064; x_wconf 82' lang='grc' dir='ltr'>ματί</span> <span class='ocrx_word' id='word_1_56' title='bbox 316 1013 459 1066; x_wconf 78' lang='grc' dir='ltr'>μου,</span> <span class='ocrx_word' id='word_1_57' title='bbox 489 995 588 1049; x_wconf 76' lang='grc' dir='ltr'>καί</span> <span class='ocrx_word' id='word_1_58' title='bbox 614 995 797 1050; x_wconf 86' lang='grc' dir='ltr'><strong><em>θυσία</em></strong></span> <span class='ocrx_word' id='word_1_59' title='bbox 821 995 1056 1064; x_wconf 80' lang='grc' dir='ltr'>καθαρά</span> <span class='ocrx_word' id='word_1_60' title='bbox 1075 1012 1088 1024; x_wconf 81' lang='grc'><em>’</em></span> <span class='ocrx_word' id='word_1_61' title='bbox 1123 993 1274 1049; x_wconf 83' lang='grc' dir='ltr'><em>διότι</em></span> <span class='ocrx_word' id='word_1_62' title='bbox 1295 995 1449 1067; x_wconf 84' lang='grc' dir='ltr'><strong><em>μέγα</em></strong></span> <span class='ocrx_word' id='word_1_63' title='bbox 1472 996 1537 1050; x_wconf 85' lang='grc' dir='ltr'><strong><em>τό</em></strong></span> <span class='ocrx_word' id='word_1_64' title='bbox 1562 995 1751 1066; x_wconf 73' lang='grc' dir='ltr'>ὄνομα</span> 
     </span>
    </p>
   </div>
   <div class='ocr_carea' id='block_1_11' title="bbox 149 1086 1706 1157">
    <p class='ocr_par' dir='ltr' id='par_1_11' title="bbox 149 1086 1706 1157">
     <span class='ocr_line' id='line_1_11' title="bbox 149 1086 1706 1157; baseline 0.002 -17"><span class='ocrx_word' id='word_1_65' title='bbox 149 1105 274 1157; x_wconf 81' lang='grc' dir='ltr'><strong><em>μου</em></strong></span> <span class='ocrx_word' id='word_1_66' title='bbox 303 1087 376 1140; x_wconf 79' lang='grc' dir='ltr'>ἐν</span> <span class='ocrx_word' id='word_1_67' title='bbox 413 1087 536 1153; x_wconf 84' lang='grc' dir='ltr'>τοῖς</span> <span class='ocrx_word' id='word_1_68' title='bbox 559 1087 784 1149; x_wconf 76' lang='grc' dir='ltr'>ἔθνεσι,</span> <span class='ocrx_word' id='word_1_69' title='bbox 818 1087 980 1155; x_wconf 72' lang='grc' dir='ltr'>λέγει</span> <span class='ocrx_word' id='word_1_70' title='bbox 1013 1086 1230 1155; x_wconf 84' lang='grc' dir='ltr'>Κύριος</span> <span class='ocrx_word' id='word_1_71' title='bbox 1262 1087 1706 1157; x_wconf 76' lang='grc' dir='ltr'><strong><em>παντοκράτωρ.</em></strong></span> 
     </span>
    </p>
   </div>
   <div class='ocr_carea' id='block_1_12' title="bbox 230 1175 1748 1252">
    <p class='ocr_par' dir='ltr' id='par_1_12' title="bbox 230 1175 1748 1252">
     <span class='ocr_line' id='line_1_12' title="bbox 230 1175 1748 1252; baseline 0.002 -21"><span class='ocrx_word' id='word_1_72' title='bbox 230 1177 334 1232; x_wconf 77' lang='lat' dir='ltr'><strong><em>iB&#39;.</em></strong></span> <span class='ocrx_word' id='word_1_73' title='bbox 386 1177 723 1246; x_wconf 77' lang='grc' dir='ltr'>Ἀποφάσκει</span> <span class='ocrx_word' id='word_1_74' title='bbox 750 1175 936 1231; x_wconf 84' lang='grc' dir='ltr'>λοιπὸν</span> <span class='ocrx_word' id='word_1_75' title='bbox 982 1180 1230 1252; x_wconf 82' lang='grc' dir='ltr'>ἐναργῶς</span> <span class='ocrx_word' id='word_1_76' title='bbox 1273 1181 1372 1252; x_wconf 78' lang='grc' dir='ltr'>τῆς</span> <span class='ocrx_word' id='word_1_77' title='bbox 1415 1181 1558 1234; x_wconf 86' lang='grc' dir='ltr'><strong><em>κατά</em></strong></span> <span class='ocrx_word' id='word_1_78' title='bbox 1585 1181 1748 1252; x_wconf 84' lang='grc' dir='ltr'>νόμον</span> 
     </span>
    </p>
   </div>
   <div class='ocr_carea' id='block_1_13' title="bbox 156 1269 1750 1343">
    <p class='ocr_par' dir='ltr' id='par_1_13' title="bbox 156 1269 1750 1343">
     <span class='ocr_line' id='line_1_13' title="bbox 156 1269 1750 1343; baseline 0.001 -21"><span class='ocrx_word' id='word_1_79' title='bbox 156 1269 419 1340; x_wconf 81' lang='grc' dir='ltr'>λατρείας</span> <span class='ocrx_word' id='word_1_80' title='bbox 461 1269 560 1341; x_wconf 78' lang='grc' dir='ltr'><strong><em>τὴν</em></strong></span> <span class='ocrx_word' id='word_1_81' title='bbox 611 1271 997 1343; x_wconf 77' lang='grc' dir='ltr'><strong><em>προσαγωγὴν,</em></strong></span> <span class='ocrx_word' id='word_1_82' title='bbox 1037 1272 1320 1343; x_wconf 76' lang='grc' dir='ltr'><strong><em>μονονουχὶ</em></strong></span> <span class='ocrx_word' id='word_1_83' title='bbox 1369 1271 1426 1326; x_wconf 84' lang='grc' dir='ltr'><strong><em>δέ</em></strong></span> <span class='ocrx_word' id='word_1_84' title='bbox 1473 1272 1568 1324; x_wconf 75' lang='grc' dir='ltr'>καὶ</span> <span class='ocrx_word' id='word_1_85' title='bbox 1613 1272 1750 1325; x_wconf 82' lang='grc' dir='ltr'>ἀπο-</span> 
     </span>
    </p>
   </div>
   <div class='ocr_carea' id='block_1_14' title="bbox 155 1359 1750 1436">
    <p class='ocr_par' dir='ltr' id='par_1_14' title="bbox 155 1359 1750 1436">
     <span class='ocr_line' id='line_1_14' title="bbox 155 1359 1750 1436; baseline 0.004 -24"><span class='ocrx_word' id='word_1_86' title='bbox 155 1363 326 1430; x_wconf 74' lang='grc' dir='ltr'>φοιτᾷ</span> <span class='ocrx_word' id='word_1_87' title='bbox 373 1360 472 1430; x_wconf 83' lang='grc' dir='ltr'><strong><em>τῆς</em></strong></span> <span class='ocrx_word' id='word_1_88' title='bbox 527 1359 608 1424; x_wconf 85' lang='grc' dir='ltr'><strong><em>είς</em></strong></span> <span class='ocrx_word' id='word_1_89' title='bbox 647 1360 932 1424; x_wconf 78' lang='grc' dir='ltr'><strong><em>Ἰουδαίους</em></strong></span> <span class='ocrx_word' id='word_1_90' title='bbox 980 1361 1232 1432; x_wconf 85' lang='grc' dir='ltr'>ἀγάπης,</span> <span class='ocrx_word' id='word_1_91' title='bbox 1287 1362 1382 1414; x_wconf 76' lang='grc' dir='ltr'>καὶ</span> <span class='ocrx_word' id='word_1_92' title='bbox 1431 1363 1750 1436; x_wconf 83' lang='grc' dir='ltr'>ἀνεθέλητον</span> 
     </span>
    </p>
   </div>
   <div class='ocr_carea' id='block_1_15' title="bbox 157 1451 1748 1525">
    <p class='ocr_par' dir='ltr' id='par_1_15' title="bbox 157 1451 1748 1525">
     <span class='ocr_line' id='line_1_15' title="bbox 157 1451 1748 1525; baseline 0.003 -21"><span class='ocrx_word' id='word_1_93' title='bbox 157 1454 398 1506; x_wconf 86' lang='grc' dir='ltr'>ποιεῖται</span> <span class='ocrx_word' id='word_1_94' title='bbox 439 1451 536 1522; x_wconf 77' lang='grc' dir='ltr'><strong><em>τὴν</em></strong></span> <span class='ocrx_word' id='word_1_95' title='bbox 568 1451 888 1524; x_wconf 72' lang='grc' dir='ltr'><strong><em>ἱερωσύνην,</em></strong></span> <span class='ocrx_word' id='word_1_96' title='bbox 912 1453 1008 1506; x_wconf 74' lang='grc' dir='ltr'><strong><em>καὶ</em></strong></span> <span class='ocrx_word' id='word_1_97' title='bbox 1035 1453 1413 1524; x_wconf 85' lang='grc' dir='ltr'>ἀπαράδεκτον</span> <span class='ocrx_word' id='word_1_98' title='bbox 1439 1453 1539 1525; x_wconf 75' lang='grc' dir='ltr'>τὴν</span> <span class='ocrx_word' id='word_1_99' title='bbox 1569 1455 1748 1521; x_wconf 86' lang='grc' dir='ltr'>σκιάν,</span> 
     </span>
    </p>
   </div>
   <div class='ocr_carea' id='block_1_16' title="bbox 160 1541 1753 1618">
    <p class='ocr_par' dir='ltr' id='par_1_16' title="bbox 160 1541 1753 1618">
     <span class='ocr_line' id='line_1_16' title="bbox 160 1541 1753 1618; baseline 0.003 -23"><span class='ocrx_word' id='word_1_100' title='bbox 160 1541 457 1612; x_wconf 75' lang='grc' dir='ltr'><strong><em>βουθυσίας</em></strong></span> <span class='ocrx_word' id='word_1_101' title='bbox 488 1542 552 1614; x_wconf 79' lang='grc' dir='ltr'>δὴ</span> <span class='ocrx_word' id='word_1_102' title='bbox 583 1541 727 1610; x_wconf 81' lang='grc' dir='ltr'>λέγω</span> <span class='ocrx_word' id='word_1_103' title='bbox 773 1543 871 1596; x_wconf 72' lang='grc' dir='ltr'>καὶ</span> <span class='ocrx_word' id='word_1_104' title='bbox 905 1543 1167 1607; x_wconf 78' lang='grc' dir='ltr'><strong><em>καπνοὺς,</em></strong></span> <span class='ocrx_word' id='word_1_105' title='bbox 1193 1544 1275 1597; x_wconf 81' lang='grc' dir='ltr'>ὅτι</span> <span class='ocrx_word' id='word_1_106' title='bbox 1308 1545 1445 1615; x_wconf 80' lang='grc' dir='ltr'>μήτε</span> <span class='ocrx_word' id='word_1_107' title='bbox 1473 1545 1531 1598; x_wconf 88' lang='grc' dir='ltr'><strong><em>ἐν</em></strong></span> <span class='ocrx_word' id='word_1_108' title='bbox 1558 1545 1753 1618; x_wconf 81' lang='grc' dir='ltr'><strong><em>ἀρχαῖς</em></strong></span> 
     </span>
    </p>
   </div>
   <div class='ocr_carea' id='block_1_17' title="bbox 156 1629 1752 1709">
    <p class='ocr_par' dir='ltr' id='par_1_17' title="bbox 156 1629 1752 1709">
     <span class='ocr_line' id='line_1_17' title="bbox 156 1629 1752 1709; baseline 0.003 -21"><span class='ocrx_word' id='word_1_109' title='bbox 156 1629 318 1698; x_wconf 73' lang='grc' dir='ltr'>οὗτος</span> <span class='ocrx_word' id='word_1_110' title='bbox 357 1629 426 1706; x_wconf 77' lang='grc' dir='ltr'>ἦν</span> <span class='ocrx_word' id='word_1_111' title='bbox 473 1635 502 1687; x_wconf 85' lang='grc' dir='ltr'><strong>ὁ</strong></span> <span class='ocrx_word' id='word_1_112' title='bbox 547 1636 746 1698; x_wconf 73' lang='grc' dir='ltr'>σκοπὸς</span> <span class='ocrx_word' id='word_1_113' title='bbox 786 1635 972 1690; x_wconf 84' lang='grc' dir='ltr'>αὐτοῦ.</span> <span class='ocrx_word' id='word_1_114' title='bbox 1006 1637 1117 1690; x_wconf 59' lang='lat' dir='ltr'><strong><em>Kal</em></strong></span> <span class='ocrx_word' id='word_1_115' title='bbox 1149 1635 1258 1707; x_wconf 78' lang='grc' dir='ltr'><strong><em>μὴν</em></strong></span> <span class='ocrx_word' id='word_1_116' title='bbox 1287 1637 1382 1690; x_wconf 77' lang='grc' dir='ltr'>καὶ</span> <span class='ocrx_word' id='word_1_117' title='bbox 1413 1637 1574 1691; x_wconf 87' lang='grc' dir='ltr'>τοῦτο</span> <span class='ocrx_word' id='word_1_118' title='bbox 1617 1640 1752 1709; x_wconf 79' lang='grc' dir='ltr'>ἡμῖν</span> 
     </span>
    </p>
   </div>
   <div class='ocr_carea' id='block_1_18' title="bbox 157 1726 1752 1799">
    <p class='ocr_par' dir='ltr' id='par_1_18' title="bbox 157 1726 1752 1799">
     <span class='ocr_line' id='line_1_18' title="bbox 157 1726 1752 1799; baseline 0.003 -21"><span class='ocrx_word' id='word_1_119' title='bbox 157 1726 397 1798; x_wconf 81' lang='grc' dir='ltr'>ἐναργὲς</span> <span class='ocrx_word' id='word_1_120' title='bbox 441 1727 534 1780; x_wconf 85' lang='grc' dir='ltr'><strong><em>καὶ</em></strong></span> <span class='ocrx_word' id='word_1_121' title='bbox 583 1727 650 1780; x_wconf 84' lang='grc' dir='ltr'>δι’</span> <span class='ocrx_word' id='word_1_122' title='bbox 679 1727 883 1795; x_wconf 87' lang='grc' dir='ltr'>ἐτέρων</span> <span class='ocrx_word' id='word_1_123' title='bbox 930 1727 1226 1799; x_wconf 80' lang='grc' dir='ltr'>προφητῶν</span> <span class='ocrx_word' id='word_1_124' title='bbox 1277 1730 1530 1794; x_wconf 84' lang='grc' dir='ltr'>ἐποιεῖτο,</span> <span class='ocrx_word' id='word_1_125' title='bbox 1577 1729 1752 1798; x_wconf 89' lang='grc' dir='ltr'>λέγων</span> 
     </span>
    </p>
   </div>
   <div class='ocr_carea' id='block_1_19' title="bbox 156 1817 1756 1891">
    <p class='ocr_par' dir='ltr' id='par_1_19' title="bbox 156 1817 1756 1891">
     <span class='ocr_line' id='line_1_19' title="bbox 156 1817 1756 1891; baseline 0.003 -21"><span class='ocrx_word' id='word_1_126' title='bbox 156 1817 251 1870; x_wconf 81' lang='grc' dir='ltr'><strong><em>διά</em></strong></span> <span class='ocrx_word' id='word_1_127' title='bbox 290 1817 393 1888; x_wconf 79' lang='grc' dir='ltr'>μὲν</span> <span class='ocrx_word' id='word_1_128' title='bbox 421 1817 604 1886; x_wconf 79' lang='grc' dir='ltr'>φωνῆς</span> <span class='ocrx_word' id='word_1_129' title='bbox 643 1817 863 1872; x_wconf 78' lang='grc' dir='ltr'>Ἡσαΐου</span> <span class='ocrx_word' id='word_1_130' title='bbox 892 1835 906 1847; x_wconf 83' lang='grc'><strong>·</strong></span> <span class='ocrx_word' id='word_1_131' title='bbox 944 1838 963 1870; x_wconf 75' lang='grc' dir='ltr'><strong><em>ι</em></strong></span> <span class='ocrx_word' id='word_1_132' title='bbox 993 1819 1215 1890; x_wconf 73' lang='grc' dir='ltr'>Πλήρης</span> <span class='ocrx_word' id='word_1_133' title='bbox 1239 1819 1354 1889; x_wconf 73' lang='grc' dir='ltr'>είμὶ</span> <span class='ocrx_word' id='word_1_134' title='bbox 1376 1819 1756 1891; x_wconf 82' lang='grc' dir='ltr'>ὁλοκαυτωμά-</span> 
     </span>
    </p>
   </div>
   <div class='ocr_carea' id='block_1_20' title="bbox 157 1905 1755 1983">
    <p class='ocr_par' dir='ltr' id='par_1_20' title="bbox 157 1905 1755 1983">
     <span class='ocr_line' id='line_1_20' title="bbox 157 1905 1755 1983; baseline 0.003 -22"><span class='ocrx_word' id='word_1_135' title='bbox 157 1926 268 1962; x_wconf 85' lang='grc' dir='ltr'><strong><em>των</em></strong></span> <span class='ocrx_word' id='word_1_136' title='bbox 304 1905 501 1979; x_wconf 79' lang='grc' dir='ltr'>κριῶν,</span> <span class='ocrx_word' id='word_1_137' title='bbox 530 1911 624 1962; x_wconf 73' lang='grc' dir='ltr'>καὶ</span> <span class='ocrx_word' id='word_1_138' title='bbox 672 1909 838 1981; x_wconf 84' lang='grc' dir='ltr'>στέαρ</span> <span class='ocrx_word' id='word_1_139' title='bbox 867 1909 1067 1982; x_wconf 82' lang='grc' dir='ltr'>ἀρνῶν,</span> <span class='ocrx_word' id='word_1_140' title='bbox 1103 1913 1200 1964; x_wconf 75' lang='grc' dir='ltr'><strong><em>καὶ</em></strong></span> <span class='ocrx_word' id='word_1_141' title='bbox 1226 1907 1363 1981; x_wconf 73' lang='grc' dir='ltr'>αἷμα</span> <span class='ocrx_word' id='word_1_142' title='bbox 1392 1911 1628 1983; x_wconf 82' lang='grc' dir='ltr'>ταύρων,</span> <span class='ocrx_word' id='word_1_143' title='bbox 1659 1913 1755 1966; x_wconf 70' lang='grc' dir='ltr'><strong><em>καὶ</em></strong></span> 
     </span>
    </p>
   </div>
   <div class='ocr_carea' id='block_1_21' title="bbox 156 1999 1752 2072">
    <p class='ocr_par' dir='ltr' id='par_1_21' title="bbox 156 1999 1752 2072">
     <span class='ocr_line' id='line_1_21' title="bbox 156 1999 1752 2072; baseline 0.001 -20"><span class='ocrx_word' id='word_1_144' title='bbox 156 2000 384 2072; x_wconf 72' lang='grc' dir='ltr'>τράγων</span> <span class='ocrx_word' id='word_1_145' title='bbox 410 2001 472 2053; x_wconf 88' lang='grc' dir='ltr'><strong><em>οὐ</em></strong></span> <span class='ocrx_word' id='word_1_146' title='bbox 506 1999 802 2071; x_wconf 85' lang='grc' dir='ltr'>βούλομαι·</span> <span class='ocrx_word' id='word_1_147' title='bbox 852 2000 961 2054; x_wconf 76' lang='grc' dir='ltr'>οὐδ’</span> <span class='ocrx_word' id='word_1_148' title='bbox 991 1999 1056 2054; x_wconf 80' lang='grc' dir='ltr'>ἂν</span> <span class='ocrx_word' id='word_1_149' title='bbox 1101 1999 1335 2072; x_wconf 82' lang='grc' dir='ltr'>ἔρχησοε</span> <span class='ocrx_word' id='word_1_150' title='bbox 1366 2000 1596 2071; x_wconf 76' lang='grc' dir='ltr'>ὀφθῆναί</span> <span class='ocrx_word' id='word_1_151' title='bbox 1643 2019 1752 2071; x_wconf 91' lang='grc' dir='ltr'>μοι.</span> 
     </span>
    </p>
   </div>
   <div class='ocr_carea' id='block_1_22' title="bbox 159 2091 1753 2164">
    <p class='ocr_par' dir='ltr' id='par_1_22' title="bbox 159 2091 1753 2164">
     <span class='ocr_line' id='line_1_22' title="bbox 159 2091 1753 2164; baseline 0.001 -20"><span class='ocrx_word' id='word_1_152' title='bbox 159 2091 261 2156; x_wconf 85' lang='grc' dir='ltr'><strong><em>Τίς</em></strong></span> <span class='ocrx_word' id='word_1_153' title='bbox 313 2092 424 2164; x_wconf 81' lang='grc' dir='ltr'><strong><em>γὰρ</em></strong></span> <span class='ocrx_word' id='word_1_154' title='bbox 473 2091 767 2162; x_wconf 78' lang='grc' dir='ltr'>ἐξεζήτησε</span> <span class='ocrx_word' id='word_1_155' title='bbox 815 2092 988 2145; x_wconf 83' lang='grc' dir='ltr'>ταῦτα</span> <span class='ocrx_word' id='word_1_156' title='bbox 1035 2093 1100 2146; x_wconf 86' lang='grc' dir='ltr'><strong><em>ἐκ</em></strong></span> <span class='ocrx_word' id='word_1_157' title='bbox 1149 2092 1257 2146; x_wconf 90' lang='grc' dir='ltr'><strong><em>τῶν</em></strong></span> <span class='ocrx_word' id='word_1_158' title='bbox 1310 2091 1506 2163; x_wconf 87' lang='grc' dir='ltr'>χειρῶν</span> <span class='ocrx_word' id='word_1_159' title='bbox 1558 2093 1753 2164; x_wconf 89' lang='grc' dir='ltr'>ὐμῶν;</span> 
     </span>
    </p>
   </div>
   <div class='ocr_carea' id='block_1_23' title="bbox 163 2182 1754 2255">
    <p class='ocr_par' dir='ltr' id='par_1_23' title="bbox 163 2182 1754 2255">
     <span class='ocr_line' id='line_1_23' title="bbox 163 2182 1754 2255; baseline 0.001 -19"><span class='ocrx_word' id='word_1_160' title='bbox 163 2185 368 2236; x_wconf 77' lang='grc' dir='ltr'>Πατεῖν</span> <span class='ocrx_word' id='word_1_161' title='bbox 405 2183 503 2253; x_wconf 78' lang='grc' dir='ltr'><strong><em>τὴν</em></strong></span> <span class='ocrx_word' id='word_1_162' title='bbox 531 2182 702 2253; x_wconf 80' lang='grc' dir='ltr'>αὐλήν</span> <span class='ocrx_word' id='word_1_163' title='bbox 737 2199 838 2253; x_wconf 85' lang='grc' dir='ltr'><strong><em>μου</em></strong></span> <span class='ocrx_word' id='word_1_164' title='bbox 873 2182 934 2235; x_wconf 86' lang='grc' dir='ltr'><strong><em>οὐ</em></strong></span> <span class='ocrx_word' id='word_1_165' title='bbox 969 2182 1362 2255; x_wconf 80' lang='grc' dir='ltr'><strong><em>προσθήσεσθε.</em></strong></span> <span class='ocrx_word' id='word_1_166' title='bbox 1383 2183 1508 2237; x_wconf 81' lang='grc' dir='ltr'>Ἐὰν</span> <span class='ocrx_word' id='word_1_167' title='bbox 1554 2185 1754 2255; x_wconf 79' lang='grc' dir='ltr'>φέρητε</span> 
     </span>
    </p>
   </div>
   <div class='ocr_carea' id='block_1_24' title="bbox 163 2269 1750 2343">
    <p class='ocr_par' dir='ltr' id='par_1_24' title="bbox 163 2269 1750 2343">
     <span class='ocr_line' id='line_1_24' title="bbox 163 2269 1750 2343; baseline -0.001 -19"><span class='ocrx_word' id='word_1_168' title='bbox 163 2271 476 2341; x_wconf 79' lang='grc' dir='ltr'>σεμίδαλιν,</span> <span class='ocrx_word' id='word_1_169' title='bbox 512 2273 738 2342; x_wconf 87' lang='grc' dir='ltr'>μάταιον</span> <span class='ocrx_word' id='word_1_170' title='bbox 765 2287 778 2300; x_wconf 87' lang='grc'><strong>·</strong></span> <span class='ocrx_word' id='word_1_171' title='bbox 810 2269 1060 2342; x_wconf 86' lang='grc' dir='ltr'>θυμίαμα</span> <span class='ocrx_word' id='word_1_172' title='bbox 1108 2270 1384 2343; x_wconf 78' lang='grc' dir='ltr'>βδέλυγμα</span> <span class='ocrx_word' id='word_1_173' title='bbox 1433 2272 1523 2342; x_wconf 84' lang='grc' dir='ltr'><strong><em>μοί</em></strong></span> <span class='ocrx_word' id='word_1_174' title='bbox 1563 2274 1698 2327; x_wconf 85' lang='grc' dir='ltr'>ἐστι.</span> <span class='ocrx_word' id='word_1_175' title='bbox 1732 2291 1750 2323; x_wconf 77' lang='grc' dir='ltr'><strong><em>ι</em></strong></span> 
     </span>
    </p>
   </div>
   <div class='ocr_carea' id='block_1_25' title="bbox 161 2357 1759 2434">
    <p class='ocr_par' dir='ltr' id='par_1_25' title="bbox 161 2357 1759 2434">
     <span class='ocr_line' id='line_1_25' title="bbox 161 2357 1759 2434; baseline 0.001 -18"><span class='ocrx_word' id='word_1_176' title='bbox 161 2363 264 2416; x_wconf 78' lang='grc' dir='ltr'>Διά</span> <span class='ocrx_word' id='word_1_177' title='bbox 291 2364 350 2417; x_wconf 85' lang='grc' dir='ltr'><strong><em>δέ</em></strong></span> <span class='ocrx_word' id='word_1_178' title='bbox 380 2381 443 2432; x_wconf 84' lang='grc' dir='ltr'><strong><em>γε</em></strong></span> <span class='ocrx_word' id='word_1_179' title='bbox 480 2363 578 2433; x_wconf 79' lang='grc' dir='ltr'>τῆς</span> <span class='ocrx_word' id='word_1_180' title='bbox 617 2363 883 2433; x_wconf 85' lang='grc' dir='ltr'>Ἰερεμίου</span> <span class='ocrx_word' id='word_1_181' title='bbox 916 2362 1130 2432; x_wconf 80' lang='grc' dir='ltr'>φωνῆς·</span> <span class='ocrx_word' id='word_1_182' title='bbox 1173 2382 1192 2413; x_wconf 86' lang='grc'><strong><em>‹</em></strong></span> <span class='ocrx_word' id='word_1_183' title='bbox 1225 2363 1305 2416; x_wconf 80' lang='grc' dir='ltr'><strong><em>Τὰ</em></strong></span> <span class='ocrx_word' id='word_1_184' title='bbox 1330 2357 1759 2434; x_wconf 67' lang='grc' dir='ltr'><strong><em>ὁλοκαυτώματα</em></strong></span> 
     </span>
    </p>
   </div>
   <div class='ocr_carea' id='block_1_26' title="bbox 162 2453 1759 2525">
    <p class='ocr_par' dir='ltr' id='par_1_26' title="bbox 162 2453 1759 2525">
     <span class='ocr_line' id='line_1_26' title="bbox 162 2453 1759 2525; baseline 0 -17"><span class='ocrx_word' id='word_1_185' title='bbox 162 2454 327 2524; x_wconf 84' lang='grc' dir='ltr'>ὐμῶν</span> <span class='ocrx_word' id='word_1_186' title='bbox 349 2455 685 2524; x_wconf 79' lang='grc' dir='ltr'>συναγάγετε</span> <span class='ocrx_word' id='word_1_187' title='bbox 711 2454 850 2521; x_wconf 83' lang='grc' dir='ltr'><strong><em>μετά</em></strong></span> <span class='ocrx_word' id='word_1_188' title='bbox 877 2455 984 2508; x_wconf 88' lang='grc' dir='ltr'><strong><em>τῶν</em></strong></span> <span class='ocrx_word' id='word_1_189' title='bbox 1013 2453 1212 2508; x_wconf 83' lang='grc' dir='ltr'>θυσιῶν</span> <span class='ocrx_word' id='word_1_190' title='bbox 1243 2454 1416 2525; x_wconf 86' lang='grc' dir='ltr'>ὐμῶν,</span> <span class='ocrx_word' id='word_1_191' title='bbox 1441 2455 1532 2509; x_wconf 70' lang='grc' dir='ltr'><strong><em>καὶ</em></strong></span> <span class='ocrx_word' id='word_1_192' title='bbox 1557 2455 1759 2525; x_wconf 81' lang='grc' dir='ltr'>φάγετε</span> 
     </span>
    </p>
   </div>
   <div class='ocr_carea' id='block_1_27' title="bbox 163 2543 1761 2618">
    <p class='ocr_par' dir='ltr' id='par_1_27' title="bbox 163 2543 1761 2618">
     <span class='ocr_line' id='line_1_27' title="bbox 163 2543 1761 2618; baseline 0.001 -20"><span class='ocrx_word' id='word_1_193' title='bbox 163 2545 236 2598; x_wconf 73' lang='grc' dir='ltr'>τὰ</span> <span class='ocrx_word' id='word_1_194' title='bbox 268 2545 428 2616; x_wconf 84' lang='grc' dir='ltr'>κρέα,</span> <span class='ocrx_word' id='word_1_195' title='bbox 460 2546 539 2599; x_wconf 86' lang='grc' dir='ltr'><strong><em>ὅτι</em></strong></span> <span class='ocrx_word' id='word_1_196' title='bbox 571 2547 673 2599; x_wconf 84' lang='grc' dir='ltr'><strong><em>οὐκ</em></strong></span> <span class='ocrx_word' id='word_1_197' title='bbox 711 2545 954 2616; x_wconf 81' lang='grc' dir='ltr'>ἐλάλησα</span> <span class='ocrx_word' id='word_1_198' title='bbox 989 2543 1124 2615; x_wconf 74' lang='grc' dir='ltr'>πρὸς</span> <span class='ocrx_word' id='word_1_199' title='bbox 1152 2545 1277 2608; x_wconf 72' lang='grc' dir='ltr'>τοὺς</span> <span class='ocrx_word' id='word_1_200' title='bbox 1317 2546 1560 2617; x_wconf 81' lang='grc' dir='ltr'>πατέρας</span> <span class='ocrx_word' id='word_1_201' title='bbox 1608 2545 1761 2618; x_wconf 86' lang='grc' dir='ltr'>ὐμῶν</span> 
     </span>
    </p>
   </div>
   <div class='ocr_carea' id='block_1_28' title="bbox 161 2631 1761 2712">
    <p class='ocr_par' dir='ltr' id='par_1_28' title="bbox 161 2631 1761 2712">
     <span class='ocr_line' id='line_1_28' title="bbox 161 2631 1761 2712; baseline 0 -22"><span class='ocrx_word' id='word_1_202' title='bbox 161 2637 300 2709; x_wconf 68' lang='grc' dir='ltr'>περὶ</span> <span class='ocrx_word' id='word_1_203' title='bbox 326 2638 800 2709; x_wconf 77' lang='grc' dir='ltr'>ὁλοκαυτωμάτων</span> <span class='ocrx_word' id='word_1_204' title='bbox 827 2638 920 2694; x_wconf 76' lang='grc' dir='ltr'><strong><em>καὶ</em></strong></span> <span class='ocrx_word' id='word_1_205' title='bbox 951 2637 1171 2703; x_wconf 81' lang='grc' dir='ltr'>θυσιῶν,</span> <span class='ocrx_word' id='word_1_206' title='bbox 1191 2637 1246 2692; x_wconf 87' lang='grc' dir='ltr'><strong><em>ἐν</em></strong></span> <span class='ocrx_word' id='word_1_207' title='bbox 1345 2638 1528 2710; x_wconf 77' lang='grc' dir='ltr'>ἡμέρᾳ</span> <span class='ocrx_word' id='word_1_208' title='bbox 1554 2639 1761 2710; x_wconf 72' lang='grc' dir='ltr'>ἀνήγαο</span> 
     </span>
    </p>
   </div>
   <div class='ocr_carea' id='block_1_29' title="bbox 160 2729 1763 2806">
    <p class='ocr_par' dir='ltr' id='par_1_29' title="bbox 160 2729 1763 2806">
     <span class='ocr_line' id='line_1_29' title="bbox 160 2729 1763 2806; baseline -0.001 -23"><span class='ocrx_word' id='word_1_209' title='bbox 160 2745 266 2804; x_wconf 85' lang='grc' dir='ltr'><strong><em>γον</em></strong></span> <span class='ocrx_word' id='word_1_210' title='bbox 315 2729 514 2799; x_wconf 69' lang='grc' dir='ltr'>αὐτοὺς</span> <span class='ocrx_word' id='word_1_211' title='bbox 556 2731 622 2788; x_wconf 82' lang='grc' dir='ltr'>ἐκ</span> <span class='ocrx_word' id='word_1_212' title='bbox 665 2733 770 2806; x_wconf 81' lang='grc' dir='ltr'>γῆς</span> <span class='ocrx_word' id='word_1_213' title='bbox 816 2732 1114 2802; x_wconf 83' lang='grc' dir='ltr'>Αἰγύπτου.</span> <span class='ocrx_word' id='word_1_214' title='bbox 1153 2751 1171 2782; x_wconf 75' lang='grc' dir='ltr'><strong><em>ι</em></strong></span> <span class='ocrx_word' id='word_1_215' title='bbox 1227 2731 1610 2793; x_wconf 83' lang='grc' dir='ltr'>’Υποτύπωσις</span> <span class='ocrx_word' id='word_1_216' title='bbox 1653 2729 1763 2803; x_wconf 80' lang='grc' dir='ltr'>γὰρ</span> 
     </span>
    </p>
   </div>
   <div class='ocr_carea' id='block_1_30' title="bbox 159 2823 1764 2900">
    <p class='ocr_par' dir='ltr' id='par_1_30' title="bbox 159 2823 1764 2900">
     <span class='ocr_line' id='line_1_30' title="bbox 159 2823 1764 2900; baseline -0.004 -18"><span class='ocrx_word' id='word_1_217' title='bbox 159 2827 384 2900; x_wconf 81' lang='grc' dir='ltr'>ὥσπερ,</span> <span class='ocrx_word' id='word_1_218' title='bbox 422 2825 518 2882; x_wconf 77' lang='grc' dir='ltr'>καὶ</span> <span class='ocrx_word' id='word_1_219' title='bbox 552 2824 1008 2898; x_wconf 83' lang='grc' dir='ltr'>προαναφώνησις</span> <span class='ocrx_word' id='word_1_220' title='bbox 1045 2825 1143 2895; x_wconf 80' lang='grc' dir='ltr'>τῆς</span> <span class='ocrx_word' id='word_1_221' title='bbox 1171 2825 1230 2876; x_wconf 82' lang='grc' dir='ltr'><strong><em>ἐν</em></strong></span> <span class='ocrx_word' id='word_1_222' title='bbox 1260 2823 1532 2894; x_wconf 83' lang='grc' dir='ltr'>πνεύματί</span> <span class='ocrx_word' id='word_1_223' title='bbox 1579 2840 1638 2875; x_wconf 90' lang='grc' dir='ltr'><strong><em>τε</em></strong></span> <span class='ocrx_word' id='word_1_224' title='bbox 1670 2823 1764 2877; x_wconf 80' lang='grc' dir='ltr'>καὶ</span> 
     </span>
    </p>
   </div>
   <div class='ocr_carea' id='block_1_31' title="bbox 161 2911 1764 2991">
    <p class='ocr_par' dir='ltr' id='par_1_31' title="bbox 161 2911 1764 2991">
     <span class='ocr_line' id='line_1_31' title="bbox 161 2911 1764 2991; baseline -0.006 -17"><span class='ocrx_word' id='word_1_225' title='bbox 161 2919 412 2991; x_wconf 77' lang='grc' dir='ltr'>ἀληθοῦς</span> <span class='ocrx_word' id='word_1_226' title='bbox 433 2919 689 2990; x_wconf 75' lang='grc' dir='ltr'>λατρείας</span> <span class='ocrx_word' id='word_1_227' title='bbox 714 2921 744 2972; x_wconf 86' lang='grc' dir='ltr'><strong>ὁ</strong></span> <span class='ocrx_word' id='word_1_228' title='bbox 769 2917 932 2988; x_wconf 78' lang='grc' dir='ltr'>νόμος</span> <span class='ocrx_word' id='word_1_229' title='bbox 958 2911 1045 2988; x_wconf 76' lang='grc' dir='ltr'>ἦν,</span> <span class='ocrx_word' id='word_1_230' title='bbox 1083 2933 1102 2966; x_wconf 80' lang='grc' dir='ltr'><strong><em>ι</em></strong></span> <span class='ocrx_word' id='word_1_231' title='bbox 1134 2916 1226 2968; x_wconf 68' lang='grc' dir='ltr'><strong><em>καὶ</em></strong></span> <span class='ocrx_word' id='word_1_232' title='bbox 1253 2913 1597 2984; x_wconf 86' lang='grc' dir='ltr'>δικαιώματα</span> <span class='ocrx_word' id='word_1_233' title='bbox 1630 2931 1764 2985; x_wconf 79' lang='grc' dir='ltr'>σαρ-</span> 
     </span>
    </p>
   </div>
   <div class='ocr_carea' id='block_1_32' title="bbox 162 3001 1763 3079">
    <p class='ocr_par' dir='ltr' id='par_1_32' title="bbox 162 3001 1763 3079">
     <span class='ocr_line' id='line_1_32' title="bbox 162 3001 1763 3079; baseline -0.006 -14"><span class='ocrx_word' id='word_1_234' title='bbox 162 3013 289 3076; x_wconf 73' lang='grc' dir='ltr'>κὸς,</span> <span class='ocrx_word' id='word_1_235' title='bbox 347 3011 424 3074; x_wconf 83' lang='grc' dir='ltr'>ὡς</span> <span class='ocrx_word' id='word_1_236' title='bbox 472 3007 757 3071; x_wconf 80' lang='grc' dir='ltr'>Θεσπέσιος</span> <span class='ocrx_word' id='word_1_237' title='bbox 803 3008 1003 3079; x_wconf 83' lang='grc' dir='ltr'>γράφει</span> <span class='ocrx_word' id='word_1_238' title='bbox 1052 3005 1301 3069; x_wconf 80' lang='grc' dir='ltr'>Παῦλος,</span> <span class='ocrx_word' id='word_1_239' title='bbox 1357 3003 1520 3075; x_wconf 83' lang='grc' dir='ltr'>μέχρι</span> <span class='ocrx_word' id='word_1_240' title='bbox 1570 3001 1763 3074; x_wconf 84' lang='grc' dir='ltr'>καιροῦ</span> 
     </span>
    </p>
   </div>
   <div class='ocr_carea' id='block_1_33' title="bbox 161 3093 1763 3174">
    <p class='ocr_par' dir='ltr' id='par_1_33' title="bbox 161 3093 1763 3174">
     <span class='ocr_line' id='line_1_33' title="bbox 161 3093 1763 3174; baseline -0.006 -18"><span class='ocrx_word' id='word_1_241' title='bbox 161 3101 514 3174; x_wconf 79' lang='grc' dir='ltr'>διορθώσεως</span> <span class='ocrx_word' id='word_1_242' title='bbox 548 3099 889 3169; x_wconf 82' lang='grc' dir='ltr'>ἐπικείμενα.</span> <span class='ocrx_word' id='word_1_243' title='bbox 927 3116 945 3148; x_wconf 72' lang='grc' dir='ltr'><strong><em>ι</em></strong></span> <span class='ocrx_word' id='word_1_244' title='bbox 987 3098 1046 3149; x_wconf 83' lang='grc' dir='ltr'><strong><em>ὐ</em></strong></span> <span class='ocrx_word' id='word_1_245' title='bbox 1091 3097 1148 3149; x_wconf 88' lang='grc' dir='ltr'><strong><em>δέ</em></strong></span> <span class='ocrx_word' id='word_1_246' title='bbox 1201 3112 1264 3164; x_wconf 86' lang='grc' dir='ltr'><strong><em>γε</em></strong></span> <span class='ocrx_word' id='word_1_247' title='bbox 1316 3095 1416 3164; x_wconf 77' lang='grc' dir='ltr'><strong><em>τῆς</em></strong></span> <span class='ocrx_word' id='word_1_248' title='bbox 1452 3093 1763 3164; x_wconf 79' lang='grc' dir='ltr'>ἐπανορθώ-</span> 
     </span>
    </p>
   </div>
   <div class='ocr_carea' id='block_1_34' title="bbox 166 3183 1835 3282">
    <p class='ocr_par' dir='ltr' id='par_1_34' title="bbox 166 3183 1835 3282">
     <span class='ocr_line' id='line_1_34' title="bbox 166 3183 1835 3282; baseline -0.007 -34"><span class='ocrx_word' id='word_1_249' title='bbox 166 3212 315 3256; x_wconf 82' lang='grc' dir='ltr'>σεως</span> <span class='ocrx_word' id='word_1_250' title='bbox 364 3194 554 3264; x_wconf 78' lang='grc' dir='ltr'>καιρὸς</span> <span class='ocrx_word' id='word_1_251' title='bbox 590 3193 676 3264; x_wconf 74' lang='grc' dir='ltr'><strong><em>εἴη</em></strong></span> <span class='ocrx_word' id='word_1_252' title='bbox 707 3190 770 3245; x_wconf 81' lang='grc' dir='ltr'>ἂν</span> <span class='ocrx_word' id='word_1_253' title='bbox 800 3191 900 3260; x_wconf 79' lang='grc' dir='ltr'>οὐχ</span> <span class='ocrx_word' id='word_1_254' title='bbox 928 3189 1136 3260; x_wconf 75' lang='grc' dir='ltr'>ἔτερος,</span> <span class='ocrx_word' id='word_1_255' title='bbox 1164 3183 1340 3258; x_wconf 80' lang='grc' dir='ltr'>οἶμαι,</span> <span class='ocrx_word' id='word_1_256' title='bbox 1376 3188 1458 3250; x_wconf 67' lang='grc' dir='ltr'><strong><em>τὶς</em></strong></span> <span class='ocrx_word' id='word_1_257' title='bbox 1489 3185 1638 3257; x_wconf 85' lang='grc' dir='ltr'><strong><em>παρὰ</em></strong></span> <span class='ocrx_word' id='word_1_258' title='bbox 1666 3185 1766 3255; x_wconf 75' lang='grc' dir='ltr'><strong><em>τὴν</em></strong></span> <span class='ocrx_word' id='word_1_259' title='bbox 1792 3226 1835 3282; x_wconf 75' lang='lat' dir='ltr'><strong><em>C</em></strong></span> 
     </span>
    </p>
   </div>
   <div class='ocr_carea' id='block_1_35' title="bbox 163 3275 1767 3356">
    <p class='ocr_par' dir='ltr' id='par_1_35' title="bbox 163 3275 1767 3356">
     <span class='ocr_line' id='line_1_35' title="bbox 163 3275 1767 3356; baseline -0.007 -16"><span class='ocrx_word' id='word_1_260' title='bbox 163 3285 266 3340; x_wconf 83' lang='grc' dir='ltr'><strong><em>τοῦ</em></strong></span> <span class='ocrx_word' id='word_1_261' title='bbox 303 3279 555 3356; x_wconf 78' lang='grc' dir='ltr'>Σωτῆρος</span> <span class='ocrx_word' id='word_1_262' title='bbox 587 3283 742 3355; x_wconf 82' lang='grc' dir='ltr'>ἡμῶν</span> <span class='ocrx_word' id='word_1_263' title='bbox 776 3281 1093 3352; x_wconf 79' lang='grc' dir='ltr'>ἐπιδημίαν,</span> <span class='ocrx_word' id='word_1_264' title='bbox 1128 3279 1217 3331; x_wconf 85' lang='grc' dir='ltr'><strong><em>ὅτε</em></strong></span> <span class='ocrx_word' id='word_1_265' title='bbox 1254 3277 1345 3332; x_wconf 71' lang='grc' dir='ltr'><strong><em>καὶ</em></strong></span> <span class='ocrx_word' id='word_1_266' title='bbox 1376 3279 1408 3348; x_wconf 86' lang='grc' dir='ltr'><strong>ἡ</strong></span> <span class='ocrx_word' id='word_1_267' title='bbox 1441 3275 1632 3348; x_wconf 80' lang='grc' dir='ltr'>πρώτη</span> <span class='ocrx_word' id='word_1_268' title='bbox 1664 3277 1767 3347; x_wconf 83' lang='grc' dir='ltr'>μὲν</span> 
     </span>
    </p>
   </div>
   <div class='ocr_carea' id='block_1_36' title="bbox 164 3365 1768 3443">
    <p class='ocr_par' dir='ltr' id='par_1_36' title="bbox 164 3365 1768 3443">
     <span class='ocr_line' id='line_1_36' title="bbox 164 3365 1768 3443; baseline -0.01 -11"><span class='ocrx_word' id='word_1_269' title='bbox 164 3377 416 3438; x_wconf 79' lang='grc' dir='ltr'>διάθεσις</span> <span class='ocrx_word' id='word_1_270' title='bbox 441 3375 528 3428; x_wconf 81' lang='grc' dir='ltr'><strong><em>διὰ</em></strong></span> <span class='ocrx_word' id='word_1_271' title='bbox 551 3374 633 3436; x_wconf 81' lang='grc' dir='ltr'><strong><em>τὸ,</em></strong></span> <span class='ocrx_word' id='word_1_272' title='bbox 658 3373 720 3426; x_wconf 78' lang='grc' dir='ltr'>τὸ</span> <span class='ocrx_word' id='word_1_273' title='bbox 754 3372 1044 3443; x_wconf 78' lang='grc' dir='ltr'>ἄμεμπτον</span> <span class='ocrx_word' id='word_1_274' title='bbox 1077 3368 1177 3421; x_wconf 83' lang='grc' dir='ltr'><strong><em>οὐκ</em></strong></span> <span class='ocrx_word' id='word_1_275' title='bbox 1207 3368 1373 3438; x_wconf 78' lang='grc' dir='ltr'>ἔχειν,</span> <span class='ocrx_word' id='word_1_276' title='bbox 1403 3365 1768 3436; x_wconf 75' lang='grc' dir='ltr'>ἀφανισθῆναι</span> 
     </span>
    </p>
   </div>
   <div class='ocr_carea' id='block_1_37' title="bbox 167 3457 1770 3534">
    <p class='ocr_par' dir='ltr' id='par_1_37' title="bbox 167 3457 1770 3534">
     <span class='ocr_line' id='line_1_37' title="bbox 167 3457 1770 3534; baseline -0.007 -14"><span class='ocrx_word' id='word_1_277' title='bbox 167 3467 434 3534; x_wconf 84' lang='grc' dir='ltr'>λέγεται·</span> <span class='ocrx_word' id='word_1_278' title='bbox 476 3463 791 3534; x_wconf 84' lang='grc' dir='ltr'>ἐπαλσιώθη</span> <span class='ocrx_word' id='word_1_279' title='bbox 819 3463 948 3534; x_wconf 76' lang='grc' dir='ltr'>γάρ’</span> <span class='ocrx_word' id='word_1_280' title='bbox 982 3465 1081 3532; x_wconf 75' lang='grc' dir='ltr'>τῆς</span> <span class='ocrx_word' id='word_1_281' title='bbox 1111 3478 1174 3528; x_wconf 88' lang='grc' dir='ltr'><strong><em>γε</em></strong></span> <span class='ocrx_word' id='word_1_282' title='bbox 1207 3460 1312 3531; x_wconf 78' lang='grc' dir='ltr'>μὴν</span> <span class='ocrx_word' id='word_1_283' title='bbox 1345 3459 1472 3522; x_wconf 82' lang='grc' dir='ltr'>νέας</span> <span class='ocrx_word' id='word_1_284' title='bbox 1520 3457 1612 3510; x_wconf 72' lang='grc' dir='ltr'>καὶ</span> <span class='ocrx_word' id='word_1_285' title='bbox 1651 3457 1770 3508; x_wconf 83' lang='grc' dir='ltr'>δευ-</span> 
     </span>
    </p>
   </div>
   <div class='ocr_carea' id='block_1_38' title="bbox 169 3545 1767 3630">
    <p class='ocr_par' dir='ltr' id='par_1_38' title="bbox 169 3545 1767 3630">
     <span class='ocr_line' id='line_1_38' title="bbox 169 3545 1767 3630; baseline -0.009 -18"><span class='ocrx_word' id='word_1_286' title='bbox 169 3561 341 3630; x_wconf 77' lang='grc' dir='ltr'>τέρας</span> <span class='ocrx_word' id='word_1_287' title='bbox 372 3556 606 3630; x_wconf 64' lang='grc' dir='ltr'>ἐξῃτήθη</span> <span class='ocrx_word' id='word_1_288' title='bbox 635 3557 821 3619; x_wconf 85' lang='grc' dir='ltr'>τόπος,</span> <span class='ocrx_word' id='word_1_289' title='bbox 853 3555 886 3624; x_wconf 66' lang='grc' dir='ltr'>ἦ</span> <span class='ocrx_word' id='word_1_290' title='bbox 921 3553 1014 3605; x_wconf 69' lang='grc' dir='ltr'><strong><em>καὶ</em></strong></span> <span class='ocrx_word' id='word_1_291' title='bbox 1061 3551 1260 3614; x_wconf 81' lang='grc' dir='ltr'>παντὸς</span> <span class='ocrx_word' id='word_1_292' title='bbox 1289 3550 1546 3602; x_wconf 82' lang='grc' dir='ltr'>ἐπέκεινα</span> <span class='ocrx_word' id='word_1_293' title='bbox 1577 3545 1767 3618; x_wconf 90' lang='grc' dir='ltr'>μώμου</span> 
     </span>
    </p>
   </div>
   <div class='ocr_carea' id='block_1_39' title="bbox 168 3637 1770 3714">
    <p class='ocr_par' dir='ltr' id='par_1_39' title="bbox 168 3637 1770 3714">
     <span class='ocr_line' id='line_1_39' title="bbox 168 3637 1770 3714; baseline -0.008 -12"><span class='ocrx_word' id='word_1_294' title='bbox 168 3669 234 3704; x_wconf 84' lang='grc' dir='ltr'><strong><em>τε</em></strong></span> <span class='ocrx_word' id='word_1_295' title='bbox 283 3649 380 3702; x_wconf 74' lang='grc' dir='ltr'><strong><em>καὶ</em></strong></span> <span class='ocrx_word' id='word_1_296' title='bbox 426 3649 603 3710; x_wconf 79' lang='grc' dir='ltr'>αἰτίας</span> <span class='ocrx_word' id='word_1_297' title='bbox 642 3647 779 3700; x_wconf 90' lang='grc' dir='ltr'>ἐστί.</span> <span class='ocrx_word' id='word_1_298' title='bbox 811 3645 1092 3714; x_wconf 87' lang='grc' dir='ltr'>Λελάληκε</span> <span class='ocrx_word' id='word_1_299' title='bbox 1124 3643 1230 3714; x_wconf 82' lang='grc' dir='ltr'>γὰρ</span> <span class='ocrx_word' id='word_1_300' title='bbox 1263 3642 1328 3694; x_wconf 83' lang='grc' dir='ltr'>δι’</span> <span class='ocrx_word' id='word_1_301' title='bbox 1363 3641 1553 3710; x_wconf 82' lang='grc' dir='ltr'>αὐτῆς,</span> <span class='ocrx_word' id='word_1_302' title='bbox 1586 3639 1644 3701; x_wconf 84' lang='grc' dir='ltr'>ὃς</span> <span class='ocrx_word' id='word_1_303' title='bbox 1677 3637 1770 3690; x_wconf 71' lang='grc' dir='ltr'>καὶ</span> 
     </span>
    </p>
   </div>
   <div class='ocr_carea' id='block_1_40' title="bbox 180 3731 1769 3813">
    <p class='ocr_par' dir='ltr' id='par_1_40' title="bbox 180 3731 1769 3813">
     <span class='ocr_line' id='line_1_40' title="bbox 180 3731 1769 3813; baseline -0.008 -18"><span class='ocrx_word' id='word_1_304' title='bbox 180 3762 198 3794; x_wconf 80' lang='grc' dir='ltr'><strong><em>ι</em></strong></span> <span class='ocrx_word' id='word_1_305' title='bbox 233 3741 487 3813; x_wconf 79' lang='grc' dir='ltr'>μεγάλης</span> <span class='ocrx_word' id='word_1_306' title='bbox 522 3737 718 3810; x_wconf 83' lang='grc' dir='ltr'>βουλῆς</span> <span class='ocrx_word' id='word_1_307' title='bbox 747 3737 1012 3806; x_wconf 75' lang='grc' dir='ltr'>Ἀγγελος</span> <span class='ocrx_word' id='word_1_308' title='bbox 1047 3756 1064 3788; x_wconf 77' lang='grc' dir='ltr'><strong><em>ι</em></strong></span> <span class='ocrx_word' id='word_1_309' title='bbox 1113 3735 1449 3805; x_wconf 80' lang='grc' dir='ltr'>ὠνόμασται.</span> <span class='ocrx_word' id='word_1_310' title='bbox 1479 3731 1769 3802; x_wconf 85' lang='grc' dir='ltr'>Τοιγάρτοι</span> 
     </span>
    </p>
   </div>
   <div class='ocr_carea' id='block_1_41' title="bbox 173 3819 1769 3900">
    <p class='ocr_par' dir='ltr' id='par_1_41' title="bbox 173 3819 1769 3900">
     <span class='ocr_line' id='line_1_41' title="bbox 173 3819 1769 3900; baseline -0.009 -14"><span class='ocrx_word' id='word_1_311' title='bbox 173 3834 277 3886; x_wconf 71' lang='grc' dir='ltr'><strong><em>καὶ</em></strong></span> <span class='ocrx_word' id='word_1_312' title='bbox 305 3832 576 3900; x_wconf 68' lang='grc' dir='ltr'>ἔφασκενο</span> <span class='ocrx_word' id='word_1_313' title='bbox 619 3847 637 3879; x_wconf 78' lang='grc' dir='ltr'><strong><em>ι</em></strong></span> <span class='ocrx_word' id='word_1_314' title='bbox 663 3828 780 3881; x_wconf 77' lang='grc' dir='ltr'><strong><em>Ἀπ’</em></strong></span> <span class='ocrx_word' id='word_1_315' title='bbox 811 3825 1052 3898; x_wconf 80' lang='grc' dir='ltr'>ἐμαυτοῦ</span> <span class='ocrx_word' id='word_1_316' title='bbox 1082 3825 1143 3878; x_wconf 90' lang='grc' dir='ltr'><strong><em>οὐ</em></strong></span> <span class='ocrx_word' id='word_1_317' title='bbox 1175 3824 1342 3887; x_wconf 87' lang='grc' dir='ltr'>λαλῶ,</span> <span class='ocrx_word' id='word_1_318' title='bbox 1366 3821 1481 3876; x_wconf 87' lang='grc' dir='ltr'>ἀλλ’</span> <span class='ocrx_word' id='word_1_319' title='bbox 1499 3823 1527 3874; x_wconf 83' lang='grc' dir='ltr'><strong>ὁ</strong></span> <span class='ocrx_word' id='word_1_320' title='bbox 1549 3819 1769 3890; x_wconf 73' lang='grc' dir='ltr'>πέμψας</span> 
     </span>
    </p>
   </div>
   <div class='ocr_carea' id='block_1_42' title="bbox 174 3911 1770 3995">
    <p class='ocr_par' dir='ltr' id='par_1_42' title="bbox 174 3911 1770 3995">
     <span class='ocr_line' id='line_1_42' title="bbox 174 3911 1770 3995; baseline -0.01 -16"><span class='ocrx_word' id='word_1_321' title='bbox 174 3943 250 3995; x_wconf 86' lang='grc' dir='ltr'><strong><em>με</em></strong></span> <span class='ocrx_word' id='word_1_322' title='bbox 285 3923 499 3995; x_wconf 79' lang='grc' dir='ltr'>Πατὴρ,</span> <span class='ocrx_word' id='word_1_323' title='bbox 534 3921 696 3984; x_wconf 83' lang='grc' dir='ltr'>αὐτός</span> <span class='ocrx_word' id='word_1_324' title='bbox 724 3937 815 3992; x_wconf 89' lang='grc' dir='ltr'><strong><em>μοι</em></strong></span> <span class='ocrx_word' id='word_1_325' title='bbox 843 3919 1060 3990; x_wconf 80' lang='grc' dir='ltr'>ἐντολὴν</span> <span class='ocrx_word' id='word_1_326' title='bbox 1085 3918 1306 3982; x_wconf 86' lang='grc' dir='ltr'>δέδωκε,</span> <span class='ocrx_word' id='word_1_327' title='bbox 1329 3915 1381 3968; x_wconf 82' lang='grc' dir='ltr'><strong><em>τί</em></strong></span> <span class='ocrx_word' id='word_1_328' title='bbox 1409 3915 1568 3978; x_wconf 74' lang='grc' dir='ltr'>εἴπω,</span> <span class='ocrx_word' id='word_1_329' title='bbox 1602 3915 1695 3966; x_wconf 70' lang='grc' dir='ltr'><strong><em>καὶ</em></strong></span> <span class='ocrx_word' id='word_1_330' title='bbox 1717 3911 1770 3964; x_wconf 85' lang='grc' dir='ltr'><strong><em>τί</em></strong></span> 
     </span>
    </p>
   </div>
   <div class='ocr_carea' id='block_1_43' title="bbox 171 4005 1771 4085">
    <p class='ocr_par' dir='ltr' id='par_1_43' title="bbox 171 4005 1771 4085">
     <span class='ocr_line' id='line_1_43' title="bbox 171 4005 1771 4085; baseline -0.007 -17"><span class='ocrx_word' id='word_1_331' title='bbox 171 4016 426 4085; x_wconf 77' lang='grc' dir='ltr'>λαλήσω.</span> <span class='ocrx_word' id='word_1_332' title='bbox 463 4035 482 4066; x_wconf 70' lang='grc' dir='ltr'><strong><em>ι</em></strong></span> <span class='ocrx_word' id='word_1_333' title='bbox 517 4016 663 4084; x_wconf 84' lang='grc' dir='ltr'>Ἔφη</span> <span class='ocrx_word' id='word_1_334' title='bbox 705 4011 884 4066; x_wconf 83' lang='grc' dir='ltr'>τοίνυν</span> <span class='ocrx_word' id='word_1_335' title='bbox 918 4011 1164 4080; x_wconf 76' lang='grc' dir='ltr'>ἐναργῶς</span> <span class='ocrx_word' id='word_1_336' title='bbox 1199 4011 1311 4072; x_wconf 86' lang='grc' dir='ltr'>τοῖς</span> <span class='ocrx_word' id='word_1_337' title='bbox 1339 4008 1478 4061; x_wconf 83' lang='grc' dir='ltr'><strong><em>κατά</em></strong></span> <span class='ocrx_word' id='word_1_338' title='bbox 1505 4006 1668 4077; x_wconf 85' lang='grc' dir='ltr'>νόμον</span> <span class='ocrx_word' id='word_1_339' title='bbox 1703 4005 1771 4058; x_wconf 84' lang='grc' dir='ltr'><strong><em>ἰε-</em></strong></span> 
     </span>
    </p>
   </div>
   <div class='ocr_carea' id='block_1_44' title="bbox 176 4096 1767 4178">
    <p class='ocr_par' dir='ltr' id='par_1_44' title="bbox 176 4096 1767 4178">
     <span class='ocr_line' id='line_1_44' title="bbox 176 4096 1767 4178; baseline -0.008 -17"><span class='ocrx_word' id='word_1_340' title='bbox 176 4107 530 4178; x_wconf 81' lang='grc' dir='ltr'>ρατεύουσιν,</span> <span class='ocrx_word' id='word_1_341' title='bbox 559 4105 635 4166; x_wconf 88' lang='grc' dir='ltr'><strong><em>ώς</em></strong></span> <span class='ocrx_word' id='word_1_342' title='bbox 671 4102 984 4172; x_wconf 83' lang='grc' dir='ltr'>ἀνεθέλητοί</span> <span class='ocrx_word' id='word_1_343' title='bbox 1012 4101 1071 4155; x_wconf 84' lang='grc' dir='ltr'><strong><em>τέ</em></strong></span> <span class='ocrx_word' id='word_1_344' title='bbox 1098 4103 1234 4154; x_wconf 84' lang='grc' dir='ltr'>εἰσιν</span> <span class='ocrx_word' id='word_1_345' title='bbox 1257 4099 1426 4170; x_wconf 79' lang='grc' dir='ltr'>αὐτῷ,</span> <span class='ocrx_word' id='word_1_346' title='bbox 1466 4097 1665 4168; x_wconf 80' lang='grc' dir='ltr'>μᾶλλον</span> <span class='ocrx_word' id='word_1_347' title='bbox 1689 4096 1767 4161; x_wconf 81' lang='grc' dir='ltr'><strong><em>δὲ,</em></strong></span> 
     </span>
    </p>
   </div>
   <div class='ocr_carea' id='block_1_45' title="bbox 172 4185 1770 4264">
    <p class='ocr_par' dir='ltr' id='par_1_45' title="bbox 172 4185 1770 4264">
     <span class='ocr_line' id='line_1_45' title="bbox 172 4185 1770 4264; baseline -0.008 -15"><span class='ocrx_word' id='word_1_348' title='bbox 172 4197 254 4260; x_wconf 81' lang='grc' dir='ltr'>ὠς</span> <span class='ocrx_word' id='word_1_349' title='bbox 287 4198 346 4249; x_wconf 83' lang='grc' dir='ltr'><strong><em>ἐν</em></strong></span> <span class='ocrx_word' id='word_1_350' title='bbox 378 4195 562 4255; x_wconf 87' lang='grc' dir='ltr'>αὐτοῖς</span> <span class='ocrx_word' id='word_1_351' title='bbox 588 4193 689 4246; x_wconf 90' lang='grc' dir='ltr'><strong><em>οὐκ</em></strong></span> <span class='ocrx_word' id='word_1_352' title='bbox 719 4192 832 4264; x_wconf 76' lang='grc' dir='ltr'>ἔχει</span> <span class='ocrx_word' id='word_1_353' title='bbox 862 4191 1165 4262; x_wconf 83' lang='grc' dir='ltr'>θελήματα,</span> <span class='ocrx_word' id='word_1_354' title='bbox 1191 4190 1250 4242; x_wconf 84' lang='grc' dir='ltr'><strong><em>ἐν</em></strong></span> <span class='ocrx_word' id='word_1_355' title='bbox 1289 4191 1419 4260; x_wconf 81' lang='grc' dir='ltr'>σκιᾷ</span> <span class='ocrx_word' id='word_1_356' title='bbox 1444 4188 1540 4242; x_wconf 50' lang='grc' dir='ltr'><strong><em>καὶ⁸</em></strong></span> <span class='ocrx_word' id='word_1_357' title='bbox 1579 4185 1770 4248; x_wconf 84' lang='grc' dir='ltr'>τύποις</span> 
     </span>
    </p>
   </div>
   <div class='ocr_carea' id='block_1_46' title="bbox 175 4275 1772 4358">
    <p class='ocr_par' dir='ltr' id='par_1_46' title="bbox 175 4275 1772 4358">
     <span class='ocr_line' id='line_1_46' title="bbox 175 4275 1772 4358; baseline -0.006 -18"><span class='ocrx_word' id='word_1_358' title='bbox 175 4285 458 4358; x_wconf 85' lang='grc' dir='ltr'>πληροῦσι</span> <span class='ocrx_word' id='word_1_359' title='bbox 500 4285 710 4349; x_wconf 87' lang='grc' dir='ltr'>θυσίας,</span> <span class='ocrx_word' id='word_1_360' title='bbox 741 4283 837 4337; x_wconf 74' lang='grc' dir='ltr'>καὶ</span> <span class='ocrx_word' id='word_1_361' title='bbox 883 4282 959 4346; x_wconf 86' lang='grc' dir='ltr'><strong><em>ὡς</em></strong></span> <span class='ocrx_word' id='word_1_362' title='bbox 995 4283 1097 4336; x_wconf 87' lang='grc' dir='ltr'><strong><em>οὐκ</em></strong></span> <span class='ocrx_word' id='word_1_363' title='bbox 1138 4279 1203 4335; x_wconf 85' lang='grc' dir='ltr'><strong><em>ἂν</em></strong></span> <span class='ocrx_word' id='word_1_364' title='bbox 1248 4279 1600 4350; x_wconf 80' lang='grc' dir='ltr'>προσδέξαιτο</span> <span class='ocrx_word' id='word_1_365' title='bbox 1631 4275 1772 4348; x_wconf 77' lang='grc' dir='ltr'>παρ’</span> 
     </span>
    </p>
   </div>
   <div class='ocr_carea' id='block_1_47' title="bbox 175 4369 1772 4448">
    <p class='ocr_par' dir='ltr' id='par_1_47' title="bbox 175 4369 1772 4448">
     <span class='ocr_line' id='line_1_47' title="bbox 175 4369 1772 4448; baseline -0.007 -16"><span class='ocrx_word' id='word_1_366' title='bbox 175 4378 366 4432; x_wconf 87' lang='grc' dir='ltr'>αὐτῶν</span> <span class='ocrx_word' id='word_1_367' title='bbox 396 4376 464 4431; x_wconf 83' lang='grc' dir='ltr'>τὰ</span> <span class='ocrx_word' id='word_1_368' title='bbox 500 4373 947 4448; x_wconf 84' lang='grc' dir='ltr'>ἱερουργούμενα.</span> <span class='ocrx_word' id='word_1_369' title='bbox 976 4372 1344 4444; x_wconf 72' lang='grc' dir='ltr'>[προαγορεύει</span> <span class='ocrx_word' id='word_1_370' title='bbox 1392 4371 1450 4424; x_wconf 86' lang='grc' dir='ltr'>δὲ</span> <span class='ocrx_word' id='word_1_371' title='bbox 1494 4371 1574 4424; x_wconf 86' lang='grc' dir='ltr'>ὅτι</span> <span class='ocrx_word' id='word_1_372' title='bbox 1630 4369 1772 4440; x_wconf 83' lang='grc' dir='ltr'>μέγα</span> 
     </span>
    </p>
   </div>
   <div class='ocr_carea' id='block_1_48' title="bbox 177 4458 1773 4534">
    <p class='ocr_par' dir='ltr' id='par_1_48' title="bbox 177 4458 1773 4534">
     <span class='ocr_line' id='line_1_48' title="bbox 177 4458 1773 4534; baseline -0.005 -15"><span class='ocrx_word' id='word_1_373' title='bbox 177 4469 280 4520; x_wconf 74' lang='grc' dir='ltr'><strong><em>καὶ</em></strong></span> <span class='ocrx_word' id='word_1_374' title='bbox 326 4465 592 4534; x_wconf 81' lang='grc' dir='ltr'>ἐπιφανὲς</span> <span class='ocrx_word' id='word_1_375' title='bbox 635 4463 785 4517; x_wconf 78' lang='grc' dir='ltr'>ἔσται</span> <span class='ocrx_word' id='word_1_376' title='bbox 824 4463 886 4515; x_wconf 83' lang='grc' dir='ltr'><strong><em>τὸ</em></strong></span> <span class='ocrx_word' id='word_1_377' title='bbox 918 4461 1090 4532; x_wconf 75' lang='grc' dir='ltr'>ὄνομα</span> <span class='ocrx_word' id='word_1_378' title='bbox 1118 4459 1284 4515; x_wconf 89' lang='grc' dir='ltr'>αὐτοῦ</span> <span class='ocrx_word' id='word_1_379' title='bbox 1319 4459 1472 4530; x_wconf 84' lang='grc' dir='ltr'><strong><em>παρά</em></strong></span> <span class='ocrx_word' id='word_1_380' title='bbox 1519 4460 1632 4522; x_wconf 82' lang='grc' dir='ltr'>τοῖς</span> <span class='ocrx_word' id='word_1_381' title='bbox 1668 4458 1773 4512; x_wconf 81' lang='grc' dir='ltr'><strong><em>ἀνὰ</em></strong></span> 
     </span>
    </p>
   </div>
   <div class='ocr_carea' id='block_1_49' title="bbox 1848 629 3432 704">
    <p class='ocr_par' dir='ltr' id='par_1_49' title="bbox 1848 629 3432 704">
     <span class='ocr_line' id='line_1_49' title="bbox 1848 629 3432 704; baseline 0.004 -20"><span class='ocrx_word' id='word_1_382' title='bbox 1848 629 2104 685; x_wconf 79' lang='lat' dir='ltr'><strong><em>Dominus</em></strong></span> <span class='ocrx_word' id='word_1_383' title='bbox 2145 631 2490 699; x_wconf 79' lang='lat' dir='ltr'><strong><em>omnipotens,</em></strong></span> <span class='ocrx_word' id='word_1_384' title='bbox 2528 641 2576 685; x_wconf 83' lang='lat' dir='ltr'><strong><em>et</em></strong></span> <span class='ocrx_word' id='word_1_385' title='bbox 2609 631 2930 700; x_wconf 78' lang='lat' dir='ltr'><strong><em>sacriﬁcium</em></strong></span> <span class='ocrx_word' id='word_1_386' title='bbox 2984 649 3086 686; x_wconf 89' lang='lat' dir='ltr'><strong><em>non</em></strong></span> <span class='ocrx_word' id='word_1_387' title='bbox 3135 637 3432 704; x_wconf 79' lang='lat' dir='ltr'><strong><em>suscipiam</em></strong></span> 
     </span>
    </p>
   </div>
   <div class='ocr_carea' id='block_1_50' title="bbox 1847 721 3434 794">
    <p class='ocr_par' dir='ltr' id='par_1_50' title="bbox 1847 721 3434 794">
     <span class='ocr_line' id='line_1_50' title="bbox 1847 721 3434 794; baseline 0.002 -19"><span class='ocrx_word' id='word_1_388' title='bbox 1847 736 1912 776; x_wconf 74' lang='lat' dir='ltr'><strong><em>ex</em></strong></span> <span class='ocrx_word' id='word_1_389' title='bbox 1968 721 2210 776; x_wconf 82' lang='lat' dir='ltr'><strong><em>manibus</em></strong></span> <span class='ocrx_word' id='word_1_390' title='bbox 2253 722 2458 776; x_wconf 79' lang='lat' dir='ltr'><strong><em>vestris.</em></strong></span> <span class='ocrx_word' id='word_1_391' title='bbox 2492 721 2628 787; x_wconf 81' lang='lat' dir='ltr'><strong><em>Quia</em></strong></span> <span class='ocrx_word' id='word_1_392' title='bbox 2673 724 2736 776; x_wconf 85' lang='lat' dir='ltr'><strong><em>ab</em></strong></span> <span class='ocrx_word' id='word_1_393' title='bbox 2793 732 2912 778; x_wconf 86' lang='lat' dir='ltr'><strong><em>ortu</em></strong></span> <span class='ocrx_word' id='word_1_394' title='bbox 2967 723 3092 778; x_wconf 86' lang='lat' dir='ltr'><strong><em>solis</em></strong></span> <span class='ocrx_word' id='word_1_395' title='bbox 3156 741 3317 794; x_wconf 81' lang='lat' dir='ltr'><strong><em>usque</em></strong></span> <span class='ocrx_word' id='word_1_396' title='bbox 3366 727 3434 778; x_wconf 84' lang='lat' dir='ltr'><strong><em>od</em></strong></span> 
     </span>
    </p>
   </div>
   <div class='ocr_carea' id='block_1_51' title="bbox 1849 813 3428 884">
    <p class='ocr_par' dir='ltr' id='par_1_51' title="bbox 1849 813 3428 884">
     <span class='ocr_line' id='line_1_51' title="bbox 1849 813 3428 884; baseline 0 -17"><span class='ocrx_word' id='word_1_397' title='bbox 1849 825 2089 867; x_wconf 81' lang='lat' dir='ltr'><strong><em>occasum</em></strong></span> <span class='ocrx_word' id='word_1_398' title='bbox 2125 828 2309 867; x_wconf 86' lang='lat' dir='ltr'><strong><em>nomen</em></strong></span> <span class='ocrx_word' id='word_1_399' title='bbox 2351 829 2523 866; x_wconf 81' lang='lat' dir='ltr'><strong><em>meum</em></strong></span> <span class='ocrx_word' id='word_1_400' title='bbox 2568 813 2922 884; x_wconf 82' lang='lat' dir='ltr'><strong><em>gioriﬁcatum</em></strong></span> <span class='ocrx_word' id='word_1_401' title='bbox 2955 824 3028 868; x_wconf 88' lang='lat' dir='ltr'><strong><em>est</em></strong></span> <span class='ocrx_word' id='word_1_402' title='bbox 3063 815 3116 868; x_wconf 87' lang='lat' dir='ltr'><strong><em>in</em></strong></span> <span class='ocrx_word' id='word_1_403' title='bbox 3163 816 3428 884; x_wconf 77' lang='lat' dir='ltr'><strong><em>gentibus,</em></strong></span> 
     </span>
    </p>
   </div>
   <div class='ocr_carea' id='block_1_52' title="bbox 1849 903 3432 973">
    <p class='ocr_par' dir='ltr' id='par_1_52' title="bbox 1849 903 3432 973">
     <span class='ocr_line' id='line_1_52' title="bbox 1849 903 3432 973; baseline 0.001 -16"><span class='ocrx_word' id='word_1_404' title='bbox 1849 915 1895 958; x_wconf 82' lang='lat' dir='ltr'><strong><em>et</em></strong></span> <span class='ocrx_word' id='word_1_405' title='bbox 1945 903 2001 956; x_wconf 89' lang='lat' dir='ltr'><strong><em>in</em></strong></span> <span class='ocrx_word' id='word_1_406' title='bbox 2044 904 2187 957; x_wconf 88' lang='lat' dir='ltr'><strong><em>omni</em></strong></span> <span class='ocrx_word' id='word_1_407' title='bbox 2236 903 2348 957; x_wconf 89' lang='lat' dir='ltr'><strong><em>loco</em></strong></span> <span class='ocrx_word' id='word_1_408' title='bbox 2387 905 2659 958; x_wconf 87' lang='lat' dir='ltr'><strong><em>incensum</em></strong></span> <span class='ocrx_word' id='word_1_409' title='bbox 2720 904 2943 973; x_wconf 68' lang='lat' dir='ltr'><strong><em>offertur</em></strong></span> <span class='ocrx_word' id='word_1_410' title='bbox 2967 905 3169 959; x_wconf 80' lang='lat' dir='ltr'><strong><em>nomini</em></strong></span> <span class='ocrx_word' id='word_1_411' title='bbox 3220 922 3352 972; x_wconf 83' lang='lat' dir='ltr'><strong><em>meo,</em></strong></span> <span class='ocrx_word' id='word_1_412' title='bbox 3383 917 3432 959; x_wconf 81' lang='lat' dir='ltr'><strong><em>et</em></strong></span> 
     </span>
    </p>
   </div>
   <div class='ocr_carea' id='block_1_53' title="bbox 1850 995 3440 1066">
    <p class='ocr_par' dir='ltr' id='par_1_53' title="bbox 1850 995 3440 1066">
     <span class='ocr_line' id='line_1_53' title="bbox 1850 995 3440 1066; baseline 0.002 -18"><span class='ocrx_word' id='word_1_413' title='bbox 1850 995 2172 1064; x_wconf 81' lang='lat' dir='ltr'><strong><em>sacriﬁcium</em></strong></span> <span class='ocrx_word' id='word_1_414' title='bbox 2238 997 2534 1061; x_wconf 66' lang='lat' dir='ltr'><strong><em>orandum;</em></strong></span> <span class='ocrx_word' id='word_1_415' title='bbox 2571 997 2692 1066; x_wconf 87' lang='lat' dir='ltr'><strong><em>quia</em></strong></span> <span class='ocrx_word' id='word_1_416' title='bbox 2738 1011 2984 1065; x_wconf 86' lang='lat' dir='ltr'><strong><em>magnum</em></strong></span> <span class='ocrx_word' id='word_1_417' title='bbox 3036 1011 3223 1051; x_wconf 79' lang='lat' dir='ltr'><strong><em>nomen</em></strong></span> <span class='ocrx_word' id='word_1_418' title='bbox 3263 1013 3440 1051; x_wconf 79' lang='lat' dir='ltr'><strong><em>meum</em></strong></span> 
     </span>
    </p>
   </div>
   <div class='ocr_carea' id='block_1_54' title="bbox 1851 1084 3064 1155">
    <p class='ocr_par' dir='ltr' id='par_1_54' title="bbox 1851 1084 3064 1155">
     <span class='ocr_line' id='line_1_54' title="bbox 1851 1084 3064 1155; baseline 0.002 -17"><span class='ocrx_word' id='word_1_419' title='bbox 1851 1084 1903 1140; x_wconf 89' lang='lat' dir='ltr'><strong><em>in</em></strong></span> <span class='ocrx_word' id='word_1_420' title='bbox 1949 1085 2186 1154; x_wconf 72' lang='lat' dir='ltr'><strong><em>gentibus</em></strong></span> <span class='ocrx_word' id='word_1_421' title='bbox 2213 1127 2229 1152; x_wconf 94' lang='lat'><strong><em>,</em></strong></span> <span class='ocrx_word' id='word_1_422' title='bbox 2255 1087 2380 1139; x_wconf 83' lang='lat' dir='ltr'><strong><em>dicit</em></strong></span> <span class='ocrx_word' id='word_1_423' title='bbox 2433 1086 2685 1140; x_wconf 85' lang='lat' dir='ltr'><strong><em>Dominus</em></strong></span> <span class='ocrx_word' id='word_1_424' title='bbox 2714 1088 3064 1155; x_wconf 61' lang='lat' dir='ltr'><strong><em>omnipotens:</em></strong></span> 
     </span>
    </p>
   </div>
   <div class='ocr_carea' id='block_1_55' title="bbox 1922 1175 3426 1248">
    <p class='ocr_par' dir='ltr' id='par_1_55' title="bbox 1922 1175 3426 1248">
     <span class='ocr_line' id='line_1_55' title="bbox 1922 1175 3426 1248; baseline 0.002 -18"><span class='ocrx_word' id='word_1_425' title='bbox 1922 1175 2034 1230; x_wconf 82' lang='lat' dir='ltr'><strong><em>XII.</em></strong></span> <span class='ocrx_word' id='word_1_426' title='bbox 2074 1177 2330 1247; x_wconf 78' lang='lat' dir='ltr'><strong><em>Deinceps</em></strong></span> <span class='ocrx_word' id='word_1_427' title='bbox 2377 1175 2703 1232; x_wconf 71' lang='lat' dir='ltr'><strong><em>oblatioitem</em></strong></span> <span class='ocrx_word' id='word_1_428' title='bbox 2754 1177 2911 1243; x_wconf 78' lang='lat' dir='ltr'><strong><em>juxta</em></strong></span> <span class='ocrx_word' id='word_1_429' title='bbox 2945 1178 3149 1234; x_wconf 89' lang='lat' dir='ltr'><strong><em>cultum</em></strong></span> <span class='ocrx_word' id='word_1_430' title='bbox 3195 1178 3426 1248; x_wconf 75' lang='lat' dir='ltr'><strong><em>legalem</em></strong></span> 
     </span>
    </p>
   </div>
   <div class='ocr_carea' id='block_1_56' title="bbox 1852 1266 3436 1340">
    <p class='ocr_par' dir='ltr' id='par_1_56' title="bbox 1852 1266 3436 1340">
     <span class='ocr_line' id='line_1_56' title="bbox 1852 1266 3436 1340; baseline 0.003 -20"><span class='ocrx_word' id='word_1_431' title='bbox 1852 1267 2134 1322; x_wconf 81' lang='lat' dir='ltr'><strong><em>manifeste</em></strong></span> <span class='ocrx_word' id='word_1_432' title='bbox 2164 1266 2429 1336; x_wconf 89' lang='lat' dir='ltr'><strong><em>repudiat,</em></strong></span> <span class='ocrx_word' id='word_1_433' title='bbox 2456 1277 2510 1322; x_wconf 90' lang='lat' dir='ltr'><strong><em>et</em></strong></span> <span class='ocrx_word' id='word_1_434' title='bbox 2539 1269 2924 1337; x_wconf 83' lang='lat' dir='ltr'><strong><em>propemodum</em></strong></span> <span class='ocrx_word' id='word_1_435' title='bbox 2953 1283 2982 1322; x_wconf 90' lang='lat' dir='ltr'><strong><em>a</em></strong></span> <span class='ocrx_word' id='word_1_436' title='bbox 3013 1269 3281 1326; x_wconf 82' lang='lat' dir='ltr'><strong><em>cbaritote</em></strong></span> <span class='ocrx_word' id='word_1_437' title='bbox 3305 1273 3436 1340; x_wconf 75' lang='lat' dir='ltr'><strong><em>erga</em></strong></span> 
     </span>
    </p>
   </div>
   <div class='ocr_carea' id='block_1_57' title="bbox 1850 1357 3436 1425">
    <p class='ocr_par' dir='ltr' id='par_1_57' title="bbox 1850 1357 3436 1425">
     <span class='ocr_line' id='line_1_57' title="bbox 1850 1357 3436 1425; baseline 0.001 -12"><span class='ocrx_word' id='word_1_438' title='bbox 1850 1359 2063 1413; x_wconf 54' lang='lat' dir='ltr'><strong><em>Juda‘os</em></strong></span> <span class='ocrx_word' id='word_1_439' title='bbox 2091 1357 2335 1420; x_wconf 77' lang='lat' dir='ltr'><strong><em>discedit,</em></strong></span> <span class='ocrx_word' id='word_1_440' title='bbox 2365 1369 2417 1412; x_wconf 92' lang='lat' dir='ltr'><strong><em>et</em></strong></span> <span class='ocrx_word' id='word_1_441' title='bbox 2444 1358 2742 1412; x_wconf 85' lang='lat' dir='ltr'><strong><em>sacerdotio</em></strong></span> <span class='ocrx_word' id='word_1_442' title='bbox 2776 1358 3062 1425; x_wconf 81' lang='lat' dir='ltr'><strong><em>abhorret,</em></strong></span> <span class='ocrx_word' id='word_1_443' title='bbox 3093 1368 3148 1415; x_wconf 90' lang='lat' dir='ltr'><strong><em>et</em></strong></span> <span class='ocrx_word' id='word_1_444' title='bbox 3187 1362 3436 1416; x_wconf 83' lang='lat' dir='ltr'><strong><em>umbram</em></strong></span> 
     </span>
    </p>
   </div>
   <div class='ocr_carea' id='block_1_58' title="bbox 1854 1449 3437 1522">
    <p class='ocr_par' dir='ltr' id='par_1_58' title="bbox 1854 1449 3437 1522">
     <span class='ocr_line' id='line_1_58' title="bbox 1854 1449 3437 1522; baseline 0.002 -18"><span class='ocrx_word' id='word_1_445' title='bbox 1854 1466 1956 1505; x_wconf 91' lang='lat' dir='ltr'><strong><em>non</em></strong></span> <span class='ocrx_word' id='word_1_446' title='bbox 1978 1450 2236 1514; x_wconf 81' lang='lat' dir='ltr'><strong><em>admittit,</em></strong></span> <span class='ocrx_word' id='word_1_447' title='bbox 2261 1449 2834 1520; x_wconf 77' lang='lat' dir='ltr'><strong><em>boumjmmolationes</em></strong></span> <span class='ocrx_word' id='word_1_448' title='bbox 2861 1460 2913 1506; x_wconf 88' lang='lat' dir='ltr'><strong><em>et</em></strong></span> <span class='ocrx_word' id='word_1_449' title='bbox 2935 1452 3168 1518; x_wconf 85' lang='lat' dir='ltr'><strong><em>uidores,</em></strong></span> <span class='ocrx_word' id='word_1_450' title='bbox 3193 1452 3437 1522; x_wconf 86' lang='lat' dir='ltr'><strong><em>inquam,</em></strong></span> 
     </span>
    </p>
   </div>
   <div class='ocr_carea' id='block_1_59' title="bbox 1852 1542 3438 1616">
    <p class='ocr_par' dir='ltr' id='par_1_59' title="bbox 1852 1542 3438 1616">
     <span class='ocr_line' id='line_1_59' title="bbox 1852 1542 3438 1616; baseline 0.003 -23"><span class='ocrx_word' id='word_1_451' title='bbox 1852 1544 2107 1610; x_wconf 71' lang='lat' dir='ltr'><strong><em>quoniam</em></strong></span> <span class='ocrx_word' id='word_1_452' title='bbox 2138 1557 2310 1612; x_wconf 87' lang='lat' dir='ltr'><strong><em>neque</em></strong></span> <span class='ocrx_word' id='word_1_453' title='bbox 2346 1557 2373 1594; x_wconf 88' lang='lat' dir='ltr'><strong><em>a</em></strong></span> <span class='ocrx_word' id='word_1_454' title='bbox 2409 1542 2671 1612; x_wconf 87' lang='lat' dir='ltr'><strong><em>principio</em></strong></span> <span class='ocrx_word' id='word_1_455' title='bbox 2722 1543 2805 1597; x_wconf 89' lang='lat' dir='ltr'><strong><em>hic</em></strong></span> <span class='ocrx_word' id='word_1_456' title='bbox 2862 1543 2932 1597; x_wconf 89' lang='lat' dir='ltr'><strong><em>illi</em></strong></span> <span class='ocrx_word' id='word_1_457' title='bbox 2980 1559 3197 1609; x_wconf 75' lang='lat' dir='ltr'><strong><em>scopas.</em></strong></span> <span class='ocrx_word' id='word_1_458' title='bbox 3258 1548 3438 1616; x_wconf 83' lang='lat' dir='ltr'><strong><em>Atque</em></strong></span> 
     </span>
    </p>
   </div>
   <div class='ocr_carea' id='block_1_60' title="bbox 1855 1632 3439 1704">
    <p class='ocr_par' dir='ltr' id='par_1_60' title="bbox 1855 1632 3439 1704">
     <span class='ocr_line' id='line_1_60' title="bbox 1855 1632 3439 1704; baseline 0.003 -18"><span class='ocrx_word' id='word_1_459' title='bbox 1855 1634 1996 1686; x_wconf 85' lang='lat' dir='ltr'><strong><em>istud</em></strong></span> <span class='ocrx_word' id='word_1_460' title='bbox 2024 1632 2182 1687; x_wconf 92' lang='lat' dir='ltr'><strong><em>nobis</em></strong></span> <span class='ocrx_word' id='word_1_461' title='bbox 2205 1633 2366 1685; x_wconf 87' lang='lat' dir='ltr'><strong><em>etiam</em></strong></span> <span class='ocrx_word' id='word_1_462' title='bbox 2396 1648 2494 1702; x_wconf 87' lang='lat' dir='ltr'><strong><em>per</em></strong></span> <span class='ocrx_word' id='word_1_463' title='bbox 2517 1634 2651 1688; x_wconf 87' lang='lat' dir='ltr'><strong><em>alios</em></strong></span> <span class='ocrx_word' id='word_1_464' title='bbox 2678 1635 2966 1704; x_wconf 84' lang='lat' dir='ltr'><strong><em>prophetas</em></strong></span> <span class='ocrx_word' id='word_1_465' title='bbox 2993 1636 3305 1693; x_wconf 81' lang='lat' dir='ltr'><strong><em>declaravit.</em></strong></span> <span class='ocrx_word' id='word_1_466' title='bbox 3336 1637 3439 1692; x_wconf 78' lang='lat' dir='ltr'><strong><em>Per</em></strong></span> 
     </span>
    </p>
   </div>
   <div class='ocr_carea' id='block_1_61' title="bbox 1860 1722 3434 1792">
    <p class='ocr_par' dir='ltr' id='par_1_61' title="bbox 1860 1722 3434 1792">
     <span class='ocr_line' id='line_1_61' title="bbox 1860 1722 3434 1792; baseline 0.003 -14"><span class='ocrx_word' id='word_1_467' title='bbox 1860 1722 2052 1778; x_wconf 87' lang='lat' dir='ltr'><strong><em>Isaiam</em></strong></span> <span class='ocrx_word' id='word_1_468' title='bbox 2092 1724 2307 1792; x_wconf 85' lang='lat' dir='ltr'><strong><em>quidem</em></strong></span> <span class='ocrx_word' id='word_1_469' title='bbox 2339 1743 2352 1779; x_wconf 90' lang='lat'>:</span> <span class='ocrx_word' id='word_1_470' title='bbox 2393 1743 2412 1776; x_wconf 82' lang='grc' dir='ltr'><strong><em>ι</em></strong></span> <span class='ocrx_word' id='word_1_471' title='bbox 2449 1724 2642 1780; x_wconf 83' lang='lat' dir='ltr'><strong><em>Plenus</em></strong></span> <span class='ocrx_word' id='word_1_472' title='bbox 2667 1741 2785 1780; x_wconf 91' lang='lat' dir='ltr'><strong><em>sum</em></strong></span> <span class='ocrx_word' id='word_1_473' title='bbox 2823 1727 3154 1782; x_wconf 74' lang='lat' dir='ltr'><strong><em>holocaustis</em></strong></span> <span class='ocrx_word' id='word_1_474' title='bbox 3180 1728 3434 1791; x_wconf 90' lang='lat' dir='ltr'><strong><em>arietum,</em></strong></span> 
     </span>
    </p>
   </div>
   <div class='ocr_carea' id='block_1_62' title="bbox 1856 1815 3440 1888">
    <p class='ocr_par' dir='ltr' id='par_1_62' title="bbox 1856 1815 3440 1888">
     <span class='ocr_line' id='line_1_62' title="bbox 1856 1815 3440 1888; baseline 0.005 -22"><span class='ocrx_word' id='word_1_475' title='bbox 1856 1825 1910 1870; x_wconf 78' lang='lat' dir='ltr'><strong><em>et</em></strong></span> <span class='ocrx_word' id='word_1_476' title='bbox 1943 1815 2154 1885; x_wconf 86' lang='lat' dir='ltr'><strong><em>adipem</em></strong></span> <span class='ocrx_word' id='word_1_477' title='bbox 2195 1830 2492 1886; x_wconf 76' lang='lat' dir='ltr'><strong><em>agnorum,</em></strong></span> <span class='ocrx_word' id='word_1_478' title='bbox 2563 1826 2615 1870; x_wconf 88' lang='lat' dir='ltr'><strong><em>et</em></strong></span> <span class='ocrx_word' id='word_1_479' title='bbox 2670 1819 2983 1888; x_wconf 83' lang='lat' dir='ltr'><strong><em>sanguinem</em></strong></span> <span class='ocrx_word' id='word_1_480' title='bbox 3062 1828 3335 1875; x_wconf 87' lang='lat' dir='ltr'><strong><em>taurormn</em></strong></span> <span class='ocrx_word' id='word_1_481' title='bbox 3387 1833 3440 1875; x_wconf 85' lang='lat' dir='ltr'><strong><em>ct</em></strong></span> 
     </span>
    </p>
   </div>
   <div class='ocr_carea' id='block_1_63' title="bbox 1792 1888 3440 1978">
    <p class='ocr_par' dir='ltr' id='par_1_63' title="bbox 1792 1888 3440 1978">
     <span class='ocr_line' id='line_1_63' title="bbox 1792 1888 3440 1978; baseline 0.002 -18"><span class='ocrx_word' id='word_1_482' title='bbox 1792 1888 1834 1948; x_wconf 74' lang='grc' dir='ltr'><strong>Β</strong></span> <span class='ocrx_word' id='word_1_483' title='bbox 1862 1907 2136 1961; x_wconf 79' lang='lat' dir='ltr'><strong><em>hircorum</em></strong></span> <span class='ocrx_word' id='word_1_484' title='bbox 2176 1910 2330 1962; x_wconf 88' lang='lat' dir='ltr'><strong><em>nolo:</em></strong></span> <span class='ocrx_word' id='word_1_485' title='bbox 2357 1921 2529 1978; x_wconf 88' lang='lat' dir='ltr'><strong><em>neque</em></strong></span> <span class='ocrx_word' id='word_1_486' title='bbox 2555 1909 2812 1962; x_wconf 81' lang='lat' dir='ltr'><strong><em>veneritis</em></strong></span> <span class='ocrx_word' id='word_1_487' title='bbox 2846 1923 3106 1978; x_wconf 87' lang='lat' dir='ltr'><strong><em>apparere</em></strong></span> <span class='ocrx_word' id='word_1_488' title='bbox 3133 1911 3280 1964; x_wconf 89' lang='lat' dir='ltr'><strong><em>mihi.</em></strong></span> <span class='ocrx_word' id='word_1_489' title='bbox 3309 1912 3440 1976; x_wconf 70' lang='lat' dir='ltr'><strong><em>Quis</em></strong></span> 
     </span>
    </p>
   </div>
   <div class='ocr_carea' id='block_1_64' title="bbox 1858 1999 3440 2070">
    <p class='ocr_par' dir='ltr' id='par_1_64' title="bbox 1858 1999 3440 2070">
     <span class='ocr_line' id='line_1_64' title="bbox 1858 1999 3440 2070; baseline 0.004 -18"><span class='ocrx_word' id='word_1_490' title='bbox 1858 2002 2001 2052; x_wconf 87' lang='lat' dir='ltr'><strong><em>enim</em></strong></span> <span class='ocrx_word' id='word_1_491' title='bbox 2054 2002 2302 2070; x_wconf 53' lang='lat' dir='ltr'><strong><em>quasivit</em></strong></span> <span class='ocrx_word' id='word_1_492' title='bbox 2362 2001 2474 2053; x_wconf 73' lang='lat' dir='ltr'><strong><em>haec</em></strong></span> <span class='ocrx_word' id='word_1_493' title='bbox 2526 2000 2591 2054; x_wconf 89' lang='lat' dir='ltr'><strong><em>de</em></strong></span> <span class='ocrx_word' id='word_1_494' title='bbox 2631 1999 2880 2055; x_wconf 83' lang='lat' dir='ltr'><strong><em>manibus</em></strong></span> <span class='ocrx_word' id='word_1_495' title='bbox 2940 2002 3176 2056; x_wconf 80' lang='lat' dir='ltr'><strong><em>vestris?</em></strong></span> <span class='ocrx_word' id='word_1_496' title='bbox 3212 2003 3440 2059; x_wconf 83' lang='lat' dir='ltr'><strong><em>Calcare</em></strong></span> 
     </span>
    </p>
   </div>
   <div class='ocr_carea' id='block_1_65' title="bbox 1859 2091 3440 2166">
    <p class='ocr_par' dir='ltr' id='par_1_65' title="bbox 1859 2091 3440 2166">
     <span class='ocr_line' id='line_1_65' title="bbox 1859 2091 3440 2166; baseline 0.004 -22"><span class='ocrx_word' id='word_1_497' title='bbox 1859 2091 2056 2145; x_wconf 85' lang='lat' dir='ltr'><strong><em>atrium</em></strong></span> <span class='ocrx_word' id='word_1_498' title='bbox 2093 2107 2271 2145; x_wconf 85' lang='lat' dir='ltr'><strong><em>meum</em></strong></span> <span class='ocrx_word' id='word_1_499' title='bbox 2308 2108 2411 2146; x_wconf 88' lang='lat' dir='ltr'><strong><em>non</em></strong></span> <span class='ocrx_word' id='word_1_500' title='bbox 2451 2092 2754 2161; x_wconf 86' lang='lat' dir='ltr'><strong><em>apponetis.</em></strong></span> <span class='ocrx_word' id='word_1_501' title='bbox 2778 2091 2832 2147; x_wconf 84' lang='lat' dir='ltr'><strong><em>Si</em></strong></span> <span class='ocrx_word' id='word_1_502' title='bbox 2851 2092 3154 2148; x_wconf 89' lang='lat' dir='ltr'><strong><em>obtuleritis</em></strong></span> <span class='ocrx_word' id='word_1_503' title='bbox 3173 2094 3440 2166; x_wconf 80' lang='lat' dir='ltr'><strong><em>siliginem</em></strong></span> 
     </span>
    </p>
   </div>
   <div class='ocr_carea' id='block_1_66' title="bbox 1863 2181 3446 2240">
    <p class='ocr_par' dir='ltr' id='par_1_66' title="bbox 1863 2181 3446 2240">
     <span class='ocr_line' id='line_1_66' title="bbox 1863 2181 3446 2240; baseline 0.004 -6"><span class='ocrx_word' id='word_1_504' title='bbox 1863 2197 2056 2236; x_wconf 80' lang='lat' dir='ltr'><strong><em>vanum</em></strong></span> <span class='ocrx_word' id='word_1_505' title='bbox 2091 2198 2105 2234; x_wconf 90' lang='lat'>:</span> <span class='ocrx_word' id='word_1_506' title='bbox 2141 2183 2421 2237; x_wconf 86' lang='lat' dir='ltr'><strong><em>incensum</em></strong></span> <span class='ocrx_word' id='word_1_507' title='bbox 2447 2182 2780 2237; x_wconf 87' lang='lat' dir='ltr'><strong><em>abominatio</em></strong></span> <span class='ocrx_word' id='word_1_508' title='bbox 2813 2192 2897 2237; x_wconf 88' lang='lat' dir='ltr'><strong><em>est</em></strong></span> <span class='ocrx_word' id='word_1_509' title='bbox 2923 2182 3054 2237; x_wconf 89' lang='lat' dir='ltr'><strong><em>mihi</em></strong></span> <span class='ocrx_word' id='word_1_510' title='bbox 3088 2181 3154 2239; x_wconf 60' lang='lat'><strong><em>&#39;3.</em></strong></span> <span class='ocrx_word' id='word_1_511' title='bbox 3181 2203 3198 2236; x_wconf 75' lang='grc' dir='ltr'><strong><em>ι</em></strong></span> <span class='ocrx_word' id='word_1_512' title='bbox 3228 2184 3329 2240; x_wconf 82' lang='lat' dir='ltr'><strong><em>Per</em></strong></span> <span class='ocrx_word' id='word_1_513' title='bbox 3354 2185 3446 2240; x_wconf 81' lang='lat' dir='ltr'><strong><em>Je-</em></strong></span> 
     </span>
    </p>
   </div>
   <div class='ocr_carea' id='block_1_67' title="bbox 1862 2272 3444 2348">
    <p class='ocr_par' dir='ltr' id='par_1_67' title="bbox 1862 2272 3444 2348">
     <span class='ocr_line' id='line_1_67' title="bbox 1862 2272 3444 2348; baseline 0.004 -22"><span class='ocrx_word' id='word_1_514' title='bbox 1862 2275 2087 2328; x_wconf 84' lang='lat' dir='ltr'><strong><em>remiam</em></strong></span> <span class='ocrx_word' id='word_1_515' title='bbox 2125 2284 2302 2328; x_wconf 90' lang='lat' dir='ltr'><strong><em>autem</em></strong></span> <span class='ocrx_word' id='word_1_516' title='bbox 2341 2292 2353 2326; x_wconf 89' lang='lat'>:</span> <span class='ocrx_word' id='word_1_517' title='bbox 2384 2291 2404 2325; x_wconf 73' lang='grc' dir='ltr'><strong><em>ι</em></strong></span> <span class='ocrx_word' id='word_1_518' title='bbox 2433 2272 2872 2328; x_wconf 85' lang='lat' dir='ltr'><strong><em>liolocautomata</em></strong></span> <span class='ocrx_word' id='word_1_519' title='bbox 2915 2282 3093 2330; x_wconf 89' lang='lat' dir='ltr'><strong><em>vestra</em></strong></span> <span class='ocrx_word' id='word_1_520' title='bbox 3121 2289 3444 2348; x_wconf 76' lang='lat' dir='ltr'><strong><em>congregato</em></strong></span> 
     </span>
    </p>
   </div>
   <div class='ocr_carea' id='block_1_68' title="bbox 1861 2365 3442 2439">
    <p class='ocr_par' dir='ltr' id='par_1_68' title="bbox 1861 2365 3442 2439">
     <span class='ocr_line' id='line_1_68' title="bbox 1861 2365 3442 2439; baseline 0.002 -19"><span class='ocrx_word' id='word_1_521' title='bbox 1861 2381 1984 2420; x_wconf 74' lang='lat' dir='ltr'><strong><em>cum</em></strong></span> <span class='ocrx_word' id='word_1_522' title='bbox 2029 2365 2316 2420; x_wconf 77' lang='lat' dir='ltr'><strong><em>sacriﬁciis</em></strong></span> <span class='ocrx_word' id='word_1_523' title='bbox 2343 2366 2560 2431; x_wconf 75' lang='lat' dir='ltr'><strong><em>vestris,</em></strong></span> <span class='ocrx_word' id='word_1_524' title='bbox 2580 2377 2631 2419; x_wconf 88' lang='lat' dir='ltr'><strong><em>et</em></strong></span> <span class='ocrx_word' id='word_1_525' title='bbox 2658 2367 2926 2420; x_wconf 84' lang='lat' dir='ltr'><strong><em>comedite</em></strong></span> <span class='ocrx_word' id='word_1_526' title='bbox 2948 2382 3156 2433; x_wconf 90' lang='lat' dir='ltr'><strong><em>carnes,</em></strong></span> <span class='ocrx_word' id='word_1_527' title='bbox 3191 2371 3314 2439; x_wconf 88' lang='lat' dir='ltr'><strong><em>quia</em></strong></span> <span class='ocrx_word' id='word_1_528' title='bbox 3338 2387 3442 2424; x_wconf 78' lang='lat' dir='ltr'><strong><em>non</em></strong></span> 
     </span>
    </p>
   </div>
   <div class='ocr_carea' id='block_1_69' title="bbox 1863 2455 3441 2530">
    <p class='ocr_par' dir='ltr' id='par_1_69' title="bbox 1863 2455 3441 2530">
     <span class='ocr_line' id='line_1_69' title="bbox 1863 2455 3441 2530; baseline 0.003 -20"><span class='ocrx_word' id='word_1_529' title='bbox 1863 2472 1980 2510; x_wconf 88' lang='lat' dir='ltr'><strong><em>sum</em></strong></span> <span class='ocrx_word' id='word_1_530' title='bbox 2011 2455 2222 2510; x_wconf 82' lang='lat' dir='ltr'><strong><em>locutus</em></strong></span> <span class='ocrx_word' id='word_1_531' title='bbox 2257 2457 2324 2509; x_wconf 86' lang='lat' dir='ltr'><strong><em>ad</em></strong></span> <span class='ocrx_word' id='word_1_532' title='bbox 2358 2465 2538 2525; x_wconf 89' lang='lat' dir='ltr'><strong><em>patres</em></strong></span> <span class='ocrx_word' id='word_1_533' title='bbox 2565 2464 2792 2521; x_wconf 89' lang='lat' dir='ltr'><strong><em>vestros,</em></strong></span> <span class='ocrx_word' id='word_1_534' title='bbox 2845 2466 2899 2510; x_wconf 84' lang='lat' dir='ltr'><strong><em>et</em></strong></span> <span class='ocrx_word' id='word_1_535' title='bbox 2928 2472 3030 2512; x_wconf 90' lang='lat' dir='ltr'><strong><em>non</em></strong></span> <span class='ocrx_word' id='word_1_536' title='bbox 3063 2463 3286 2530; x_wconf 70' lang='lat' dir='ltr'><strong><em>praecepi</em></strong></span> <span class='ocrx_word' id='word_1_537' title='bbox 3341 2463 3441 2527; x_wconf 88' lang='lat' dir='ltr'><strong><em>eis,</em></strong></span> 
     </span>
    </p>
   </div>
   <div class='ocr_carea' id='block_1_70' title="bbox 1864 2543 3447 2617">
    <p class='ocr_par' dir='ltr' id='par_1_70' title="bbox 1864 2543 3447 2617">
     <span class='ocr_line' id='line_1_70' title="bbox 1864 2543 3447 2617; baseline 0.001 -17"><span class='ocrx_word' id='word_1_538' title='bbox 1864 2548 1916 2600; x_wconf 88' lang='lat' dir='ltr'><strong><em>in</em></strong></span> <span class='ocrx_word' id='word_1_539' title='bbox 1946 2559 2049 2614; x_wconf 91' lang='lat' dir='ltr'><strong><em>qua</em></strong></span> <span class='ocrx_word' id='word_1_540' title='bbox 2102 2546 2186 2599; x_wconf 89' lang='lat' dir='ltr'><strong><em>die</em></strong></span> <span class='ocrx_word' id='word_1_541' title='bbox 2211 2544 2372 2599; x_wconf 81' lang='lat' dir='ltr'><strong><em>eduxi</em></strong></span> <span class='ocrx_word' id='word_1_542' title='bbox 2405 2560 2499 2600; x_wconf 90' lang='lat' dir='ltr'><strong><em>eos</em></strong></span> <span class='ocrx_word' id='word_1_543' title='bbox 2540 2549 2604 2601; x_wconf 86' lang='lat' dir='ltr'><strong><em>de</em></strong></span> <span class='ocrx_word' id='word_1_544' title='bbox 2632 2555 2775 2600; x_wconf 88' lang='lat' dir='ltr'><strong><em>terra</em></strong></span> <span class='ocrx_word' id='word_1_545' title='bbox 2811 2543 3026 2617; x_wconf 67' lang='lat' dir='ltr'><strong><em>lEgypti</em></strong></span> <span class='ocrx_word' id='word_1_546' title='bbox 3051 2589 3063 2612; x_wconf 90' lang='lat'><strong><em>,</em></strong></span> <span class='ocrx_word' id='word_1_547' title='bbox 3095 2550 3162 2603; x_wconf 84' lang='lat' dir='ltr'><strong><em>de</em></strong></span> <span class='ocrx_word' id='word_1_548' title='bbox 3189 2551 3447 2606; x_wconf 84' lang='lat' dir='ltr'><strong><em>holocau.</em></strong></span> 
     </span>
    </p>
   </div>
   <div class='ocr_carea' id='block_1_71' title="bbox 1866 2635 3444 2708">
    <p class='ocr_par' dir='ltr' id='par_1_71' title="bbox 1866 2635 3444 2708">
     <span class='ocr_line' id='line_1_71' title="bbox 1866 2635 3444 2708; baseline 0.002 -17"><span class='ocrx_word' id='word_1_549' title='bbox 1866 2637 2154 2691; x_wconf 85' lang='lat' dir='ltr'><strong><em>tomatibus</em></strong></span> <span class='ocrx_word' id='word_1_550' title='bbox 2179 2645 2231 2691; x_wconf 86' lang='lat' dir='ltr'><strong><em>et</em></strong></span> <span class='ocrx_word' id='word_1_551' title='bbox 2248 2636 2480 2691; x_wconf 89' lang='lat' dir='ltr'><strong><em>victimis</em></strong></span> <span class='ocrx_word' id='word_1_552' title='bbox 2501 2635 2568 2692; x_wconf 71' lang='lat'><strong><em>&#39;“.</em></strong></span> <span class='ocrx_word' id='word_1_553' title='bbox 2595 2655 2613 2687; x_wconf 76' lang='grc' dir='ltr'><strong><em>ι</em></strong></span> <span class='ocrx_word' id='word_1_554' title='bbox 2642 2636 2805 2703; x_wconf 85' lang='lat' dir='ltr'><strong><em>Quasi</em></strong></span> <span class='ocrx_word' id='word_1_555' title='bbox 2839 2639 3081 2707; x_wconf 69' lang='lat' dir='ltr'><strong><em>quaedam</em></strong></span> <span class='ocrx_word' id='word_1_556' title='bbox 3116 2641 3444 2708; x_wconf 76' lang='lat' dir='ltr'><strong><em>informatio,</em></strong></span> 
     </span>
    </p>
   </div>
   <div class='ocr_carea' id='block_1_72' title="bbox 1861 2731 3442 2805">
    <p class='ocr_par' dir='ltr' id='par_1_72' title="bbox 1861 2731 3442 2805">
     <span class='ocr_line' id='line_1_72' title="bbox 1861 2731 3442 2805; baseline 0.005 -20"><span class='ocrx_word' id='word_1_557' title='bbox 1861 2743 1913 2785; x_wconf 87' lang='lat' dir='ltr'><strong><em>et</em></strong></span> <span class='ocrx_word' id='word_1_558' title='bbox 1939 2731 2296 2801; x_wconf 81' lang='lat' dir='ltr'><strong><em>promulgatio</em></strong></span> <span class='ocrx_word' id='word_1_559' title='bbox 2325 2733 2636 2800; x_wconf 66' lang='lat' dir='ltr'><strong><em>prmcedeus</em></strong></span> <span class='ocrx_word' id='word_1_560' title='bbox 2666 2732 2964 2802; x_wconf 89' lang='lat' dir='ltr'><strong><em>spiritualis</em></strong></span> <span class='ocrx_word' id='word_1_561' title='bbox 2989 2736 3212 2805; x_wconf 83' lang='lat' dir='ltr'><strong><em>verique</em></strong></span> <span class='ocrx_word' id='word_1_562' title='bbox 3265 2739 3442 2793; x_wconf 89' lang='lat' dir='ltr'><strong><em>cultus</em></strong></span> 
     </span>
    </p>
   </div>
   <div class='ocr_carea' id='block_1_73' title="bbox 1867 2822 3445 2891">
    <p class='ocr_par' dir='ltr' id='par_1_73' title="bbox 1867 2822 3445 2891">
     <span class='ocr_line' id='line_1_73' title="bbox 1867 2822 3445 2891; baseline 0.005 -15"><span class='ocrx_word' id='word_1_563' title='bbox 1867 2825 1952 2880; x_wconf 85' lang='lat' dir='ltr'><strong><em>lex</em></strong></span> <span class='ocrx_word' id='word_1_564' title='bbox 1985 2832 2124 2888; x_wconf 90' lang='lat' dir='ltr'><strong><em>erat,</em></strong></span> <span class='ocrx_word' id='word_1_565' title='bbox 2161 2841 2178 2876; x_wconf 80' lang='grc' dir='ltr'>ι</span> <span class='ocrx_word' id='word_1_566' title='bbox 2202 2832 2258 2877; x_wconf 90' lang='lat' dir='ltr'><strong><em>et</em></strong></span> <span class='ocrx_word' id='word_1_567' title='bbox 2282 2822 2505 2890; x_wconf 74' lang='lat' dir='ltr'><strong><em>justitize</em></strong></span> <span class='ocrx_word' id='word_1_568' title='bbox 2534 2825 2732 2891; x_wconf 82' lang='lat' dir='ltr'><strong><em>carnis,</em></strong></span> <span class='ocrx_word' id='word_1_569' title='bbox 2767 2833 2820 2878; x_wconf 92' lang='lat' dir='ltr'><strong><em>ut</em></strong></span> <span class='ocrx_word' id='word_1_570' title='bbox 2847 2825 3035 2880; x_wconf 86' lang='lat' dir='ltr'><strong><em>scribit</em></strong></span> <span class='ocrx_word' id='word_1_571' title='bbox 3060 2827 3274 2883; x_wconf 85' lang='lat' dir='ltr'><strong><em>divinus</em></strong></span> <span class='ocrx_word' id='word_1_572' title='bbox 3306 2829 3445 2884; x_wconf 84' lang='lat' dir='ltr'><strong><em>Pau-</em></strong></span> 
     </span>
    </p>
   </div>
   <div class='ocr_carea' id='block_1_74' title="bbox 1867 2914 3451 2986">
    <p class='ocr_par' dir='ltr' id='par_1_74' title="bbox 1867 2914 3451 2986">
     <span class='ocr_line' id='line_1_74' title="bbox 1867 2914 3451 2986; baseline 0.005 -18"><span class='ocrx_word' id='word_1_573' title='bbox 1867 2917 1969 2981; x_wconf 90' lang='lat' dir='ltr'><strong><em>lus,</em></strong></span> <span class='ocrx_word' id='word_1_574' title='bbox 1996 2929 2168 2985; x_wconf 80' lang='lat' dir='ltr'><strong><em>usque</em></strong></span> <span class='ocrx_word' id='word_1_575' title='bbox 2194 2914 2260 2968; x_wconf 85' lang='lat' dir='ltr'><strong><em>ad</em></strong></span> <span class='ocrx_word' id='word_1_576' title='bbox 2296 2923 2504 2984; x_wconf 86' lang='lat' dir='ltr'><strong><em>tempus</em></strong></span> <span class='ocrx_word' id='word_1_577' title='bbox 2534 2915 2884 2970; x_wconf 87' lang='lat' dir='ltr'><strong><em>correctionis</em></strong></span> <span class='ocrx_word' id='word_1_578' title='bbox 2922 2917 3186 2986; x_wconf 76' lang='lat' dir='ltr'><strong><em>impositae</em></strong></span> <span class='ocrx_word' id='word_1_579' title='bbox 3209 2920 3311 2972; x_wconf 74' lang='grc'><strong><em>⁸⁷³.»</em></strong></span> <span class='ocrx_word' id='word_1_580' title='bbox 3341 2922 3451 2976; x_wconf 70' lang='lat' dir='ltr'><strong><em>Nec</em></strong></span> 
     </span>
    </p>
   </div>
   <div class='ocr_carea' id='block_1_75' title="bbox 1867 3005 3452 3080">
    <p class='ocr_par' dir='ltr' id='par_1_75' title="bbox 1867 3005 3452 3080">
     <span class='ocr_line' id='line_1_75' title="bbox 1867 3005 3452 3080; baseline 0.004 -18"><span class='ocrx_word' id='word_1_581' title='bbox 1867 3005 2220 3063; x_wconf 84' lang='lat' dir='ltr'><strong><em>correctionis</em></strong></span> <span class='ocrx_word' id='word_1_582' title='bbox 2261 3013 2473 3074; x_wconf 90' lang='lat' dir='ltr'><strong><em>tempus</em></strong></span> <span class='ocrx_word' id='word_1_583' title='bbox 2532 3005 2676 3060; x_wconf 87' lang='lat' dir='ltr'><strong><em>aliud</em></strong></span> <span class='ocrx_word' id='word_1_584' title='bbox 2735 3006 2931 3072; x_wconf 81' lang='lat' dir='ltr'><strong><em>fuerit,</em></strong></span> <span class='ocrx_word' id='word_1_585' title='bbox 2971 3009 3198 3078; x_wconf 86' lang='lat' dir='ltr'><strong><em>opinor,</em></strong></span> <span class='ocrx_word' id='word_1_586' title='bbox 3257 3021 3452 3080; x_wconf 67' lang='lat' dir='ltr'><strong><em>prmter</em></strong></span> 
     </span>
    </p>
   </div>
   <div class='ocr_carea' id='block_1_76' title="bbox 1868 3093 3452 3170">
    <p class='ocr_par' dir='ltr' id='par_1_76' title="bbox 1868 3093 3452 3170">
     <span class='ocr_line' id='line_1_76' title="bbox 1868 3093 3452 3170; baseline 0.004 -22"><span class='ocrx_word' id='word_1_587' title='bbox 1868 3095 2156 3149; x_wconf 85' lang='lat' dir='ltr'><strong><em>adventum</em></strong></span> <span class='ocrx_word' id='word_1_588' title='bbox 2222 3093 2520 3149; x_wconf 88' lang='lat' dir='ltr'><strong><em>Salvatoris</em></strong></span> <span class='ocrx_word' id='word_1_589' title='bbox 2557 3095 2749 3161; x_wconf 88' lang='lat' dir='ltr'><strong><em>nostri,</em></strong></span> <span class='ocrx_word' id='word_1_590' title='bbox 2791 3097 3008 3165; x_wconf 89' lang='lat' dir='ltr'><strong><em>quando</em></strong></span> <span class='ocrx_word' id='word_1_591' title='bbox 3054 3109 3106 3153; x_wconf 90' lang='lat' dir='ltr'><strong><em>et</em></strong></span> <span class='ocrx_word' id='word_1_592' title='bbox 3137 3102 3288 3170; x_wconf 89' lang='lat' dir='ltr'><strong><em>prius</em></strong></span> <span class='ocrx_word' id='word_1_593' title='bbox 3324 3102 3452 3155; x_wconf 91' lang='lat' dir='ltr'><strong><em>illud</em></strong></span> 
     </span>
    </p>
   </div>
   <div class='ocr_carea' id='block_1_77' title="bbox 1869 3185 3451 3256">
    <p class='ocr_par' dir='ltr' id='par_1_77' title="bbox 1869 3185 3451 3256">
     <span class='ocr_line' id='line_1_77' title="bbox 1869 3185 3451 3256; baseline 0.005 -15"><span class='ocrx_word' id='word_1_594' title='bbox 1869 3194 2271 3249; x_wconf 86' lang='lat' dir='ltr'><strong><em>testamentum,</em></strong></span> <span class='ocrx_word' id='word_1_595' title='bbox 2311 3185 2438 3255; x_wconf 88' lang='lat' dir='ltr'><strong><em>quia</em></strong></span> <span class='ocrx_word' id='word_1_596' title='bbox 2493 3185 2645 3256; x_wconf 89' lang='lat' dir='ltr'><strong><em>culpa</em></strong></span> <span class='ocrx_word' id='word_1_597' title='bbox 2715 3202 2823 3242; x_wconf 91' lang='lat' dir='ltr'><strong><em>non</em></strong></span> <span class='ocrx_word' id='word_1_598' title='bbox 2891 3199 3128 3255; x_wconf 85' lang='lat' dir='ltr'><strong><em>vacaret,</em></strong></span> <span class='ocrx_word' id='word_1_599' title='bbox 3187 3193 3451 3249; x_wconf 86' lang='lat' dir='ltr'><strong><em>abolitum</em></strong></span> 
     </span>
    </p>
   </div>
   <div class='ocr_carea' id='block_1_78' title="bbox 1873 3277 3454 3351">
    <p class='ocr_par' dir='ltr' id='par_1_78' title="bbox 1873 3277 3454 3351">
     <span class='ocr_line' id='line_1_78' title="bbox 1873 3277 3454 3351; baseline 0.003 -19"><span class='ocrx_word' id='word_1_600' title='bbox 1873 3277 2091 3333; x_wconf 85' lang='lat' dir='ltr'><strong><em>dicitur.</em></strong></span> <span class='ocrx_word' id='word_1_601' title='bbox 2123 3277 2448 3332; x_wconf 80' lang='lat' dir='ltr'><strong><em>lnveteravit</em></strong></span> <span class='ocrx_word' id='word_1_602' title='bbox 2473 3317 2488 3343; x_wconf 92' lang='lat'><strong><em>,</em></strong></span> <span class='ocrx_word' id='word_1_603' title='bbox 2514 3289 2564 3332; x_wconf 87' lang='lat' dir='ltr'><strong><em>et</em></strong></span> <span class='ocrx_word' id='word_1_604' title='bbox 2591 3279 2714 3333; x_wconf 81' lang='lat' dir='ltr'><strong><em>novi</em></strong></span> <span class='ocrx_word' id='word_1_605' title='bbox 2745 3294 2808 3333; x_wconf 89' lang='lat' dir='ltr'><strong><em>ac</em></strong></span> <span class='ocrx_word' id='word_1_606' title='bbox 2839 3282 3059 3336; x_wconf 81' lang='lat' dir='ltr'><strong><em>secundi</em></strong></span> <span class='ocrx_word' id='word_1_607' title='bbox 3091 3283 3347 3351; x_wconf 67' lang='lat' dir='ltr'><strong><em>quaesitus</em></strong></span> <span class='ocrx_word' id='word_1_608' title='bbox 3379 3286 3454 3338; x_wconf 87' lang='lat' dir='ltr'><strong><em>lo-</em></strong></span> 
     </span>
    </p>
   </div>
   <div class='ocr_carea' id='block_1_79' title="bbox 1872 3369 3450 3442">
    <p class='ocr_par' dir='ltr' id='par_1_79' title="bbox 1872 3369 3450 3442">
     <span class='ocr_line' id='line_1_79' title="bbox 1872 3369 3450 3442; baseline 0.003 -17"><span class='ocrx_word' id='word_1_609' title='bbox 1872 3386 1990 3437; x_wconf 86' lang='lat' dir='ltr'><strong><em>cus,</em></strong></span> <span class='ocrx_word' id='word_1_610' title='bbox 2033 3372 2086 3425; x_wconf 90' lang='lat' dir='ltr'><strong><em>in</em></strong></span> <span class='ocrx_word' id='word_1_611' title='bbox 2127 3370 2266 3440; x_wconf 90' lang='lat' dir='ltr'><strong><em>quod</em></strong></span> <span class='ocrx_word' id='word_1_612' title='bbox 2298 3369 2440 3423; x_wconf 90' lang='lat' dir='ltr'><strong><em>nulla</em></strong></span> <span class='ocrx_word' id='word_1_613' title='bbox 2476 3370 2846 3438; x_wconf 89' lang='lat' dir='ltr'><strong><em>reprehensio,</em></strong></span> <span class='ocrx_word' id='word_1_614' title='bbox 2893 3372 3046 3442; x_wconf 87' lang='lat' dir='ltr'><strong><em>culpa</em></strong></span> <span class='ocrx_word' id='word_1_615' title='bbox 3093 3373 3235 3427; x_wconf 91' lang='lat' dir='ltr'><strong><em>nulla</em></strong></span> <span class='ocrx_word' id='word_1_616' title='bbox 3287 3377 3450 3430; x_wconf 70' lang='lat' dir='ltr'><strong><em>cadit:</em></strong></span> 
     </span>
    </p>
   </div>
   <div class='ocr_carea' id='block_1_80' title="bbox 1877 3461 3452 3536">
    <p class='ocr_par' dir='ltr' id='par_1_80' title="bbox 1877 3461 3452 3536">
     <span class='ocr_line' id='line_1_80' title="bbox 1877 3461 3452 3536; baseline 0.003 -20"><span class='ocrx_word' id='word_1_617' title='bbox 1877 3461 1981 3516; x_wconf 89' lang='lat' dir='ltr'><strong><em>Per</em></strong></span> <span class='ocrx_word' id='word_1_618' title='bbox 2020 3462 2070 3516; x_wconf 92' lang='lat' dir='ltr'><strong><em>id</em></strong></span> <span class='ocrx_word' id='word_1_619' title='bbox 2103 3463 2244 3515; x_wconf 73' lang='lat' dir='ltr'><strong><em>enini</em></strong></span> <span class='ocrx_word' id='word_1_620' title='bbox 2273 3463 2436 3516; x_wconf 82' lang='lat' dir='ltr'><strong><em>verba</em></strong></span> <span class='ocrx_word' id='word_1_621' title='bbox 2469 3462 2614 3526; x_wconf 77' lang='lat' dir='ltr'><strong><em>fecit,</em></strong></span> <span class='ocrx_word' id='word_1_622' title='bbox 2646 3463 2738 3530; x_wconf 88' lang='lat' dir='ltr'><strong><em>qui</em></strong></span> <span class='ocrx_word' id='word_1_623' title='bbox 2789 3462 2951 3516; x_wconf 81' lang='lat' dir='ltr'><strong><em>etiam</em></strong></span> <span class='ocrx_word' id='word_1_624' title='bbox 2988 3482 3006 3514; x_wconf 81' lang='grc' dir='ltr'>ι</span> <span class='ocrx_word' id='word_1_625' title='bbox 3030 3469 3204 3536; x_wconf 88' lang='lat' dir='ltr'><strong><em>magni</em></strong></span> <span class='ocrx_word' id='word_1_626' title='bbox 3245 3466 3452 3520; x_wconf 86' lang='lat' dir='ltr'><strong><em>consilii</em></strong></span> 
     </span>
    </p>
   </div>
   <div class='ocr_carea' id='block_1_81' title="bbox 1871 3553 3498 3623">
    <p class='ocr_par' dir='ltr' id='par_1_81' title="bbox 1871 3553 3498 3623">
     <span class='ocr_line' id='line_1_81' title="bbox 1871 3553 3498 3623; baseline 0 -16"><span class='ocrx_word' id='word_1_627' title='bbox 1871 3554 2149 3623; x_wconf 67' lang='lat' dir='ltr'><strong><em>Angelus»</em></strong></span> <span class='ocrx_word' id='word_1_628' title='bbox 2186 3555 2358 3608; x_wconf 85' lang='lat' dir='ltr'><strong><em>dictus</em></strong></span> <span class='ocrx_word' id='word_1_629' title='bbox 2391 3562 2474 3606; x_wconf 88' lang='lat' dir='ltr'><strong><em>est</em></strong></span> <span class='ocrx_word' id='word_1_630' title='bbox 2501 3553 2570 3606; x_wconf 76' lang='grc'><strong><em>⁷⁸.</em></strong></span> <span class='ocrx_word' id='word_1_631' title='bbox 2623 3553 2789 3623; x_wconf 80' lang='lat'><strong><em>830</em></strong></span> <span class='ocrx_word' id='word_1_632' title='bbox 2831 3553 2997 3620; x_wconf 85' lang='lat' dir='ltr'><strong><em>Cuius</em></strong></span> <span class='ocrx_word' id='word_1_633' title='bbox 3050 3565 3133 3610; x_wconf 83' lang='lat' dir='ltr'><strong><em>est</em></strong></span> <span class='ocrx_word' id='word_1_634' title='bbox 3180 3564 3234 3610; x_wconf 90' lang='lat' dir='ltr'><strong><em>et</em></strong></span> <span class='ocrx_word' id='word_1_635' title='bbox 3273 3556 3398 3612; x_wconf 89' lang='lat' dir='ltr'><strong><em>illud</em></strong></span> <span class='ocrx_word' id='word_1_636' title='bbox 3435 3572 3449 3607; x_wconf 87' lang='lat'>:</span> <span class='ocrx_word' id='word_1_637' title='bbox 3488 3584 3498 3595; x_wconf 84' lang='lat'><strong>-</strong></span> 
     </span>
    </p>
   </div>
   <div class='ocr_carea' id='block_1_82' title="bbox 1878 3641 3453 3714">
    <p class='ocr_par' dir='ltr' id='par_1_82' title="bbox 1878 3641 3453 3714">
     <span class='ocr_line' id='line_1_82' title="bbox 1878 3641 3453 3714; baseline 0.002 -19"><span class='ocrx_word' id='word_1_638' title='bbox 1878 3664 1895 3695; x_wconf 86' lang='grc'><strong><em>‹</em></strong></span> <span class='ocrx_word' id='word_1_639' title='bbox 1919 3644 2077 3714; x_wconf 87' lang='lat' dir='ltr'><strong><em>Egoa</em></strong></span> <span class='ocrx_word' id='word_1_640' title='bbox 2110 3643 2325 3711; x_wconf 88' lang='lat' dir='ltr'><strong><em>meipso</em></strong></span> <span class='ocrx_word' id='word_1_641' title='bbox 2358 3657 2466 3696; x_wconf 88' lang='lat' dir='ltr'><strong><em>non</em></strong></span> <span class='ocrx_word' id='word_1_642' title='bbox 2492 3641 2681 3712; x_wconf 90' lang='lat' dir='ltr'><strong><em>loquor</em></strong></span> <span class='ocrx_word' id='word_1_643' title='bbox 2712 3659 2724 3694; x_wconf 94' lang='lat'><strong>:</strong></span> <span class='ocrx_word' id='word_1_644' title='bbox 2754 3642 2846 3696; x_wconf 89' lang='lat' dir='ltr'><strong><em>sed</em></strong></span> <span class='ocrx_word' id='word_1_645' title='bbox 2874 3643 2963 3714; x_wconf 90' lang='lat' dir='ltr'><strong><em>qui</em></strong></span> <span class='ocrx_word' id='word_1_646' title='bbox 2995 3644 3140 3699; x_wconf 90' lang='lat' dir='ltr'><strong><em>misit</em></strong></span> <span class='ocrx_word' id='word_1_647' title='bbox 3164 3661 3254 3700; x_wconf 90' lang='lat' dir='ltr'><strong><em>me</em></strong></span> <span class='ocrx_word' id='word_1_648' title='bbox 3271 3645 3453 3711; x_wconf 85' lang='lat' dir='ltr'><strong><em>Pater,</em></strong></span> 
     </span>
    </p>
   </div>
   <div class='ocr_carea' id='block_1_83' title="bbox 1874 3733 3454 3806">
    <p class='ocr_par' dir='ltr' id='par_1_83' title="bbox 1874 3733 3454 3806">
     <span class='ocr_line' id='line_1_83' title="bbox 1874 3733 3454 3806; baseline 0.003 -18"><span class='ocrx_word' id='word_1_649' title='bbox 1874 3736 1989 3806; x_wconf 90' lang='lat' dir='ltr'><strong><em>ipse</em></strong></span> <span class='ocrx_word' id='word_1_650' title='bbox 2028 3736 2341 3788; x_wconf 86' lang='lat' dir='ltr'><strong><em>mandatum</em></strong></span> <span class='ocrx_word' id='word_1_651' title='bbox 2377 3733 2522 3788; x_wconf 88' lang='lat' dir='ltr'><strong><em>dedit</em></strong></span> <span class='ocrx_word' id='word_1_652' title='bbox 2558 3733 2686 3786; x_wconf 89' lang='lat' dir='ltr'><strong><em>mihi</em></strong></span> <span class='ocrx_word' id='word_1_653' title='bbox 2717 3733 2843 3802; x_wconf 89' lang='lat' dir='ltr'><strong><em>quid</em></strong></span> <span class='ocrx_word' id='word_1_654' title='bbox 2883 3734 3152 3801; x_wconf 89' lang='lat' dir='ltr'><strong><em>dicam,et</em></strong></span> <span class='ocrx_word' id='word_1_655' title='bbox 3183 3737 3310 3805; x_wconf 86' lang='lat' dir='ltr'><strong><em>quid</em></strong></span> <span class='ocrx_word' id='word_1_656' title='bbox 3378 3739 3454 3794; x_wconf 87' lang='lat' dir='ltr'><strong><em>lo-</em></strong></span> 
     </span>
    </p>
   </div>
   <div class='ocr_carea' id='block_1_84' title="bbox 1871 3823 3456 3897">
    <p class='ocr_par' dir='ltr' id='par_1_84' title="bbox 1871 3823 3456 3897">
     <span class='ocr_line' id='line_1_84' title="bbox 1871 3823 3456 3897; baseline 0.003 -18"><span class='ocrx_word' id='word_1_657' title='bbox 1871 3841 2006 3894; x_wconf 88' lang='lat' dir='ltr'><strong><em>quar</em></strong></span> <span class='ocrx_word' id='word_1_658' title='bbox 2040 3827 2142 3879; x_wconf 69' lang='lat' dir='ltr'><strong><em>&quot;.n</em></strong></span> <span class='ocrx_word' id='word_1_659' title='bbox 2169 3824 2369 3896; x_wconf 80' lang='lat' dir='ltr'><strong><em>Aperte</em></strong></span> <span class='ocrx_word' id='word_1_660' title='bbox 2405 3825 2564 3893; x_wconf 79' lang='lat' dir='ltr'><strong><em>igitur</em></strong></span> <span class='ocrx_word' id='word_1_661' title='bbox 2616 3823 2991 3880; x_wconf 86' lang='lat' dir='ltr'><strong><em>sacerdotibus</em></strong></span> <span class='ocrx_word' id='word_1_662' title='bbox 3024 3824 3156 3897; x_wconf 88' lang='lat' dir='ltr'><strong><em>legis</em></strong></span> <span class='ocrx_word' id='word_1_663' title='bbox 3195 3829 3354 3893; x_wconf 70' lang='lat' dir='ltr'><strong><em>dixit,</em></strong></span> <span class='ocrx_word' id='word_1_664' title='bbox 3397 3847 3456 3883; x_wconf 88' lang='lat' dir='ltr'><strong><em>se</em></strong></span> 
     </span>
    </p>
   </div>
   <div class='ocr_carea' id='block_1_85' title="bbox 1877 3915 3457 3986">
    <p class='ocr_par' dir='ltr' id='par_1_85' title="bbox 1877 3915 3457 3986">
     <span class='ocr_line' id='line_1_85' title="bbox 1877 3915 3457 3986; baseline 0.004 -17"><span class='ocrx_word' id='word_1_665' title='bbox 1877 3917 2023 3986; x_wconf 90' lang='lat' dir='ltr'><strong><em>ipsos</em></strong></span> <span class='ocrx_word' id='word_1_666' title='bbox 2049 3917 2213 3981; x_wconf 82' lang='lat' dir='ltr'><strong><em>nolle,</em></strong></span> <span class='ocrx_word' id='word_1_667' title='bbox 2240 3917 2324 3971; x_wconf 64' lang='lat' dir='ltr'><strong><em>Vel</em></strong></span> <span class='ocrx_word' id='word_1_668' title='bbox 2382 3917 2558 3986; x_wconf 87' lang='lat' dir='ltr'><strong><em>potius</em></strong></span> <span class='ocrx_word' id='word_1_669' title='bbox 2602 3932 2658 3969; x_wconf 81' lang='lat' dir='ltr'><strong><em>se</em></strong></span> <span class='ocrx_word' id='word_1_670' title='bbox 2692 3916 2747 3970; x_wconf 88' lang='lat' dir='ltr'><strong><em>in</em></strong></span> <span class='ocrx_word' id='word_1_671' title='bbox 2799 3915 2934 3986; x_wconf 90' lang='lat' dir='ltr'><strong><em>ipsis</em></strong></span> <span class='ocrx_word' id='word_1_672' title='bbox 2968 3917 3296 3973; x_wconf 88' lang='lat' dir='ltr'><strong><em>voluntatem</em></strong></span> <span class='ocrx_word' id='word_1_673' title='bbox 3349 3938 3457 3976; x_wconf 86' lang='lat' dir='ltr'><strong><em>non</em></strong></span> 
     </span>
    </p>
   </div>
   <div class='ocr_carea' id='block_1_86' title="bbox 1872 4007 3455 4081">
    <p class='ocr_par' dir='ltr' id='par_1_86' title="bbox 1872 4007 3455 4081">
     <span class='ocr_line' id='line_1_86' title="bbox 1872 4007 3455 4081; baseline 0.003 -19"><span class='ocrx_word' id='word_1_674' title='bbox 1872 4008 2094 4074; x_wconf 85' lang='lat' dir='ltr'><strong><em>habere,</em></strong></span> <span class='ocrx_word' id='word_1_675' title='bbox 2135 4009 2187 4062; x_wconf 91' lang='lat' dir='ltr'><strong><em>in</em></strong></span> <span class='ocrx_word' id='word_1_676' title='bbox 2225 4007 2412 4061; x_wconf 86' lang='lat' dir='ltr'><strong><em>mnbra</em></strong></span> <span class='ocrx_word' id='word_1_677' title='bbox 2441 4022 2636 4077; x_wconf 88' lang='lat' dir='ltr'><strong><em>nempe</em></strong></span> <span class='ocrx_word' id='word_1_678' title='bbox 2686 4019 2739 4062; x_wconf 86' lang='lat' dir='ltr'><strong><em>et</em></strong></span> <span class='ocrx_word' id='word_1_679' title='bbox 2774 4009 2960 4080; x_wconf 82' lang='lat' dir='ltr'><strong><em>ﬁguris</em></strong></span> <span class='ocrx_word' id='word_1_680' title='bbox 3003 4010 3455 4081; x_wconf 73' lang='lat' dir='ltr'><strong><em>saeriﬂcannibm,</em></strong></span> 
     </span>
    </p>
   </div>
   <div class='ocr_carea' id='block_1_87' title="bbox 1871 4096 3454 4166">
    <p class='ocr_par' dir='ltr' id='par_1_87' title="bbox 1871 4096 3454 4166">
     <span class='ocr_line' id='line_1_87' title="bbox 1871 4096 3454 4166; baseline 0.002 -14"><span class='ocrx_word' id='word_1_681' title='bbox 1871 4111 2166 4166; x_wconf 86' lang='lat' dir='ltr'><strong><em>eorumque</em></strong></span> <span class='ocrx_word' id='word_1_682' title='bbox 2198 4111 2352 4152; x_wconf 87' lang='lat' dir='ltr'><strong><em>sacra</em></strong></span> <span class='ocrx_word' id='word_1_683' title='bbox 2377 4112 2485 4150; x_wconf 87' lang='lat' dir='ltr'><strong><em>non</em></strong></span> <span class='ocrx_word' id='word_1_684' title='bbox 2509 4108 2905 4166; x_wconf 87' lang='lat' dir='ltr'><strong><em>suscepturum.</em></strong></span> <span class='ocrx_word' id='word_1_685' title='bbox 2924 4096 3255 4152; x_wconf 69' lang='lat' dir='ltr'><strong><em>Prreuuutiat</em></strong></span> <span class='ocrx_word' id='word_1_686' title='bbox 3274 4113 3454 4157; x_wconf 83' lang='lat' dir='ltr'><strong><em>autem</em></strong></span> 
     </span>
    </p>
   </div>
   <div class='ocr_carea' id='block_1_88' title="bbox 1874 4187 3455 4258">
    <p class='ocr_par' dir='ltr' id='par_1_88' title="bbox 1874 4187 3455 4258">
     <span class='ocr_line' id='line_1_88' title="bbox 1874 4187 3455 4258; baseline 0.005 -16"><span class='ocrx_word' id='word_1_687' title='bbox 1874 4187 1988 4244; x_wconf 82' lang='lat' dir='ltr'><strong><em>fore</em></strong></span> <span class='ocrx_word' id='word_1_688' title='bbox 2025 4205 2275 4258; x_wconf 88' lang='lat' dir='ltr'><strong><em>magnum</em></strong></span> <span class='ocrx_word' id='word_1_689' title='bbox 2306 4197 2361 4243; x_wconf 88' lang='lat' dir='ltr'><strong><em>et</em></strong></span> <span class='ocrx_word' id='word_1_690' title='bbox 2389 4189 2593 4243; x_wconf 85' lang='lat' dir='ltr'><strong><em>illustre</em></strong></span> <span class='ocrx_word' id='word_1_691' title='bbox 2623 4203 2821 4242; x_wconf 88' lang='lat' dir='ltr'><strong><em>nomen</em></strong></span> <span class='ocrx_word' id='word_1_692' title='bbox 2863 4205 3018 4244; x_wconf 84' lang='lat' dir='ltr'><strong><em>suum</em></strong></span> <span class='ocrx_word' id='word_1_693' title='bbox 3060 4192 3199 4258; x_wconf 89' lang='lat' dir='ltr'><strong><em>apud</em></strong></span> <span class='ocrx_word' id='word_1_694' title='bbox 3263 4209 3455 4250; x_wconf 86' lang='lat' dir='ltr'><strong><em>omnes</em></strong></span> 
     </span>
    </p>
   </div>
   <div class='ocr_carea' id='block_1_89' title="bbox 1875 4278 3458 4351">
    <p class='ocr_par' dir='ltr' id='par_1_89' title="bbox 1875 4278 3458 4351">
     <span class='ocr_line' id='line_1_89' title="bbox 1875 4278 3458 4351; baseline 0.006 -21"><span class='ocrx_word' id='word_1_695' title='bbox 1875 4285 1987 4332; x_wconf 92' lang='lat' dir='ltr'><strong><em>toto</em></strong></span> <span class='ocrx_word' id='word_1_696' title='bbox 2015 4278 2146 4334; x_wconf 88' lang='lat' dir='ltr'><strong><em>orbe</em></strong></span> <span class='ocrx_word' id='word_1_697' title='bbox 2184 4278 2464 4344; x_wconf 86' lang='lat' dir='ltr'><strong><em>mortales,</em></strong></span> <span class='ocrx_word' id='word_1_698' title='bbox 2505 4288 2560 4333; x_wconf 86' lang='lat' dir='ltr'><strong><em>et</em></strong></span> <span class='ocrx_word' id='word_1_699' title='bbox 2594 4279 2648 4333; x_wconf 89' lang='lat' dir='ltr'><strong><em>in</em></strong></span> <span class='ocrx_word' id='word_1_700' title='bbox 2675 4280 2820 4334; x_wconf 91' lang='lat' dir='ltr'><strong><em>omni</em></strong></span> <span class='ocrx_word' id='word_1_701' title='bbox 2859 4280 2978 4335; x_wconf 90' lang='lat' dir='ltr'><strong><em>loco</em></strong></span> <span class='ocrx_word' id='word_1_702' title='bbox 3006 4293 3070 4337; x_wconf 88' lang='lat' dir='ltr'><strong><em>ac</em></strong></span> <span class='ocrx_word' id='word_1_703' title='bbox 3099 4295 3259 4351; x_wconf 87' lang='lat' dir='ltr'><strong><em>gente</em></strong></span> <span class='ocrx_word' id='word_1_704' title='bbox 3291 4289 3458 4340; x_wconf 78' lang='lat' dir='ltr'><strong><em>sacri-</em></strong></span> 
     </span>
    </p>
   </div>
   <div class='ocr_carea' id='block_1_90' title="bbox 1877 4370 3456 4432">
    <p class='ocr_par' dir='ltr' id='par_1_90' title="bbox 1877 4370 3456 4432">
     <span class='ocr_line' id='line_1_90' title="bbox 1877 4370 3456 4432; baseline 0.004 -8"><span class='ocrx_word' id='word_1_705' title='bbox 1877 4370 2054 4427; x_wconf 79' lang='lat' dir='ltr'><strong><em>{icium</em></strong></span> <span class='ocrx_word' id='word_1_706' title='bbox 2087 4372 2346 4426; x_wconf 89' lang='lat' dir='ltr'><strong><em>mundum</em></strong></span> <span class='ocrx_word' id='word_1_707' title='bbox 2374 4381 2429 4426; x_wconf 89' lang='lat' dir='ltr'><strong><em>et</em></strong></span> <span class='ocrx_word' id='word_1_708' title='bbox 2455 4372 2796 4426; x_wconf 87' lang='lat' dir='ltr'><strong><em>incruentum</em></strong></span> <span class='ocrx_word' id='word_1_709' title='bbox 2837 4373 3040 4428; x_wconf 90' lang='lat' dir='ltr'><strong><em>nomini</em></strong></span> <span class='ocrx_word' id='word_1_710' title='bbox 3083 4389 3179 4428; x_wconf 90' lang='lat' dir='ltr'><strong><em>suo</em></strong></span> <span class='ocrx_word' id='word_1_711' title='bbox 3217 4377 3456 4432; x_wconf 86' lang='lat' dir='ltr'><strong><em>oblatum</em></strong></span> 
     </span>
    </p>
   </div>
   <div class='ocr_carea' id='block_1_91' title="bbox 1879 4459 3460 4535">
    <p class='ocr_par' dir='ltr' id='par_1_91' title="bbox 1879 4459 3460 4535">
     <span class='ocr_line' id='line_1_91' title="bbox 1879 4459 3460 4535; baseline 0.005 -21"><span class='ocrx_word' id='word_1_712' title='bbox 1879 4459 1966 4527; x_wconf 79' lang='lat' dir='ltr'><strong><em>iri,</em></strong></span> <span class='ocrx_word' id='word_1_713' title='bbox 1986 4477 2090 4516; x_wconf 91' lang='lat' dir='ltr'><strong><em>non</em></strong></span> <span class='ocrx_word' id='word_1_714' title='bbox 2115 4461 2225 4530; x_wconf 81' lang='lat' dir='ltr'><strong><em>jam</em></strong></span> <span class='ocrx_word' id='word_1_715' title='bbox 2258 4460 2632 4517; x_wconf 81' lang='lat' dir='ltr'><strong><em>sacerdotibus</em></strong></span> <span class='ocrx_word' id='word_1_716' title='bbox 2660 4463 2766 4516; x_wconf 89' lang='lat' dir='ltr'><strong><em>illis</em></strong></span> <span class='ocrx_word' id='word_1_717' title='bbox 2791 4464 2907 4533; x_wconf 87' lang='lat' dir='ltr'><strong><em>ejus</em></strong></span> <span class='ocrx_word' id='word_1_718' title='bbox 2932 4463 3245 4535; x_wconf 84' lang='lat' dir='ltr'><strong><em>dignitatem</em></strong></span> <span class='ocrx_word' id='word_1_719' title='bbox 3264 4469 3460 4522; x_wconf 83' lang='lat' dir='ltr'><strong><em>obscu-</em></strong></span> 
     </span>
    </p>
   </div>
   <div class='ocr_carea' id='block_1_92' title="bbox 179 4549 1779 4626">
    <p class='ocr_par' dir='ltr' id='par_1_92' title="bbox 179 4549 1778 4626">
     <span class='ocr_line' id='line_1_92' title="bbox 179 4549 1778 4626; baseline -0.005 -16"><span class='ocrx_word' id='word_1_720' title='bbox 179 4559 373 4612; x_wconf 73' lang='grc' dir='ltr'>πᾶσαν</span> <span class='ocrx_word' id='word_1_721' title='bbox 424 4556 520 4626; x_wconf 79' lang='grc' dir='ltr'>τὴν</span> <span class='ocrx_word' id='word_1_722' title='bbox 571 4556 660 4608; x_wconf 77' lang='grc' dir='ltr'>ὐπ’</span> <span class='ocrx_word' id='word_1_723' title='bbox 686 4553 936 4624; x_wconf 77' lang='grc' dir='ltr'>οὐρανὸν,</span> <span class='ocrx_word' id='word_1_724' title='bbox 965 4553 1056 4606; x_wconf 72' lang='grc' dir='ltr'><strong><em>καὶ</em></strong></span> <span class='ocrx_word' id='word_1_725' title='bbox 1090 4553 1150 4605; x_wconf 86' lang='grc' dir='ltr'><strong><em>ἐν</em></strong></span> <span class='ocrx_word' id='word_1_726' title='bbox 1199 4551 1362 4604; x_wconf 72' lang='grc' dir='ltr'>παντὶ</span> <span class='ocrx_word' id='word_1_727' title='bbox 1409 4549 1558 4619; x_wconf 83' lang='grc' dir='ltr'>τόπῳ</span> <span class='ocrx_word' id='word_1_728' title='bbox 1594 4566 1652 4601; x_wconf 87' lang='grc' dir='ltr'><strong><em>τε</em></strong></span> <span class='ocrx_word' id='word_1_729' title='bbox 1685 4549 1778 4602; x_wconf 73' lang='grc' dir='ltr'><strong><em>καὶ</em></strong></span> 
     </span>
    </p>
   </div>
   <div class='ocr_carea' id='block_1_93' title="bbox 1865 4549 3456 4626">
    <p class='ocr_par' dir='ltr' id='par_1_93' title="bbox 1888 4550 3456 4619">
     <span class='ocr_line' id='line_1_93' title="bbox 1888 4550 3456 4619; baseline 0.004 -15"><span class='ocrx_word' id='word_1_730' title='bbox 1888 4551 2149 4614; x_wconf 85' lang='lat' dir='ltr'><strong><em>rantibus,</em></strong></span> <span class='ocrx_word' id='word_1_731' title='bbox 2190 4565 2369 4619; x_wconf 87' lang='lat' dir='ltr'><strong><em>neque</em></strong></span> <span class='ocrx_word' id='word_1_732' title='bbox 2431 4550 2705 4605; x_wconf 82' lang='lat' dir='ltr'><strong><em>incuriose</em></strong></span> <span class='ocrx_word' id='word_1_733' title='bbox 2763 4552 3097 4618; x_wconf 87' lang='lat' dir='ltr'><strong><em>spiritualem</em></strong></span> <span class='ocrx_word' id='word_1_734' title='bbox 3149 4556 3352 4611; x_wconf 88' lang='lat' dir='ltr'><strong><em>cultum</em></strong></span> <span class='ocrx_word' id='word_1_735' title='bbox 3407 4558 3456 4613; x_wconf 88' lang='lat' dir='ltr'><strong><em>ei</em></strong></span> 
     </span>
    </p>
   </div>
   <div class='ocr_carea' id='block_1_94' title="bbox 179 4641 1776 4718">
    <p class='ocr_par' dir='ltr' id='par_1_94' title="bbox 179 4641 1776 4718">
     <span class='ocr_line' id='line_1_94' title="bbox 179 4641 1776 4718; baseline -0.006 -16"><span class='ocrx_word' id='word_1_736' title='bbox 179 4649 334 4703; x_wconf 80' lang='grc' dir='ltr'>ἔθνει</span> <span class='ocrx_word' id='word_1_737' title='bbox 373 4647 557 4702; x_wconf 84' lang='grc' dir='ltr'>θυσίαι</span> <span class='ocrx_word' id='word_1_738' title='bbox 591 4646 833 4718; x_wconf 61' lang='grc' dir='ltr'><strong><em>καθαραὶ¹</em></strong></span> <span class='ocrx_word' id='word_1_739' title='bbox 875 4645 970 4698; x_wconf 70' lang='grc' dir='ltr'><strong><em>καὶ</em></strong></span> <span class='ocrx_word' id='word_1_740' title='bbox 1007 4642 1336 4713; x_wconf 87' lang='grc' dir='ltr'>ἀναίμακτοι</span> <span class='ocrx_word' id='word_1_741' title='bbox 1372 4641 1776 4712; x_wconf 83' lang='grc' dir='ltr'>προσκομισθή-</span> 
     </span>
    </p>
   </div>
   <div class='ocr_carea' id='block_1_95' title="bbox 181 4732 1778 4810">
    <p class='ocr_par' dir='ltr' id='par_1_95' title="bbox 181 4732 1778 4810">
     <span class='ocr_line' id='line_1_95' title="bbox 181 4732 1778 4810; baseline -0.006 -16"><span class='ocrx_word' id='word_1_742' title='bbox 181 4758 378 4794; x_wconf 86' lang='grc' dir='ltr'>σονται</span> <span class='ocrx_word' id='word_1_743' title='bbox 423 4739 503 4810; x_wconf 83' lang='grc' dir='ltr'>τῷ</span> <span class='ocrx_word' id='word_1_744' title='bbox 549 4739 773 4809; x_wconf 80' lang='grc' dir='ltr'>ὀνόματι</span> <span class='ocrx_word' id='word_1_745' title='bbox 807 4735 995 4801; x_wconf 85' lang='grc' dir='ltr'>αὐτοῦ,</span> <span class='ocrx_word' id='word_1_746' title='bbox 1033 4734 1584 4805; x_wconf 84' lang='grc' dir='ltr'>κατασμικρυνόντων</span> <span class='ocrx_word' id='word_1_747' title='bbox 1616 4732 1778 4788; x_wconf 84' lang='grc' dir='ltr'>αὐτὸν</span> 
     </span>
    </p>
   </div>
   <div class='ocr_carea' id='block_1_96' title="bbox 181 4822 1780 4901">
    <p class='ocr_par' dir='ltr' id='par_1_96' title="bbox 181 4822 1780 4901">
     <span class='ocr_line' id='line_1_96' title="bbox 181 4822 1780 4901; baseline -0.006 -19"><span class='ocrx_word' id='word_1_748' title='bbox 181 4829 378 4883; x_wconf 80' lang='grc' dir='ltr'>οὐκέτι</span> <span class='ocrx_word' id='word_1_749' title='bbox 409 4829 520 4883; x_wconf 85' lang='grc' dir='ltr'><strong><em>τῶν</em></strong></span> <span class='ocrx_word' id='word_1_750' title='bbox 555 4827 870 4901; x_wconf 80' lang='grc' dir='ltr'>ἱερουργῶν,</span> <span class='ocrx_word' id='word_1_751' title='bbox 899 4824 1020 4878; x_wconf 82' lang='grc' dir='ltr'>οὐτε</span> <span class='ocrx_word' id='word_1_752' title='bbox 1059 4823 1162 4896; x_wconf 82' lang='grc' dir='ltr'><strong><em>μὴν</em></strong></span> <span class='ocrx_word' id='word_1_753' title='bbox 1194 4822 1451 4896; x_wconf 78' lang='grc' dir='ltr'>ῥᾳθύμως</span> <span class='ocrx_word' id='word_1_754' title='bbox 1479 4839 1780 4893; x_wconf 84' lang='grc' dir='ltr'>προσκομι-</span> 
     </span>
    </p>
   </div>
   <div class='ocr_carea' id='block_1_97' title="bbox 183 4915 1780 4991">
    <p class='ocr_par' dir='ltr' id='par_1_97' title="bbox 183 4915 1780 4991">
     <span class='ocr_line' id='line_1_97' title="bbox 183 4915 1780 4991; baseline -0.006 -16"><span class='ocrx_word' id='word_1_755' title='bbox 183 4922 399 4986; x_wconf 79' lang='grc' dir='ltr'>ζόντων</span> <span class='ocrx_word' id='word_1_756' title='bbox 443 4920 594 4991; x_wconf 84' lang='grc' dir='ltr'>αὐτῷ</span> <span class='ocrx_word' id='word_1_757' title='bbox 648 4920 749 4983; x_wconf 84' lang='grc' dir='ltr'>τὰς</span> <span class='ocrx_word' id='word_1_758' title='bbox 801 4916 1178 4988; x_wconf 84' lang='grc' dir='ltr'>πνευματικὰς</span> <span class='ocrx_word' id='word_1_759' title='bbox 1228 4915 1511 4986; x_wconf 85' lang='grc' dir='ltr'>λατρείας·</span> <span class='ocrx_word' id='word_1_760' title='bbox 1565 4915 1679 4968; x_wconf 79' lang='grc' dir='ltr'>ἀλλ’</span> <span class='ocrx_word' id='word_1_761' title='bbox 1723 4915 1780 4967; x_wconf 86' lang='grc' dir='ltr'><strong><em>ἐν</em></strong></span> 
     </span>
    </p>
   </div>
   <div class='ocr_carea' id='block_1_98' title="bbox 186 4996 1780 5078">
    <p class='ocr_par' dir='ltr' id='par_1_98' title="bbox 186 4996 1780 5078">
     <span class='ocr_line' id='line_1_98' title="bbox 186 4996 1780 5078; baseline -0.003 -18"><span class='ocrx_word' id='word_1_762' title='bbox 186 5008 425 5078; x_wconf 81' lang='grc' dir='ltr'>σπουδῇ,</span> <span class='ocrx_word' id='word_1_763' title='bbox 448 5009 543 5062; x_wconf 78' lang='grc' dir='ltr'><strong><em>καὶ</em></strong></span> <span class='ocrx_word' id='word_1_764' title='bbox 570 5005 864 5078; x_wconf 74' lang='grc' dir='ltr'>ἐπιεικείᾳ,</span> <span class='ocrx_word' id='word_1_765' title='bbox 889 4996 984 5058; x_wconf 67' lang='grc' dir='ltr'>καὶ</span> <span class='ocrx_word' id='word_1_766' title='bbox 1003 5003 1282 5075; x_wconf 82' lang='grc' dir='ltr'>ἁγιασμῷ,</span> <span class='ocrx_word' id='word_1_767' title='bbox 1317 5004 1414 5067; x_wconf 87' lang='grc' dir='ltr'>τὰς</span> <span class='ocrx_word' id='word_1_768' title='bbox 1439 5003 1548 5057; x_wconf 89' lang='grc' dir='ltr'><strong><em>τῶν</em></strong></span> <span class='ocrx_word' id='word_1_769' title='bbox 1575 5004 1780 5074; x_wconf 88' lang='grc' dir='ltr'>νοητῶν</span> 
     </span>
    </p>
   </div>
   <div class='ocr_carea' id='block_1_99' title="bbox 183 5095 1779 5170">
    <p class='ocr_par' dir='ltr' id='par_1_99' title="bbox 183 5095 1779 5170">
     <span class='ocr_line' id='line_1_99' title="bbox 183 5095 1779 5170; baseline -0.004 -17"><span class='ocrx_word' id='word_1_770' title='bbox 183 5100 560 5170; x_wconf 84' lang='grc' dir='ltr'>θυμιαμάτων</span> <span class='ocrx_word' id='word_1_771' title='bbox 622 5099 849 5164; x_wconf 79' lang='grc' dir='ltr'>εὐωδίας</span> <span class='ocrx_word' id='word_1_772' title='bbox 906 5095 1260 5167; x_wconf 72' lang='grc' dir='ltr'>ἀνακομίζειν</span> <span class='ocrx_word' id='word_1_773' title='bbox 1324 5097 1737 5151; x_wconf 82' lang='grc' dir='ltr'>ἐσπουδακότων</span> <span class='ocrx_word' id='word_1_774' title='bbox 1764 5137 1779 5161; x_wconf 89' lang='grc'><strong><em>,</em></strong></span> 
     </span>
    </p>
   </div>
   <div class='ocr_carea' id='block_1_100' title="bbox 182 5191 1783 5262">
    <p class='ocr_par' dir='ltr' id='par_1_100' title="bbox 182 5191 1783 5262">
     <span class='ocr_line' id='line_1_100' title="bbox 182 5191 1783 5262; baseline 0.001 -19"><span class='ocrx_word' id='word_1_775' title='bbox 182 5191 468 5256; x_wconf 80' lang='grc' dir='ltr'>τουτέστι,</span> <span class='ocrx_word' id='word_1_776' title='bbox 506 5191 710 5255; x_wconf 84' lang='grc' dir='ltr'>πίστιν,</span> <span class='ocrx_word' id='word_1_777' title='bbox 743 5191 954 5255; x_wconf 80' lang='grc' dir='ltr'>ἐλπίδα,</span> <span class='ocrx_word' id='word_1_778' title='bbox 989 5191 1232 5262; x_wconf 82' lang='grc' dir='ltr'>ἀγάπην,</span> <span class='ocrx_word' id='word_1_779' title='bbox 1262 5192 1357 5244; x_wconf 69' lang='grc' dir='ltr'>καὶ</span> <span class='ocrx_word' id='word_1_780' title='bbox 1387 5191 1454 5245; x_wconf 73' lang='grc' dir='ltr'>τὰ</span> <span class='ocrx_word' id='word_1_781' title='bbox 1501 5191 1559 5258; x_wconf 80' lang='grc' dir='ltr'><strong><em>ἐξ</em></strong></span> <span class='ocrx_word' id='word_1_782' title='bbox 1607 5192 1783 5262; x_wconf 81' lang='grc' dir='ltr'>ἔργων</span> 
     </span>
    </p>
   </div>
   <div class='ocr_carea' id='block_1_101' title="bbox 183 5281 1784 5354">
    <p class='ocr_par' dir='ltr' id='par_1_101' title="bbox 183 5281 1784 5354">
     <span class='ocr_line' id='line_1_101' title="bbox 183 5281 1784 5354; baseline 0.001 -18"><span class='ocrx_word' id='word_1_783' title='bbox 183 5281 419 5349; x_wconf 77' lang='grc' dir='ltr'>ἀγαθῶν</span> <span class='ocrx_word' id='word_1_784' title='bbox 465 5283 761 5352; x_wconf 82' lang='grc' dir='ltr'>αὐχήματα</span> <span class='ocrx_word' id='word_1_785' title='bbox 786 5323 800 5346; x_wconf 89' lang='grc'><strong><em>,</em></strong></span> <span class='ocrx_word' id='word_1_786' title='bbox 850 5283 1330 5354; x_wconf 83' lang='grc' dir='ltr'>προστεταγμένης</span> <span class='ocrx_word' id='word_1_787' title='bbox 1388 5282 1631 5352; x_wconf 77' lang='grc' dir='ltr'>δηλονότι</span> <span class='ocrx_word' id='word_1_788' title='bbox 1686 5284 1784 5353; x_wconf 80' lang='grc' dir='ltr'>τῆς</span> 
     </span>
    </p>
   </div>
   <div class='ocr_carea' id='block_1_102' title="bbox 1885 4641 3462 4711">
    <p class='ocr_par' dir='ltr' id='par_1_102' title="bbox 1885 4641 3462 4711">
     <span class='ocr_line' id='line_1_102' title="bbox 1885 4641 3462 4711; baseline 0.004 -15"><span class='ocrx_word' id='word_1_789' title='bbox 1885 4642 2256 4705; x_wconf 76' lang='lat' dir='ltr'><strong><em>oﬂereutibus,</em></strong></span> <span class='ocrx_word' id='word_1_790' title='bbox 2283 4641 2375 4698; x_wconf 81' lang='lat' dir='ltr'><strong><em>sed</em></strong></span> <span class='ocrx_word' id='word_1_791' title='bbox 2406 4657 2527 4696; x_wconf 87' lang='lat' dir='ltr'><strong><em>cum</em></strong></span> <span class='ocrx_word' id='word_1_792' title='bbox 2563 4641 2858 4711; x_wconf 74' lang='lat' dir='ltr'><strong><em>diligentia,</em></strong></span> <span class='ocrx_word' id='word_1_793' title='bbox 2892 4654 2949 4700; x_wconf 90' lang='lat' dir='ltr'><strong><em>et</em></strong></span> <span class='ocrx_word' id='word_1_794' title='bbox 2975 4646 3234 4711; x_wconf 88' lang='lat' dir='ltr'><strong><em>bonitate,</em></strong></span> <span class='ocrx_word' id='word_1_795' title='bbox 3265 4658 3319 4703; x_wconf 89' lang='lat' dir='ltr'><strong><em>et</em></strong></span> <span class='ocrx_word' id='word_1_796' title='bbox 3340 4652 3462 4703; x_wconf 72' lang='lat' dir='ltr'><strong><em>san&quot;-</em></strong></span> 
     </span>
    </p>
   </div>
   <div class='ocr_carea' id='block_1_103' title="bbox 1888 4735 3461 4803">
    <p class='ocr_par' dir='ltr' id='par_1_103' title="bbox 1888 4735 3461 4803">
     <span class='ocr_line' id='line_1_103' title="bbox 1888 4735 3461 4803; baseline 0.004 -15"><span class='ocrx_word' id='word_1_797' title='bbox 1888 4735 2148 4789; x_wconf 86' lang='lat' dir='ltr'><strong><em>etimonia</em></strong></span> <span class='ocrx_word' id='word_1_798' title='bbox 2179 4735 2521 4788; x_wconf 79' lang='lat' dir='ltr'><strong><em>incensorum</em></strong></span> <span class='ocrx_word' id='word_1_799' title='bbox 2546 4735 2907 4803; x_wconf 87' lang='lat' dir='ltr'><strong><em>spiritualium</em></strong></span> <span class='ocrx_word' id='word_1_800' title='bbox 2936 4740 3355 4794; x_wconf 85' lang='lat' dir='ltr'><strong><em>suaveolentiam</em></strong></span> <span class='ocrx_word' id='word_1_801' title='bbox 3386 4740 3461 4795; x_wconf 79' lang='lat' dir='ltr'><strong><em>of-</em></strong></span> 
     </span>
    </p>
   </div>
   <div class='ocr_carea' id='block_1_104' title="bbox 1888 4826 3459 4900">
    <p class='ocr_par' dir='ltr' id='par_1_104' title="bbox 1888 4826 3459 4900">
     <span class='ocr_line' id='line_1_104' title="bbox 1888 4826 3459 4900; baseline 0.004 -18"><span class='ocrx_word' id='word_1_802' title='bbox 1888 4828 2028 4883; x_wconf 83' lang='lat' dir='ltr'><strong><em>ferre</em></strong></span> <span class='ocrx_word' id='word_1_803' title='bbox 2053 4826 2437 4898; x_wconf 83' lang='lat' dir='ltr'><strong><em>satageutibus,</em></strong></span> <span class='ocrx_word' id='word_1_804' title='bbox 2471 4827 2639 4883; x_wconf 66' lang='lat' dir='ltr'><strong><em>iidem‘</em></strong></span> <span class='ocrx_word' id='word_1_805' title='bbox 2667 4828 2889 4896; x_wconf 86' lang='lat' dir='ltr'><strong><em>scilicet,</em></strong></span> <span class='ocrx_word' id='word_1_806' title='bbox 2919 4846 3089 4900; x_wconf 88' lang='lat' dir='ltr'><strong><em>spem,</em></strong></span> <span class='ocrx_word' id='word_1_807' title='bbox 3139 4833 3459 4890; x_wconf 85' lang='lat' dir='ltr'><strong><em>eharitatem</em></strong></span> 
     </span>
    </p>
   </div>
   <div class='ocr_carea' id='block_1_105' title="bbox 1886 4918 3462 4990">
    <p class='ocr_par' dir='ltr' id='par_1_105' title="bbox 1886 4918 3462 4990">
     <span class='ocr_line' id='line_1_105' title="bbox 1886 4918 3462 4990; baseline 0.001 -16"><span class='ocrx_word' id='word_1_808' title='bbox 1886 4929 1940 4974; x_wconf 91' lang='lat' dir='ltr'><strong><em>et</em></strong></span> <span class='ocrx_word' id='word_1_809' title='bbox 1999 4919 2413 4974; x_wconf 86' lang='lat' dir='ltr'><strong><em>houestamenta</em></strong></span> <span class='ocrx_word' id='word_1_810' title='bbox 2470 4918 2734 4972; x_wconf 86' lang='lat' dir='ltr'><strong><em>bonorum</em></strong></span> <span class='ocrx_word' id='word_1_811' title='bbox 2773 4935 3018 4990; x_wconf 89' lang='lat' dir='ltr'><strong><em>operum,</em></strong></span> <span class='ocrx_word' id='word_1_812' title='bbox 3058 4923 3128 4977; x_wconf 90' lang='lat' dir='ltr'><strong><em>ita</em></strong></span> <span class='ocrx_word' id='word_1_813' title='bbox 3168 4925 3462 4980; x_wconf 88' lang='lat' dir='ltr'><strong><em>constituto</em></strong></span> 
     </span>
    </p>
   </div>
   <div class='ocr_carea' id='block_1_106' title="bbox 1887 5009 3463 5085">
    <p class='ocr_par' dir='ltr' id='par_1_106' title="bbox 1887 5009 3463 5085">
     <span class='ocr_line' id='line_1_106' title="bbox 1887 5009 3463 5085; baseline 0.001 -19"><span class='ocrx_word' id='word_1_814' title='bbox 1887 5012 2091 5067; x_wconf 87' lang='lat' dir='ltr'><strong><em>scilicet</em></strong></span> <span class='ocrx_word' id='word_1_815' title='bbox 2127 5011 2328 5066; x_wconf 82' lang='lat' dir='ltr'><strong><em>Christi</em></strong></span> <span class='ocrx_word' id='word_1_816' title='bbox 2384 5009 2652 5064; x_wconf 76' lang='lat' dir='ltr'><strong><em>sacrificio</em></strong></span> <span class='ocrx_word' id='word_1_817' title='bbox 2701 5011 2907 5066; x_wconf 76' lang='lat' dir='ltr'><strong><em>ctrlesti</em></strong></span> <span class='ocrx_word' id='word_1_818' title='bbox 2968 5029 3027 5068; x_wconf 87' lang='lat' dir='ltr'><strong><em>ac</em></strong></span> <span class='ocrx_word' id='word_1_819' title='bbox 3081 5015 3317 5079; x_wconf 80' lang='lat' dir='ltr'><strong><em>viviﬁco,</em></strong></span> <span class='ocrx_word' id='word_1_820' title='bbox 3369 5029 3463 5085; x_wconf 88' lang='lat' dir='ltr'><strong><em>per</em></strong></span> 
     </span>
    </p>
   </div>
   <div class='ocr_carea' id='block_1_107' title="bbox 1887 5105 3461 5174">
    <p class='ocr_par' dir='ltr' id='par_1_107' title="bbox 1887 5105 3461 5174">
     <span class='ocr_line' id='line_1_107' title="bbox 1887 5105 3461 5174; baseline 0.002 -18"><span class='ocrx_word' id='word_1_821' title='bbox 1887 5105 2031 5174; x_wconf 88' lang='lat' dir='ltr'><strong><em>quod</em></strong></span> <span class='ocrx_word' id='word_1_822' title='bbox 2090 5107 2359 5157; x_wconf 87' lang='lat' dir='ltr'><strong><em>destructa</em></strong></span> <span class='ocrx_word' id='word_1_823' title='bbox 2412 5113 2493 5157; x_wconf 88' lang='lat' dir='ltr'><strong><em>est</em></strong></span> <span class='ocrx_word' id='word_1_824' title='bbox 2536 5118 2723 5169; x_wconf 90' lang='lat' dir='ltr'><strong><em>mors,</em></strong></span> <span class='ocrx_word' id='word_1_825' title='bbox 2772 5115 2825 5156; x_wconf 81' lang='lat' dir='ltr'><strong><em>et</em></strong></span> <span class='ocrx_word' id='word_1_826' title='bbox 2875 5121 2998 5159; x_wconf 88' lang='lat' dir='ltr'><strong><em>caro</em></strong></span> <span class='ocrx_word' id='word_1_827' title='bbox 3049 5107 3145 5161; x_wconf 91' lang='lat' dir='ltr'><strong><em>ista</em></strong></span> <span class='ocrx_word' id='word_1_828' title='bbox 3206 5115 3413 5160; x_wconf 71' lang='lat' dir='ltr'><strong><em>terrena</em></strong></span> <span class='ocrx_word' id='word_1_829' title='bbox 3447 5147 3461 5170; x_wconf 94' lang='lat'><strong><em>,</em></strong></span> 
     </span>
    </p>
   </div>
   <div class='ocr_carea' id='block_1_108' title="bbox 1890 5193 3455 5267">
    <p class='ocr_par' dir='ltr' id='par_1_108' title="bbox 1890 5193 3455 5267">
     <span class='ocr_line' id='line_1_108' title="bbox 1890 5193 3455 5267; baseline -0.001 -17"><span class='ocrx_word' id='word_1_830' title='bbox 1890 5206 1945 5251; x_wconf 86' lang='lat' dir='ltr'><strong><em>et</em></strong></span> <span class='ocrx_word' id='word_1_831' title='bbox 2020 5193 2351 5262; x_wconf 79' lang='lat' dir='ltr'><strong><em>corruptioui</em></strong></span> <span class='ocrx_word' id='word_1_832' title='bbox 2425 5194 2656 5247; x_wconf 77' lang='lat' dir='ltr'><strong><em>obnoxia</em></strong></span> <span class='ocrx_word' id='word_1_833' title='bbox 2733 5195 3190 5267; x_wconf 74' lang='lat' dir='ltr'><strong><em>incorruptionem</em></strong></span> <span class='ocrx_word' id='word_1_834' title='bbox 3266 5193 3455 5251; x_wconf 48' lang='lat' dir='ltr'><strong><em>indub-</em></strong></span> 
     </span>
    </p>
   </div>
   <div class='ocr_carea' id='block_1_109' title="bbox 1893 5285 2079 5340">
    <p class='ocr_par' dir='ltr' id='par_1_109' title="bbox 1893 5285 2079 5340">
     <span class='ocr_line' id='line_1_109' title="bbox 1893 5285 2079 5340; baseline 0.011 -2"><span class='ocrx_word' id='word_1_835' title='bbox 1893 5296 1980 5338; x_wconf 88' lang='lat' dir='ltr'><strong><em>tur</em></strong></span> <span class='ocrx_word' id='word_1_836' title='bbox 2014 5285 2079 5340; x_wconf 80' lang='grc'><strong><em>⁷⁸.</em></strong></span> 
     </span>
    </p>
   </div>
   <div class='ocr_carea' id='block_1_110' title="bbox 185 5370 3467 5450">
    <p class='ocr_par' dir='ltr' id='par_1_110' title="bbox 185 5370 3467 5450">
     <span class='ocr_line' id='line_1_110' title="bbox 185 5370 3467 5450; baseline 0.001 -22"><span class='ocrx_word' id='word_1_837' title='bbox 185 5370 436 5446; x_wconf 79' lang='grc' dir='ltr'>Χριστοῦ</span> <span class='ocrx_word' id='word_1_838' title='bbox 487 5371 677 5437; x_wconf 84' lang='grc' dir='ltr'>θυσίας</span> <span class='ocrx_word' id='word_1_839' title='bbox 719 5374 817 5443; x_wconf 83' lang='grc' dir='ltr'>τῆς</span> <span class='ocrx_word' id='word_1_840' title='bbox 863 5374 1115 5445; x_wconf 80' lang='grc' dir='ltr'>οὐρανίου</span> <span class='ocrx_word' id='word_1_841' title='bbox 1147 5375 1241 5427; x_wconf 71' lang='grc' dir='ltr'>καὶ</span> <span class='ocrx_word' id='word_1_842' title='bbox 1283 5373 1570 5442; x_wconf 77' lang='grc' dir='ltr'>ζωοποιοῦ,</span> <span class='ocrx_word' id='word_1_843' title='bbox 1622 5376 1688 5428; x_wconf 81' lang='grc' dir='ltr'>δι’</span> <span class='ocrx_word' id='word_1_844' title='bbox 1719 5372 1786 5447; x_wconf 79' lang='grc' dir='ltr'>ἧς</span> <span class='ocrx_word' id='word_1_845' title='bbox 1826 5379 2166 5449; x_wconf 79' lang='grc' dir='ltr'>κατήργηται</span> <span class='ocrx_word' id='word_1_846' title='bbox 2237 5375 2484 5438; x_wconf 73' lang='grc' dir='ltr'>θάνατος,</span> <span class='ocrx_word' id='word_1_847' title='bbox 2519 5376 2666 5448; x_wconf 77' lang='grc' dir='ltr'><strong><em>καὶὴ</em></strong></span> <span class='ocrx_word' id='word_1_848' title='bbox 2733 5375 2944 5448; x_wconf 75' lang='grc' dir='ltr'>φθαρτὴ</span> <span class='ocrx_word' id='word_1_849' title='bbox 2973 5377 3035 5448; x_wconf 81' lang='grc' dir='ltr'>δὴ</span> <span class='ocrx_word' id='word_1_850' title='bbox 3064 5397 3223 5450; x_wconf 82' lang='grc' dir='ltr'>αυτη,</span> <span class='ocrx_word' id='word_1_851' title='bbox 3247 5379 3467 5433; x_wconf 54' lang='lat' dir='ltr'><strong><em>naida-.9)</em></strong></span> 
     </span>
    </p>
   </div>
   <div class='ocr_carea' id='block_1_111' title="bbox 186 5463 1368 5538">
    <p class='ocr_par' dir='ltr' id='par_1_111' title="bbox 186 5463 1368 5538">
     <span class='ocr_line' id='line_1_111' title="bbox 186 5463 1368 5538; baseline -0.008 -10"><span class='ocrx_word' id='word_1_852' title='bbox 186 5463 324 5536; x_wconf 75' lang='grc' dir='ltr'>γῆς,</span> <span class='ocrx_word' id='word_1_853' title='bbox 363 5464 500 5536; x_wconf 61' lang='grc' dir='ltr'>σὰρξ</span> <span class='ocrx_word' id='word_1_854' title='bbox 529 5466 889 5536; x_wconf 82' lang='grc' dir='ltr'>ἀμφιέννυται</span> <span class='ocrx_word' id='word_1_855' title='bbox 918 5467 1016 5538; x_wconf 77' lang='grc' dir='ltr'><strong><em>τὴν</em></strong></span> <span class='ocrx_word' id='word_1_856' title='bbox 1041 5465 1368 5536; x_wconf 88' lang='grc' dir='ltr'>ἀφθαρσίαν.</span> 
     </span>
    </p>
   </div>
   <div class='ocr_carea' id='block_1_112' title="bbox 276 5557 1778 5630">
    <p class='ocr_par' dir='ltr' id='par_1_112' title="bbox 276 5557 1778 5630">
     <span class='ocr_line' id='line_1_112' title="bbox 276 5557 1778 5630; baseline 0.005 -20"><span class='ocrx_word' id='word_1_857' title='bbox 276 5585 287 5594; x_wconf 86' lang='lat'><strong>-</strong></span> <span class='ocrx_word' id='word_1_858' title='bbox 308 5557 481 5626; x_wconf 81' lang='grc' dir='ltr'><strong><em>Υμεῖς</em></strong></span> <span class='ocrx_word' id='word_1_859' title='bbox 509 5557 578 5611; x_wconf 75' lang='grc' dir='ltr'><strong><em>δὲ</em></strong></span> <span class='ocrx_word' id='word_1_860' title='bbox 609 5558 944 5627; x_wconf 74' lang='grc' dir='ltr'>,βεϐηλοῦτε</span> <span class='ocrx_word' id='word_1_861' title='bbox 982 5561 1126 5614; x_wconf 81' lang='grc' dir='ltr'>αὐτὸ</span> <span class='ocrx_word' id='word_1_862' title='bbox 1157 5561 1225 5614; x_wconf 78' lang='grc' dir='ltr'><strong><em>ἐν</em></strong></span> <span class='ocrx_word' id='word_1_863' title='bbox 1259 5557 1336 5624; x_wconf 84' lang='grc' dir='ltr'><strong><em>τῷ</em></strong></span> <span class='ocrx_word' id='word_1_864' title='bbox 1364 5559 1564 5629; x_wconf 68' lang='grc' dir='ltr'>λέγειν</span> <span class='ocrx_word' id='word_1_865' title='bbox 1591 5560 1742 5630; x_wconf 76' lang='grc' dir='ltr'>ὑμᾶς</span> <span class='ocrx_word' id='word_1_866' title='bbox 1765 5579 1778 5591; x_wconf 86' lang='grc'><strong>’</strong></span> 
     </span>
    </p>
   </div>
   <div class='ocr_carea' id='block_1_113' title="bbox 271 5729 2090 5803">
    <p class='ocr_par' dir='ltr' id='par_1_113' title="bbox 271 5729 2090 5803">
     <span class='ocr_line' id='line_1_113' title="bbox 271 5729 2090 5803; baseline 0.004 -19"><span class='ocrx_word' id='word_1_867' title='bbox 271 5729 453 5803; x_wconf 33' lang='grc' dir='ltr'><strong><em>νι-ιδτι.</em></strong></span> <span class='ocrx_word' id='word_1_868' title='bbox 485 5749 522 5792; x_wconf 88' lang='grc' dir='ltr'><strong><em>ι,</em></strong></span> <span class='ocrx_word' id='word_1_869' title='bbox 571 5733 754 5788; x_wconf 74' lang='grc' dir='ltr'>ιι-ιδ,</span> <span class='ocrx_word' id='word_1_870' title='bbox 833 5733 1106 5788; x_wconf 73' lang='lat' dir='ltr'><strong><em>“Jerem.</em></strong></span> <span class='ocrx_word' id='word_1_871' title='bbox 1140 5751 1238 5802; x_wconf 84' lang='lat' dir='ltr'><strong><em>vn,</em></strong></span> <span class='ocrx_word' id='word_1_872' title='bbox 1297 5735 1496 5802; x_wconf 45' lang='grc' dir='ltr'><strong><em>Ἠλὶ.</em></strong></span> <span class='ocrx_word' id='word_1_873' title='bbox 1574 5739 1618 5769; x_wconf 85' lang='grc'>⁷⁸</span> <span class='ocrx_word' id='word_1_874' title='bbox 1655 5735 1816 5791; x_wconf 78' lang='lat' dir='ltr'><strong><em>llehr.</em></strong></span> <span class='ocrx_word' id='word_1_875' title='bbox 1885 5753 1958 5803; x_wconf 66' lang='grc' dir='ltr'><strong><em>ιτ,</em></strong></span> <span class='ocrx_word' id='word_1_876' title='bbox 2007 5735 2090 5792; x_wconf 81' lang='grc' dir='ltr'>ιο.</span> 
     </span>
    </p>
   </div>
   <div class='ocr_carea' id='block_1_114' title="bbox 194 5801 414 5866">
    <p class='ocr_par' dir='ltr' id='par_1_114' title="bbox 194 5801 414 5866">
     <span class='ocr_line' id='line_1_114' title="bbox 194 5801 414 5866; baseline 0.009 -12"><span class='ocrx_word' id='word_1_877' title='bbox 194 5815 299 5866; x_wconf 76' lang='lat' dir='ltr'><strong><em>xv,</em></strong></span> <span class='ocrx_word' id='word_1_878' title='bbox 323 5801 414 5856; x_wconf 77' lang='lat'><strong><em>53.</em></strong></span> 
     </span>
    </p>
   </div>
   <div class='ocr_carea' id='block_1_115' title="bbox 539 5896 1278 5962">
    <p class='ocr_par' dir='ltr' id='par_1_115' title="bbox 539 5896 1278 5962">
     <span class='ocr_line' id='line_1_115' title="bbox 539 5896 1278 5962; baseline 0.007 -6"><span class='ocrx_word' id='word_1_879' title='bbox 539 5897 812 5959; x_wconf 72' lang='lat' dir='ltr'><strong><em>PATBOL.</em></strong></span> <span class='ocrx_word' id='word_1_880' title='bbox 861 5896 977 5957; x_wconf 79' lang='lat' dir='ltr'><strong><em>GR.</em></strong></span> <span class='ocrx_word' id='word_1_881' title='bbox 1031 5896 1278 5962; x_wconf 71' lang='lat' dir='ltr'><strong><em>LXXII.</em></strong></span> 
     </span>
    </p>
   </div>
   <div class='ocr_carea' id='block_1_116' title="bbox 1966 5556 3470 5626">
    <p class='ocr_par' dir='ltr' id='par_1_116' title="bbox 1966 5556 3470 5626">
     <span class='ocr_line' id='line_1_116' title="bbox 1966 5556 3470 5626; baseline 0.001 -12"><span class='ocrx_word' id='word_1_882' title='bbox 1966 5559 2126 5614; x_wconf 69' lang='lat' dir='ltr'><strong><em>Vens.</em></strong></span> <span class='ocrx_word' id='word_1_883' title='bbox 2163 5558 2244 5613; x_wconf 66' lang='grc'><strong><em>12.</em></strong></span> <span class='ocrx_word' id='word_1_884' title='bbox 2293 5556 2392 5611; x_wconf 86' lang='lat' dir='ltr'><strong><em>Vos</em></strong></span> <span class='ocrx_word' id='word_1_885' title='bbox 2438 5568 2611 5610; x_wconf 83' lang='lat' dir='ltr'><strong><em>autem</em></strong></span> <span class='ocrx_word' id='word_1_886' title='bbox 2677 5557 3041 5611; x_wconf 79' lang='lat' dir='ltr'><strong><em>contaminatis</em></strong></span> <span class='ocrx_word' id='word_1_887' title='bbox 3078 5557 3210 5611; x_wconf 82' lang='lat' dir='ltr'><strong><em>illud</em></strong></span> <span class='ocrx_word' id='word_1_888' title='bbox 3241 5603 3254 5626; x_wconf 95' lang='lat'><strong><em>,</em></strong></span> <span class='ocrx_word' id='word_1_889' title='bbox 3311 5561 3364 5614; x_wconf 84' lang='lat' dir='ltr'><strong><em>in</em></strong></span> <span class='ocrx_word' id='word_1_890' title='bbox 3407 5577 3470 5616; x_wconf 79' lang='lat' dir='ltr'><strong><em>eo</em></strong></span> 
     </span>
    </p>
   </div>
   <div class='ocr_carea' id='block_1_117' title="bbox 2188 5733 3469 5801">
    <p class='ocr_par' dir='ltr' id='par_1_117' title="bbox 2188 5733 3469 5801">
     <span class='ocr_line' id='line_1_117' title="bbox 2188 5733 3469 5801; baseline 0.012 -17"><span class='ocrx_word' id='word_1_891' title='bbox 2188 5738 2232 5765; x_wconf 65' lang='grc' dir='ltr'>ἐί</span> <span class='ocrx_word' id='word_1_892' title='bbox 2267 5733 2370 5789; x_wconf 73' lang='lat' dir='ltr'><strong><em>La.</em></strong></span> <span class='ocrx_word' id='word_1_893' title='bbox 2423 5749 2498 5800; x_wconf 78' lang='lat' dir='ltr'><strong><em>Ix,</em></strong></span> <span class='ocrx_word' id='word_1_894' title='bbox 2531 5736 2582 5790; x_wconf 84' lang='lat'><strong><em>6.</em></strong></span> <span class='ocrx_word' id='word_1_895' title='bbox 2662 5735 2704 5765; x_wconf 79' lang='grc' dir='ltr'><strong><em>’τ</em></strong></span> <span class='ocrx_word' id='word_1_896' title='bbox 2740 5735 2889 5791; x_wconf 75' lang='lat' dir='ltr'><strong><em>Joau.</em></strong></span> <span class='ocrx_word' id='word_1_897' title='bbox 2921 5749 3014 5801; x_wconf 80' lang='lat' dir='ltr'><strong><em>xtl,</em></strong></span> <span class='ocrx_word' id='word_1_898' title='bbox 3045 5737 3131 5792; x_wconf 64' lang='lat'><strong><em>49.</em></strong></span> <span class='ocrx_word' id='word_1_899' title='bbox 3208 5737 3252 5766; x_wconf 80' lang='grc'><strong>⁷⁸</strong></span> <span class='ocrx_word' id='word_1_900' title='bbox 3299 5735 3469 5793; x_wconf 67' lang='grc'><strong><em>1601⁵-</em></strong></span> 
     </span>
    </p>
   </div>
   <div class='ocr_carea' id='block_1_118' title="bbox 3083 5907 3152 5969">
    <p class='ocr_par' dir='ltr' id='par_1_118' title="bbox 3083 5907 3152 5969">
     <span class='ocr_line' id='line_1_118' title="bbox 3083 5907 3152 5969; baseline -0.029 0"><span class='ocrx_word' id='word_1_901' title='bbox 3083 5907 3152 5969; x_wconf 79' lang='grc'><strong><em>10</em></strong></span> 
     </span>
    </p>
   </div>
  </div>
