4070 6498
212 398 297 453 30!

1009 394 1562 455 COMMENTARIUS
1601 398 1665 456 IN
1707 397 2116 466 MALACHIAM
2156 396 2599 456 PROPIIETAM.

3336 402 3440 461 302

209 509 457 574 τουτέστι,
492 507 560 562 τὰ
587 505 905 562 θανατῶντα
936 508 1141 571 λοιπὸν,
1183 508 1498 581 ὑϐρίζοντες
1549 510 1769 582 μᾶλλον,

1887 510 2146 582 uipotens.
2200 529 2219 563 ι
2284 510 2349 566 Et
2395 510 2651 582 quoniam
2701 512 2965 584 sacrilege
3013 514 3184 570 sacris
3226 518 3440 585 Operari

210 598 519 675 ήτιμῶντες
568 599 659 652 τὸν
688 596 797 651 τῶν
836 598 973 652 ὅλων
1002 599 1154 653 Θεόν.
1215 600 1352 653 Ἀλλ’
1382 622 1400 652 ι
1434 600 1763 672 ὲξειρύσησα,

210 692 380 764 φησιν,
435 689 591 753 αὐτὰ,
658 688 805 758 λέγει
865 689 1067 761 Κύριος
1126 693 1542 764 παντοκράτωρ.
1587 712 1604 745 ι
1663 693 1769 746 Καὶ

211 784 382 852 tmen
412 783 560 837 θύειν
585 782 814 848 ἀνοσίως
858 783 1153 852 ἐγνώκατε,
1190 785 1375 856 φησὶν,
1410 784 1508 837 ούκ
1538 784 1603 839 ἂν
1636 784 1773 849 ὅλως

1874 602 2256 667 constituistis,
2298 602 2433 660 adeo
2453 601 2763 673 illegitimas
2800 613 2855 658 et
2881 603 3187 661 immundas
3213 604 3444 662 oblatio-

1879 707 1975 750 nes
2003 694 2315 765 neutiquam
2349 711 2379 749 a
2418 694 2572 749 vobis
2598 694 2952 764 susceperim,
2985 708 3085 751 nec
3129 695 3182 750 in
3221 696 3444 751 odorem

1880 787 2168 843 suavitatis
2195 788 2583 859 reputaverint.

211 874 606 949 παραδεξαίμην
645 875 715 930 τά
768 874 828 941 ἐξ
858 874 1032 947 ὑμῶν,
1069 877 1177 929 οὐδ’
1219 876 1284 931 ἂν
1340 876 1666 949 λογισαίμην
1726 880 1805 944 είς
1842 880 2018 952 ὀσμὴν
2037 882 2263 947 εὐωδίας
2306 880 2405 943 τὰς
2467 880 2638 945 οὕτως
2670 881 2955 951 ὲκνόμους,
2986 882 3080 937 καὶ
3107 882 3449 952 ἀκαθάρτους

211 968 583 1045 προσαγωγὰς.

224 1102 225 1109 η
272 1062 386 1132 Χρὴ
421 1062 486 1132 δὴ
518 1058 612 1116 οὖν
640 1061 751 1133 ἄρα
782 1061 930 1117 θύειν
962 1064 1109 1135 ἡμᾶς
1156 1067 1250 1120 καὶ
1280 1068 1424 1139 μάλα
1477 1069 1736 1135 ἐπιεικῶς
1758 1112 1773 1136 ,

211 1154 296 1210 καὶ
321 1152 792 1223 ἐσπουδασμένως,
812 1152 909 1208 καὶ
931 1156 1263 1227 προσκομίζε
1273 1176 1317 1210 ιν
1344 1159 1465 1230 Θεῷ
1493 1160 1568 1232 μὴ
1588 1161 1777 1225 ἁπλῶς

208 1248 269 1302 τά
295 1244 723 1316 κατεῤῥιμμένα,
760 1245 858 1298 καὶ
896 1245 1218 1316 ἀτιμότατα,
1257 1250 1350 1303 καὶ
1400 1252 1616 1317 οὐδενὸς
1650 1253 1776 1319 ἀξια

208 1339 374 1408 λόγου·
400 1335 536 1391 ἀλλά
581 1334 906 1408 προῦχοντα,
955 1337 1051 1391 καὶ
1086 1337 1360 1411 ἐξαίρετα.
1418 1342 1480 1395 El
1513 1342 1571 1397 δὲ
1599 1344 1664 1416 δή
1693 1359 1776 1408 τις

208 1429 383 1485 ἑαυτὸν
423 1428 730 1499 ίερουργοίη
780 1427 921 1500 Θεῷ,
960 1430 1257 1502 μεμνήσθω
1295 1432 1402 1503 γὰρ
1455 1429 1550 1488 τοῦ
1597 1452 1776 1507 μακα.

211 1521 316 1594 ρίου
346 1519 558 1574 Παύλου
591 1521 895 1590 γράφοντος
921 1518 1038 1573 ὡδί·
1089 1539 1108 1572 ι
1147 1519 1541 1595 Παραστήσατε
1569 1524 1638 1579 τὰ
1670 1525 1775 1581 ab.

212 1629 345 1684 ματα
372 1610 527 1682 ὑμῶν
554 1610 746 1665 θυσίαν
768 1610 968 1676 ζῶσαν,
994 1612 1178 1681 ἁγίαν,
1212 1614 1504 1687 εὐάρεστον
1534 1616 1613 1689 τῷ
1632 1618 1774 1687 Θεῷ,

208 1700 300 1769 τὴν
328 1698 549 1770 λογικὴν
578 1697 831 1770 λατρείαν
887 1699 1071 1771 ὑμῶν·
1104 1719 1123 1752 ι
1159 1702 1683 1777 πολυπραγμονείτω
1710 1710 1777 1762 τά

209 1790 322 1846 καθ’
348 1790 563 1855 ἑαυτὸν,
598 1792 692 1844 καὶ
722 1791 883 1845 οἱονεί
913 1809 995 1856 τις
1028 1793 1261 1865 ἀκριϐὴς
1288 1797 1651 1868 μωμοσκόπος
1680 1799 1779 1868 τῆς

1937 1068 2120 1136 Quare
2137 1075 2297 1123 noset
2314 1067 2826 1125 convenientissime
2848 1077 2902 1123 et
2923 1068 3163 1125 studiose
3179 1069 3448 1128 sacricia

1884 1161 2061 1216 facere
2090 1167 2327 1230 oportet,
2355 1168 2411 1214 et
2452 1174 2556 1214 non
2598 1158 2673 1214 ita
2716 1160 3042 1229 simpliciter
3072 1160 3365 1230 rejectitia,
3397 1172 3453 1217 et

1878 1249 2368 1321 contemptissima,
2414 1264 2479 1304 ac
2515 1249 2713 1305 nullius
2766 1250 3106 1315 aestimanda,
3144 1252 3239 1306 sed
3272 1252 3454 1306 excel-

1880 1342 2042 1397 lentia
2073 1351 2128 1396 et
2158 1340 2355 1397 selecta
2378 1339 2488 1398 Deo
2506 1354 2850 1398 consecrare.
2884 1340 3049 1413 832
3067 1341 3220 1408 Quod
3255 1342 3300 1397 si
3332 1344 3454 1414 quis

1876 1434 2230 1505 semetipsum
2291 1432 2400 1490 Deo
2446 1433 2679 1489 hostiam
2733 1434 3053 1500 sacraverit,
3103 1435 3247 1489 beati
3300 1435 3450 1491 Pauli

1878 1525 2186 1581 meminerit
2204 1525 2348 1581 hunc
2367 1525 2422 1580 in
2446 1524 2662 1580 modum
2682 1524 3002 1581 scribentis:
3027 1544 3045 1578 ι
3059 1525 3318 1583 Exhibete
3332 1542 3455 1582 cor-

1876 1631 2008 1686 pora
2029 1625 2210 1673 vestra
2231 1615 2459 1672 hostiam
2485 1617 2776 1684 viventem,
2806 1628 3074 1682 sanctam,
3104 1618 3214 1675 Deo
3234 1620 3457 1690 placen-

1877 1716 2019 1774 tem,
2053 1706 2378 1763 rationabile
2418 1707 2741 1776 obsequium
2778 1721 3017 1765 vestrum
3039 1708 3186 1765 "J'.
3221 1730 3240 1761 ι
3269 1709 3455 1781 Inqui-

1890 1809 1973 1853 rat
1996 1799 2285 1870 diligenter
2321 1799 2375 1853 in
2406 1812 2493 1854 res
2522 1813 2670 1865 suas,
2688 1808 2742 1855 et
2770 1800 2915 1857 velut
2946 1801 3166 1857 sedulus
3195 1802 3454 1859 vitiorum

207 1882 388 1938 ἑαυτοῦ
437 1882 679 1950 γενέσθω
715 1883 911 1955 ψυχῆς.
957 1884 1169 1956 Ὀρὰτω
1228 1887 1304 1959 μὴ
1339 1888 1448 1960 ἄρα
1500 1888 1616 1955 πώς
1662 1891 1780 1945 ἐστι

1887 1890 2077 1945 animm
2103 1904 2216 1944 suae
2237 1889 2507 1958 inspector
2522 1890 2636 1946 iiat.
2660 1888 2852 1946 Videat
2876 1907 2943 1948 ne
2978 1890 3120 1949 forte
3151 1907 3330 1949 czecus
3360 1894 3452 1955 sit.

205 1973 409 2044 τυφλὸς,
440 1973 709 2035 τουτέστι,
744 1973 844 2044 τῆς
868 1974 1120 2044 ἀληθείας
1162 1976 1223 2029 τὸ
1253 1976 1370 2047 φῶς
1397 1979 1497 2033 οὐκ
1539 1978 1677 2050 ἔχων
1702 1981 1781 2044 είς

209 2065 349 2121 νοῦν·
381 2065 461 2138 μὴ
495 2066 673 2139 σκάζῃ
716 2066 807 2119 τὸν
858 2066 1015 2131 πόδα,
1070 2068 1132 2121 τὸ
1172 2067 1487 2138 ὀρθοποδεῖν
1523 2071 1781 2126 δύνασθαι

208 2157 335 2230 πρὸς
361 2158 473 2211 πᾶν
497 2155 677 2210 ὁτιοῦν
698 2156 806 2211 τῶν
830 2157 1050 2227 ἀγαθῶν
1076 2159 1177 2213 οὐκ
1197 2158 1336 2231 ἔχων
1355 2174 1370 2190 ο
1408 2160 1483 2232 μὴ
1513 2161 1784 2233 ἆρπαγμά

206 2266 260 2301 τε
296 2247 386 2301 καὶ
417 2247 725 2320 ἄρρωστον.
767 2248 886 2319 Χρὴ
921 2249 1027 2322 γὰρ
1073 2250 1216 2322 ὑμᾶς
1271 2254 1520 2316 ἀῦπνείν,
1555 2272 1573 2306 ι
1606 2256 1783 2309 ὐτιὸ

206 2340 465 2405 ἀντίδικος
487 2338 666 2412 ἡμῶν,
687 2339 929 2404 διάϐολος
946 2341 1021 2405 ὡς
1048 2342 1184 2396 λέων
1212 2329 1584 2417 περιέρχεται,
1604 2345 1783 2417 ζητῶν

205 2436 316 2490 τίνα
339 2433 608 2505 καταπίῃ.
647 2451 667 2484 ι
705 2434 872 2489 Ὅταν
893 2434 1071 2488 τοίνυν
1093 2436 1289 2490 ἀῦπνοί
1321 2452 1380 2489 τε
1421 2436 1517 2489 καὶ
1548 2439 1782 2508 ἐγρηγο-

210 2524 351 2599 ρότες
371 2523 782 2598 εὐρισκώμεθα,
808 2524 1045 2596 παραθεῖ
1070 2527 1130 2580 τὸ
1160 2526 1369 2599 θηρίον.
1405 2528 1466 2581 El
1492 2525 1550 2581 δὲ
1589 2527 1784 2581 νυστά-

206 2616 385 2682 ζοντας
423 2616 536 2687 ἴδῃ,
569 2616 665 2669 καὶ
704 2615 1174 2687 κατημεληκότας,
1215 2617 1486 2687 ἅρπαγμα
1525 2620 1779 2681 ποιεῖται,

206 2709 293 2765 καὶ
312 2707 631 2781 ἀρρώστους
652 2709 926 2773 ἀποτελεῖ,
954 2708 1223 2775 τουτέστι,
1269 2709 1662 2780 ἠσθενηκότας,
1689 2711 1783 2765 καὶ

205 2799 439 2872 ἀδρανῶς
464 2798 685 2869 ἔχοντας
714 2797 910 2869 κομιδῇ
946 2798 1074 2869 περὶ
1109 2798 1169 2852 τὸ
1197 2797 1457 2852 δύνασθαι
1479 2798 1782 2871 κατορθοῦν

206 2893 412 2965 ἀρετήν.
452 2892 636 2945 Ἔστω
671 2889 729 2944 δὲ
757 2888 823 2961 δή
861 2889 958 2943 καὶ
986 2888 1079 2942 τοῦ
1108 2888 1499 2960 διενοχλείσθαι
1535 2889 1781 2963 μακρὰν,

205 2984 464 3048 τουτέστι,
498 2981 863 3055 μικροψυχίας
914 2980 1177 3053 ἀμείνων,
1229 2983 1324 3037 καὶ
1365 2982 1672 3037 διαπίπτων
1724 2986 1781 3038 ὲν

206 3077 465 3146 ὑπομονῇ.
492 3074 703 3145 Ὠσπερ
735 3071 845 3144 γὰρ
869 3071 1135 3144 ἀποφέρει
1166 3073 1304 3145 πρὸς
1333 3072 1481 3146 ζωὴν
1518 3075 1618 3147 τῆς
1645 3074 1781 3130 ὑπο-

209 3168 365 3237 μονῆς
392 3167 423 3220 ό
444 3165 670 3237 τρόπος,
697 3163 839 3218 οὕτω
869 3163 964 3217 καὶ
1006 3165 1086 3228 είς
1141 3164 1368 3219 θάνατον
1426 3165 1777 3238 μικροψυχία.

207 3256 307 3311 Νοῢ
340 3257 446 3330 γὰρ
481 3254 799 3315 ἀσθένειαν,
838 3254 934 3307 καὶ
983 3253 1209 3325 καρδίας
1254 3255 1485 3326 πάρεσιν
1509 3255 1571 3309 τὸ
1595 3255 1784 3327 χρῆμά

207 3366 393 3420 φαμεν.
430 3347 724 3418 Τοιγάρτοι
754 3346 846 3399 καὶ
872 3346 901 3399 ό
930 3345 1206 3416 μακάριος
1234 3347 1520 3418 προφήτης
1553 3346 1782 3411 Ἡσαΐας

206 3441 304 3494 τῶν
329 3438 592 3495 τοιούτων
632 3438 783 3510 ήμᾶς
833 3436 1272 3491 ἀπαλλάττεσθαι
1320 3436 1510 3491 παθῶν
1543 3437 1781 3509 συμϐου-

207 3529 341 3586 Ῑέύει
362 3532 565 3600 λέγων·
628 3548 647 3583 ι
694 3530 993 3600 Ίσχύσατε,
1027 3532 1207 3602 χεῖρες
1236 3529 1538 3601 ἀνειμέναι,
1568 3530 1666 3585 καὶ
1695 3530 1783 3600 γό-

206 3641 330 3678 νατα
370 3622 817 3696 παραλελυμένοι.
878 3620 1365 3693 Παρακαλέσασθε,
1397 3622 1447 3676 οί
1472 3622 1782 3693 όλιγόψυχοι

205 3718 268 3786 τῇ
313 3714 550 3785 διανοίᾳο
612 3712 888 3785 ἰσχύσατε,
958 3712 1033 3783 μὴ
1096 3712 1366 3782 φοϐεῖσθε.
1435 3713 1564 3769 Ἰδοὺ
1596 3714 1625 3767 ό
1651 3713 1785 3777 Θεὸς

208 3806 371 3877 ἡμῶν,
401 3806 516 3860 ίδοὺ
548 3804 753 3874 Κύριος
788 3804 923 3874 μετά
980 3801 1161 3875 ἰσχύος
1194 3803 1437 3876 ἔρχεται,
1466 3804 1563 3858 καὶ
1593 3806 1621 3859 ὁ
1651 3803 1785 3876 βρα-

209 3901 329 3969 χίων
361 3898 507 3971 μετὰ
539 3897 755 3970 κυρίας.
785 3916 802 3949 ι

275 3992 378 4048 ΚΔ
399 3988 852 4061 ἐπικατὰρατος,
887 3988 955 4055 ὃς
982 3984 1060 4059 ἦν
1082 3988 1359 4055 δυνατός,
1384 3990 1482 4043 καί
1512 3986 1786 4057 ὑπῆρχεν

205 4084 270 4137 ἐν
295 4082 371 4150 τῷ
400 4082 662 4153 ποιμνίῳ
705 4080 887 4137 αὐτοῦ
919 4079 1126 4151 ἄρσεν,
1188 4081 1287 4135 καί
1326 4080 1365 4148 ἠ
1415 4079 1566 4150 εὐχὴ
1601 4079 1785 4135 αὐτοῦ

204 4172 294 4227 ἐπ’
322 4172 510 4239 αὐτῷ,
542 4171 644 4226 καὶ
677 4170 803 4226 θύει
830 4168 1263 4240 διεφθαρμένον
1283 4167 1364 4236 τῷ
1394 4171 1609 4238 Κυρίῳ.
1633 4170 1788 4223 Διότι

208 4262 505 4329 Βασιλεὺς
526 4261 717 4331 μέγας
746 4258 860 4330 ἐγώ
908 4261 1043 4329 ειμι,
1101 4258 1263 4328 λέγει
1315 4259 1524 4328 Κύριος
1567 4273 1786 4313 παντο-

209 4354 453 4422 κράτωρ,
533 4352 631 4405 καί
683 4349 750 4404 τὸ
808 4346 995 4419 ὄνομά
1035 4365 1157 4417 μου
1204 4347 1496 4415 ἐπιφανὲς
1540 4348 1609 4401 ὲν
1665 4347 1788 4413 τοῖς

205 4442 421 4498 ἔθνεσι.

1886 1980 2140 2048 perfectae
2165 1980 2412 2035 veritatis
2433 1979 2614 2035 lumen
2647 1980 2701 2036 in
2735 1981 3053 2053 praecordiis
3075 1998 3183 2039 non
3211 1984 3452 2049 habens;

1893 2085 1960 2124 ne
1988 2069 2124 2139 pede
2155 2068 2447 2135 claudicet,
2496 2071 2562 2124 ad
2604 2084 2765 2126 omne
2793 2071 2993 2128 bonum
3047 2081 3196 2130 recta
3247 2072 3457 2145 ingredi

1885 2162 2024 2216 haud
2048 2162 2226 2232 potis;
2252 2175 2319 2216 ne
2338 2169 2548 2230 raptum
2577 2161 2728 2232 quid,
2753 2172 2845 2218 aut
2876 2164 3205 2220 morbidum.
3234 2162 3459 2235 Oportet

1882 2253 2025 2309 enim
2054 2267 2154 2308 nos
2214 2251 2562 2323 pervigilare,
2592 2268 2615 2305 ι
2658 2253 2923 2320 Quoniam
2971 2255 3318 2312 adversarius
3361 2271 3461 2312 no-

1882 2350 1996 2397 ster
2015 2340 2263 2396 diabolus
2279 2350 2537 2410 tanquam
2568 2340 2652 2397 leo
2666 2342 2883 2412 rugiens
2908 2342 3186 2410 circumit,
3209 2358 3458 2415 quaerens

1883 2443 2043 2500 quem
2064 2429 2285 2484 devoret
2310 2428 2376 2484 ⁸³.
2421 2447 2440 2482 ι
2475 2427 2533 2485 Si
2578 2429 2746 2499 igitur
2792 2431 2981 2503 vigiles
3044 2436 3459 2506 esperrectique

1886 2519 2242 2587 inveniamur,
2289 2522 2661 2590 prietercurrit
2709 2521 2907 2577 bellua.
2953 2522 3050 2578 Sin
3101 2524 3460 2581 dormitantes

1885 2612 2325 2683 negligentesqne
2355 2616 2724 2683 conspexerit,
2778 2603 3022 2685 rapinam
3066 2615 3135 2670 de
3164 2615 3322 2672 nobis
3351 2618 3455 2673 sibi

1885 2703 2093 2770 inriget
2109 2712 2359 2774 aegrotos,
2376 2703 2477 2760 hoc
2491 2704 2882 2777 est,lnnguidos
2897 2713 2948 2762 et
2964 2706 3257 2764 imbecilles
3272 2707 3460 2765 admo-

1884 2797 2010 2851 dum
2039 2796 2105 2850 ad
2135 2793 2309 2852 cilicia
2330 2797 2547 2853 virtutis
2565 2798 2799 2867 legitime
2825 2797 3075 2854 obeunda
3104 2798 3301 2859 reddit.
3333 2799 3460 2856 Pro-

1884 2891 1970 2944 cul
1994 2889 2123 2945 item
2151 2887 2295 2946 absit
2320 2905 2351 2945 a
2375 2889 2673 2958 debilitate,
2695 2889 2798 2946 hoc
2826 2901 3003 2958 est,ne
3020 2905 3080 2947 se
3102 2906 3132 2947 a
3160 2892 3460 2961 dejectione

1882 2981 2047 3036 animi
2071 2990 2127 3037 et
2158 2980 2496 3053 impatientia
2528 2982 2669 3039 vinci
2710 2982 2965 3054 patiatur.
2997 2984 3458 3053 Quemadmodum

1883 3071 2027 3125 enim
2063 3086 2272 3127 morum
2303 3072 2565 3144 patientia
2613 3071 2679 3127 ad
2719 3072 2887 3129 vitam
2911 3115 2927 3136 .
2974 3073 3046 3130 ita
3102 3074 3462 3146 pusillanimi-

1888 3172 1969 3217 tas
2004 3164 2069 3217 ad
2100 3173 2329 3219 mortem
2353 3164 2622 3232 perducit.
2662 3165 2755 3220 Est
2793 3166 2938 3221 enim
2967 3168 3167 3223 mentis
3192 3176 3249 3222 et
3279 3168 3462 3224 cordis

1889 3256 2162 3323 inlractio,
2192 3270 2286 3311 seu
2318 3255 2689 3313 imbecillitas.
2718 3256 2954 3315 Proinde
3000 3260 3193 3314 beatus
3244 3273 3461 3330 quoque

1886 3347 2053 3403 Isaias
2078 3357 2137 3402 ut
2182 3362 2283 3404 nos
2339 3348 2406 3403 ab
2458 3348 2767 3417 bujusmodi
2817 3349 3030 3405 vitiosis
3084 3347 3461 3407 affectionibus

1884 3424 2233 3492 exsolvamus
2256 3437 2483 3493 suadet:
2514 3454 2532 3489 ι
2551 3436 3167 3504 Confortamini,manus
3193 3440 3456 3504 remissa.

1885 3538 1937 3583 et
1971 3543 2143 3601 genua
2169 3527 2450 3584 dissoluta.
2478 3527 2870 3595 Consolamini,
2903 3528 3276 3597 pusillanimes
3300 3543 3461 3586 men-

1888 3634 1974 3689 te,
2007 3621 2413 3687 confortamini,
2445 3621 2612 3677 nolite
2637 3621 2851 3678 timere.
2884 3620 3027 3678 Ecce
3056 3619 3199 3677 Deus
3222 3632 3412 3678 noster
3443 3640 3457 3676 :

1885 3730 2012 3770 ecce
2037 3712 2298 3771 Dominus
2317 3728 2441 3770 cum
2476 3712 2796 3770 fortitudine
2846 3712 3047 3778 veniet,
3081 3722 3137 3768 et
3176 3713 3460 3770 brachium

1885 3806 2004 3875 ejus
2028 3821 2150 3860 cum
2185 3803 2558 3861 dominatione
2594 3804 2663 3859 “.
2692 3821 2711 3856 ι

1964 3894 2125 3952 Vens.
2159 3895 2245 3951 14.
2287 3894 2357 3950 Et
2388 3894 2699 3951 maledictus
2729 3896 2883 3949 homo
2910 3897 3001 3964 qui
3034 3904 3151 3951 erat
3181 3906 3381 3967 potens,
3411 3906 3463 3953 et

1887 3998 1999 4042 erat
2033 3989 2089 4041 in
2120 4002 2272 4058 grege
2304 3987 2469 4055 ipsius
2505 3987 2817 4053 masculum,
2865 3993 2916 4040 et
2960 3994 3134 4041 votum
3162 3986 3278 4057 ejus
3304 4002 3466 4056 super

1888 4096 1969 4144 eo,
1994 4088 2040 4133 et
2070 4077 2303 4133 immolat
2329 4088 2631 4149 corruptum
2661 4077 2900 4133 Domino.
2928 4077 3066 4143 Quia
3094 4075 3207 4131 Rea:
3240 4093 3462 4148 magnus

1888 4186 1981 4239 ego
2004 4170 2290 4237 sum,dicit
2321 4169 2575 4224 Dominus
2608 4169 2955 4236 omnipotens,
2978 4176 3028 4222 e:
3066 4183 3252 4222 nomen
3290 4184 3459 4223 meum

1891 4258 2090 4312 illustre
2115 4266 2189 4316 est
2218 4259 2272 4310 in
2301 4258 2556 4328 gentibus.

274 4534 374 4587 IE'.
434 4530 735 4605 Καθορίζει
798 4530 983 4585 λοιπὸν
1018 4529 1112 4585 τοῦ
1167 4530 1387 4595 θύοντος
1430 4532 1661 4596 ἀνοσίως
1688 4530 1785 4603 τὴν

1962 4517 2356 4577 XV.Decernit
2386 4534 2531 4575 nunc
2579 4519 3010 4577 maledictionem
3056 4522 3108 4577 in
3138 4522 3463 4579 'sacrilican-

206 4625 363 4697 ἀρὰν,
410 4624 513 4679 καὶ
556 4624 703 4695 μάλα
756 4623 1004 4687 εἰκότως.
1041 4623 1103 4677 Ei
1150 4622 1261 4693 γὰρ
1299 4621 1362 4693 δή
1416 4638 1501 4686 τις
1534 4620 1787 4688 εὖξαιτο,

209 4718 357 4787 φησὶ,
386 4716 486 4769 καὶ
516 4716 574 4768 ὲν
616 4713 890 4784 ποιμνίοις
921 4711 1034 4782 ἔχοι
1069 4714 1181 4776 τοῖς
1210 4709 1407 4766 ἑαυτοῦ
1436 4709 1499 4763 τὸ
1527 4708 1696 4781 ἄρσεν
1730 4725 1789 4762 τε

210 4809 300 4864 καὶ
332 4809 592 4878 ἄμωμον,
622 4805 739 4860 ἀνθ’
761 4806 886 4859 ὅτου
932 4804 1007 4875 μὴ
1052 4803 1211 4857 τοῦτο
1235 4801 1591 4874 προσκομίζει
1628 4801 1749 4870 Θεῷ
1772 4840 1788 4865 ,

212 4902 457 4971 συλλέγει
481 4902 538 4956 δὲ
562 4898 762 4972 μᾶλλον
789 4897 826 4953 θ.
856 4898 1080 4969 μηδενὸς
1109 4897 1237 4962 ἄξια
1259 4894 1487 4966 φαίνοιτ’
1509 4893 1575 4949 ἂν
1608 4893 1789 4962 λόγου,

211 4992 362 5064 ὕϐρις
381 4993 445 5047 τὸ
468 4992 659 5064 χρῆμα
685 4990 783 5045 καὶ
835 4991 1023 5061 ἕτερον
1065 4987 1240 5042 οὐδέν.
1293 4987 1368 5040 Οὐ
1412 4984 1523 5057 γὰρ
1556 4984 1621 5057 δὴ
1648 4984 1791 5038 κατά

210 5099 357 5149 τινας
386 5084 499 5138 τῶν
526 5086 583 5137 ὲν
616 5083 816 5154 σκότῳ,
865 5083 959 5136 καὶ
998 5078 1250 5144 πλάναις,
1289 5078 1385 5133 καὶ
1428 5076 1676 5147 βεϐήλοις
1710 5076 1789 5127 εί-

209 5172 643 5244 δωλολατρείαις,
671 5169 1117 5242 προσκαθήμενοι
1142 5168 1308 5232 λίθοις
1334 5165 1680 5236 ἀναισθήτοις
1705 5166 1790 5220 δε·

209 5263 592 5334 δουλεύκαμενυ
619 5262 699 5334 τῷ
738 5261 857 5333 Θεῷ
880 5261 939 5316 δὲ
986 5260 1188 5332 μᾶλλον
1226 5258 1305 5330 τῷ
1353 5257 1785 5330 παντοκράτορι,

212 5353 303 5406 καὶ
347 5353 429 5425 τῷ
445 5353 557 5407 τῶν
581 5353 720 5407 ὅλων
743 5350 1113 5422 γενεσιουργῷ
1130 5391 1145 5415 ,
1183 5350 1241 5404 ὃν
1265 5348 1529 5421 τρέμουσι
1575 5347 1675 5418 μὲν
1704 5346 1796 5400 οὑ-

213 5444 383 5514 ρανοὶ,
413 5445 793 5516 καταπέφρικε
824 5444 880 5496 δὲ
930 5445 1023 5515 καὶ
1070 5444 1103 5515 ή
1143 5443 1237 5515 γῆ,
1275 5443 1369 5496 καὶ
1420 5441 1620 5505 πάντες
1657 5442 1704 5494 οἱ
1738 5439 1796 5491 ὲν

209 5535 365 5607 αὐτῇ.
403 5537 800 5610 Ἑπιμαρτυρεί
832 5536 889 5590 δὲ
914 5534 1076 5590 πάλιν
1108 5537 1221 5599 τοῖς
1263 5533 1322 5601 ἐξ
1372 5532 1539 5586 ἐθνῶν
1565 5531 1625 5584 τὸ
1677 5529 1795 5583 λίαν

210 5628 473 5694 ἐπιεικὲς,
528 5628 787 5699 ιπιφανὲς
842 5622 983 5682 εἶναι
1032 5627 1208 5698 λέγων
1253 5626 1315 5681 τὸ
1374 5627 1475 5696 τῆς
1543 5623 1797 5693 θεότητος

1899 4624 2005 4669 tem
2033 4612 2219 4682 impie,
2245 4610 2406 4680 idque
2439 4626 2537 4682 pro
2571 4626 2636 4667 co
2660 4612 2816 4683 plane
2843 4627 2909 4668 ac
2954 4613 3203 4669 decebat.
3247 4613 3302 4670 Si
3340 4616 3465 4686 quis

1894 4704 2037 4756 enim
2064 4710 2251 4757 votum
2290 4701 2581 4772 concipiat,
2634 4702 2828 4769 inquit,
2880 4712 2940 4758 et
2969 4703 3022 4758 in
3061 4704 3315 4776 gregibus
3350 4704 3466 4759 suis

1896 4794 2091 4849 habeat
2124 4794 2450 4859 masculum,
2479 4803 2533 4849 et
2556 4795 2623 4848 ab
2656 4795 2801 4849 omni
2834 4794 2955 4852 labe
2989 4810 3204 4865 purum,
3248 4798 3374 4867 quia
3402 4796 3468 4853 il-

1894 4888 1981 4944 lud
2000 4887 2110 4944 Deo
2127 4904 2232 4944 non
2255 4885 2433 4953 oli‘ert,
2451 4889 2545 4943 sed
2575 4889 2724 4959 eligit
2746 4889 2926 4959 potius
2958 4905 3078 4961 quae
3095 4889 3294 4945 nullius
3308 4891 3467 4960 pretii

1897 4984 2203 5047 videantur,
2231 4981 2365 5037 nihil
2404 4982 2548 5037 aliud
2577 4997 2738 5051 quam
2762 4980 2873 5037 Deo
2890 4982 3273 5039 contumeliam
3314 4983 3464 5037 facit.

1898 5072 2011 5127 Non
2031 5073 2197 5138 enim,
2224 5081 2281 5127 ut
2304 5072 2523 5143 quidam
2547 5072 2599 5127 in
2632 5073 2890 5140 tenebris,
2916 5073 3216 5136 erroribus,
3240 5072 3466 5141 impuris

1897 5163 2219 5219 idololatriis
2251 5174 2551 5228 versantes,
2610 5163 2876 5232 lapidibus
2924 5180 3121 5220 sensus
3151 5164 3465 5234 expertibus

1897 5255 2135 5310 advoluti
2168 5255 2435 5311 servimus
2464 5272 2478 5308 :
2512 5254 2606 5310 sed
2642 5255 2753 5310 Deo
2783 5256 3138 5326 omnipotenti
3173 5256 3386 5325 potius,
3410 5266 3467 5309 et

1898 5346 1996 5409 illi,
2031 5359 2063 5400 a
2098 5358 2207 5415 quo
2244 5346 2486 5400 omnium
2535 5361 2716 5400 rerum
2756 5346 2907 5401 initia
2953 5346 3299 5416 originesque
3348 5361 3467 5403 ma-

1897 5446 2116 5503 narunt,
2144 5452 2303 5506 quem
2340 5447 2577 5494 tremunt
2599 5439 2742 5505 cteli,
2776 5439 2962 5495 tremit
3008 5447 3171 5505 terra,
3220 5438 3386 5511 833
3410 5448 3467 5492 et

1895 5542 2086 5584 omnes
2138 5541 2275 5598 quos
2315 5527 2402 5583 illa
2435 5528 2688 5583 sustinet.
2723 5526 2956 5583 Rursum
2997 5528 3064 5583 iis
3108 5528 3197 5599 qni
3225 5542 3290 5582 es
3336 5539 3470 5597 gen-

1895 5621 2039 5676 tibus
2061 5629 2209 5689 sunt,
2242 5635 2451 5690 magum
2489 5619 2778 5688 probitatis
2802 5622 3167 5676 testimonium
3196 5624 3305 5688 dat,
3338 5616 3467 5675 dum

310 5810 428 5845 ⁸⁸⁸⁸
459 5811 614 5868 Rom.
651 5828 748 5879 xu,
790 5812 835 5865 l.
915 5811 961 5843 ⁸³
992 5809 1008 5864 l
1040 5808 1181 5864 Petr.
1213 5823 1264 5874 v,
1308 5807 1360 5864 8.
1437 5805 1481 5837 “
1508 5802 1608 5860 lsa.
1640 5817 1800 5869 xxxv,
1836 5801 1950 5856 διδ.
