4070 6516
564 402 670 458 €05
1570 396 1631 451 S.
1677 394 1956 450 CYRILLI
2009 392 2479 451 ALEXANDRINI
2521 392 2839 449 ARCIIIEP.
3725 389 3835 446 5οι

564 510 869 571 divinitatis
912 524 1111 566 nomen
1150 506 1293 580 apud
1319 520 1414 562 eos
1452 520 1729 574 magnum,
1774 497 2134 559 venerandum

2248 505 2418 575 ὄνομα
2459 503 2589 575 παρ’
2620 504 2824 565 αὐτοῖς,
2855 501 3049 555 σεπτόν
3072 518 3126 555 τε
3177 502 3271 555 καὶ
3329 501 3676 569 ἀξιάγαστον.
3704 507 3837 559 Διαο

563 616 617 659 et
644 602 1024 659 admirandum
1057 615 1181 657 esse
1202 598 1515 654 conﬁrmat.
1550 598 1662 651 lloc
1696 597 1837 652 idem
1887 610 1984 650 nos
2009 609 2134 663 quo-

2254 595 2566 666 κεισώμεθα
2594 594 2701 665 γὰρ
2727 596 2825 664 οὐχ
2857 594 3057 665 ἑτέρως
3079 595 3258 665 ἡμεῖς,
3296 594 3330 665 ἢ
3365 594 3507 648 κατὰ
3526 594 3714 649 τοῦτον
3738 597 3839 650 τὸν

563 710 694 764 que,
719 704 773 747 et
800 709 905 746 non
931 692 1077 746 aliud
1108 690 1430 746 sentiamus.

2249 688 2467 759 τρόπον.

634 781 885 850 Suscepit
910 789 1089 834 autem
1112 786 1168 833 et
1200 777 1464 833 Dominus
1515 785 1698 832 noster
1718 776 1876 833 Jesus
1898 776 2134 833 Christus

2330 778 2647 848 Ἀπεδέχετο
2669 778 2726 831 δὲ
2755 776 2849 831 καὶ
2873 777 2901 830 ὁ
2936 776 3143 848 Κύριος
3167 776 3328 847 ἡμῶν
3361 776 3570 849 Ἰησοῦς
3596 777 3840 847 Χριστὸς

567 873 946 927 centurionem
975 871 1343 934 idololatram,
1367 869 1608 938 dixitque
1626 867 1847 937 insuper
1875 887 1888 922 :
1926 887 1945 919 ι
1973 869 2134 924 Amer

2247 870 2639 939 είδωλολάτρην
2696 870 2828 923 ὅντα
2877 868 2970 923 τὸν
3031 868 3453 940 ἑκατόνταρχον,
3512 871 3607 923 καὶ
3639 870 3705 941 δὴ
3732 868 3841 923 καὶ

566 965 691 1019 dico
726 964 898 1027 vobis,
918 978 1023 1019 non
1052 962 1231 1018 inveni
1265 969 1470 1015 tantam
1517 961 1676 1014 ﬁdem
1719 963 1771 1015 in
1816 960 1983 1015 Israel
2009 960 2077 1013 ⁸⁸.
2121 979 2134 1013 l

2246 962 2504 1034 ἔφοασκενο
2535 980 2554 1013 ι
2601 961 2775 1031 Ἀμὴν
2823 958 2968 1029 λέγω
2997 960 3148 1029 ὐμῖν,
3176 961 3308 1030 παρ’
3338 960 3513 1013 οὐδενὶ
3560 960 3844 1030 τοσαύτην

562 1055 887 1111 Maledictus
914 1070 1048 1124 ergo
1092 1054 1187 1123 qui
1239 1053 1350 1109 Deo
1383 1060 1697 1121 corruptum
1743 1066 1839 1106 seu
1890 1052 2134 1106 vitiosum

2248 1054 2430 1107 πίστιν
2450 1044 2608 1124 εὗρον
2642 1053 2700 1105 ὲν
2727 1051 2806 1123 τῷ
2854 1050 3093 1123 Ἰσραήλ.
3123 1069 3143 1103 ι
3181 1052 3485 1123 Ἐπάρατος
3516 1046 3608 1105 οῦν
3634 1051 3843 1105 όθύων

566 1146 865 1211 sacriﬁcat,
916 1160 1035 1199 cum
1079 1142 1251 1214 possit
1294 1143 1445 1198 illum
1492 1144 1763 1197 honorare
1798 1142 2134 1210 melioribus,

2242 1144 2366 1215 Θεῷ
2389 1144 2486 1198 καὶ
2506 1142 2977 1216 κατεφθαρμένον,
3018 1142 3197 1197 καίτοι
3229 1144 3321 1196 τὸν
3354 1143 3518 1197 αὐτὸν
3546 1145 3659 1207 τοῖς
3678 1142 3843 1214 ἀμεί-

561 1237 830 1307 siquidem
855 1235 909 1290 in
941 1234 1198 1306 gregibus
1224 1234 1365 1301 suis,
1392 1244 1451 1288 ut
1478 1233 1635 1288 modo
1670 1235 1870 1289 dictum
1904 1244 2009 1302 est,
2039 1235 2143 1288 im-

561 1326 891 1382 maculatum
945 1333 1001 1377 et
1052 1323 1351 1377 masculum
1411 1322 1592 1377 habet.
1632 1321 2037 1376 Observandum
2076 1321 2145 1375 ad

559 1417 886 1473 sacriﬁcium
926 1415 1034 1482 peti
1058 1412 1383 1476 masculum,
1417 1412 1543 1467 licet
1590 1412 1673 1466 lex
1715 1412 1824 1466 Deo
1857 1411 2145 1468 immolare

558 1508 721 1561 etiam
759 1505 1017 1560 feminam
1057 1504 1381 1573 praeceperit
1411 1502 1479 1559 “.
1516 1502 1757 1558 Dicimus
1785 1502 1949 1573 igitur
1977 1504 2145 1565 sacri-

560 1598 682 1659 ﬁcia
713 1612 787 1651 ex.
813 1606 957 1662 voto,
996 1598 1099 1652 hoc
1129 1605 1235 1663 est,
1276 1609 1431 1651 mere
1457 1595 1787 1660 voluntaria,
1826 1596 2144 1650 immacula-

558 1700 670 1745 tam
706 1700 760 1746 et
782 1689 1078 1749 masculam
1110 1689 1391 1746 victimam
1419 1688 1749 1758 postulasse,
1789 1698 1844 1744 et
1880 1697 2043 1759 typus
2073 1691 2139 1744 ad

557 1782 874 1839 oli'erentem
907 1782 1243 1853 pertinebat,
1277 1782 1677 1852 quodammodo
1714 1783 1971 1841 hortante
1996 1785 2138 1855 lege,

2244 1251 2362 1289 νοσι
2415 1234 2583 1305 τιμᾷν
2643 1233 2744 1304 (i),
2799 1234 2958 1303 εἴπερ
3001 1233 3059 1286 ὲν
3090 1233 3363 1303 ποιμνίοις
3394 1234 3528 1304 ἔχει,
3576 1233 3843 1303 καθάπερ

2243 1325 2381 1395 ἔφην
2413 1324 2638 1396 ἀρτίως,
2663 1324 2722 1377 τὸ
2748 1323 2983 1394 ἀμωμόν
3018 1340 3077 1375 τε
3118 1324 3211 1377 καὶ
3248 1324 3435 1394 ἄρσεν.
3484 1323 3841 1394 Σημειωτέον

2241 1414 2317 1478 δὲ,
2350 1415 2433 1468 ὄτι
2458 1413 2518 1467 τὸ
2556 1413 2723 1484 ἄρσεν
2744 1414 2825 1476 είς
2858 1414 3052 1467 θυσίαν
3105 1415 3278 1477 αίτεῖ,
3324 1414 3502 1468 καίτοι
3526 1413 3844 1485 τοῦ⁶νόμου

2242 1504 2673 1576 προστεταχότος
2726 1503 3019 1558 καταθύειν
3071 1504 3190 1576 Θεῷ
3251 1506 3348 1560 καὶ
3399 1493 3586 1577 θήλεα.
3642 1506 3843 1577 Φαμὲν

2240 1592 2355 1660 οὖν,
2385 1596 2466 1649 ὅτι
2492 1597 2548 1649 αί
2578 1594 2699 1648 κατ’
2726 1594 2890 1665 εὐχὴν
2941 1594 3143 1661 θυσίαι,
3186 1595 3457 1660 τουτέστι,
3480 1595 3551 1649 τὰ
3580 1596 3840 1659 ἑκούσια,

2240 1687 2303 1740 τὸ
2331 1686 2561 1758 ἀμωμόν
2585 1704 2646 1741 τε
2680 1686 2773 1739 καὶ
2811 1686 2978 1756 ἄρσεν
3001 1684 3247 1757 ἐδέχοντο
3268 1684 3437 1756 θῦμα,
3464 1686 3559 1739 καὶ
3580 1680 3645 1756 ἦν
3678 1689 3707 1741 ὁ
3735 1686 3844 1739 τύ·

2243 1797 2343 1844 πος
2373 1782 2453 1843 είς
2510 1778 2603 1834 τὸν
2658 1778 3023 1851 προσάγοντα,
3086 1778 3367 1849 μονονουχὶ
3408 1779 3843 1849 παρεγγυῶντος

558 1878 625 1931 ad
654 1877 819 1931 Deum
845 1876 1092 1932 volentes
1120 1876 1173 1930 in
1201 1876 1423 1931 odorem
1474 1876 1764 1932 suavitatis
1815 1878 2133 1943 ascendere,

2242 1869 2336 1923 τοῦ
2358 1868 2546 1940 νόμου,
2571 1868 2653 1921 ὅτι
2671 1868 2779 1939 χρὴ
2799 1869 2925 1931 τούς
2951 1869 3031 1930 είς
3051 1867 3228 1939 ὀσμὴν
3256 1868 3485 1931 εὐωδίας
3514 1869 3777 1923 ἀναϐαίνε
3791 1886 3844 1922 ιν

557 1965 745 2022 viriles
792 1976 847 2020 et
876 1964 1047 2021 animi
1096 1964 1604 2035 perturbationibus
1662 1964 1922 2034 majores,
1971 1974 2138 2034 atque

560 2059 629 2113 ab
658 2058 806 2115 omni
843 2057 1274 2127 reprehensione
1308 2054 1674 2110 alienissimos
1707 2070 1831 2111 esse
1856 2066 2134 2125 oportere.

565 2148 847 2205 Sacriﬁcia
900 2157 1076 2203 autem
1118 2161 1218 2217 pro
1263 2144 1525 2216 peccatis,
1558 2145 1626 2200 de
1657 2146 1813 2215 agnis
1859 2155 1917 2201 et
1966 2145 2139 2201 haedis

555 2238 816 2296 [antibant
850 2238 1213 2294 admittebant
1238 2237 1419 2307 plane.
1458 2238 1635 2306 Atque
1675 2236 1791 2290 hsce
1839 2237 2004 2291 etiam
2037 2238 2139 2291 im-

557 2332 871 2387 becillitatis
898 2329 1242 2387 olferentium
1284 2328 1579 2385 insinuatio
1601 2328 1848 2399 quaedam
1877 2337 2013 2383 erat.
2050 2328 2140 2382 ln-

553 2425 725 2480 ﬁrmae
754 2424 897 2479 enim
944 2433 1076 2478 sunt
1110 2421 1346 2486 feminae,
1394 2430 1449 2476 et
1476 2419 1716 2475 maribus
1760 2419 1956 2475 robore
1996 2419 2138 2475 infe.

551 2516 747 2571 riores.
778 2513 950 2571 Omne
976 2522 1155 2569 autem
1182 2524 1488 2583 peccatum,
1522 2520 1701 2566 mente
1725 2510 1999 2566 inﬁrmata
2035 2525 2135 2565 nec

551 2606 782 2677 amplius
815 2604 1099 2676 spirituale
1130 2606 1294 2661 robur
1323 2612 1684 2660 conservante
1708 2602 2132 2664 econsciscitur.

2236 1960 2519 2025 ἐθέλοντας
2549 1960 2628 2030 τῷ
2656 1958 2797 2030 Θεῷ,
2843 1959 3123 2030 ἀνδρείους
3192 1976 3239 2013 ιε
3292 1955 3467 2025 εἶναι,
3504 1961 3595 2014 καὶ
3634 1960 3843 2014 παθῶν

2235 2054 2512 2125 ἀμείνους,
2535 2054 2632 2109 καὶ
2659 2053 2854 2125 μώμου
2884 2053 3087 2118 παντὸς
3106 2053 3401 2109 ἀπωτάτω.
3424 2055 3489 2107 Αἱ
3514 2055 3570 2108 δέ
3594 2072 3656 2123 γε
3688 2056 3841 2126 ὑπὲρ

2237 2147 2522 2219 ἁμαρτιῶν
2578 2148 2987 2219 προσαγόμεναι
3044 2146 3245 2212 θυσίαι,
3296 2146 3358 2200 τὸ
3421 2147 3557 2217 θῆλυ
3603 2150 3842 2210 πάντως

2236 2236 2481 2307 ἐδέχοντο
2514 2236 2622 2290 ἀπὸ
2646 2236 2757 2289 τῶν
2804 2238 3015 2308 ἀμνών,
3052 2238 3145 2290 καὶ
3188 2237 3298 2291 ἀπὸ
3344 2237 3453 2291 τῶν
3477 2238 3709 2309 ἐρίφων.
3740 2241 3847 2293 Aie

2236 2344 2409 2399 νιγμα
2436 2328 2491 2381 δὲ
2526 2329 2621 2382 καὶ
2662 2328 2819 2382 τοῦτο
2848 2330 2946 2399 τῆς
2976 2329 3085 2384 τῶν
3122 2329 3510 2399 προσαγόντων
3542 2330 3839 2394 ἀσθενείας

2234 2414 2323 2489 ἦν.
2369 2419 2599 2473 Ἀναλκι
2649 2418 2759 2491 γὰρ
2790 2419 2852 2473 τὸ
2906 2418 3040 2488 θῆλυ
3067 2462 3082 2485 ,
3147 2418 3243 2473 καὶ
3287 2418 3397 2472 τῶν
3460 2419 3713 2492 ἀρσένων
3759 2421 3841 2483 ὡς

2236 2511 2295 2563 ὲν
2327 2510 2471 2581 ίσχύῖ
2506 2510 2778 2581 δεύτερον.
2819 2511 2875 2563 Ἀ
2886 2510 3092 2582 μαρτία
3116 2511 3172 2565 δὲ
3194 2513 3345 2565 πᾶσα
3369 2511 3544 2583 δρῷτο
3564 2511 3629 2565 ἂν
3658 2511 3840 2582 ἥσθε-

2238 2602 2464 2671 νηκότος
2485 2601 2579 2655 τοῦ
2607 2600 2721 2668 νοῦ,
2751 2602 2847 2655 καὶ⁸
2874 2600 2996 2655 οὐτε
3026 2619 3129 2655 που
3157 2601 3358 2671 μᾶλλον
3394 2591 3493 2671 τῆν
3532 2619 3839 2673 πνευματι-

2136 2714 2141 2722 ·
2237 2691 2341 2761 κήν
2381 2692 2646 2757 σώζοντος
2675 2691 3001 2763 εὐρωστίαν.

1213 2827 1365 2884 CAP.
1406 2824 1471 2880 ll.

622 2959 788 3017 Vrsas.
833 2961 883 3027 l,
921 2960 981 3014 2.
1016 2961 1081 3014 Et
1110 2976 1248 3016 nunc
1282 2959 1593 3014 mandatum
1623 2960 1721 3014 hoc
1755 2960 1824 3015 ad
1856 2976 1962 3027 vos,
1984 2977 2015 3016 ο
2047 2978 2134 3016 sa-

551 3053 833 3107 cerdotes:
868 3048 927 3105 Si
970 3067 1072 3105 non
1110 3051 1420 3119 audieritis,
1460 3060 1508 3105 et
1544 3052 1590 3105 si
1621 3067 1725 3104 non
1759 3052 2036 3118 posueritis
2076 3053 2143 3108 in-

549 3166 643 3204 τοι*
671 3160 915 3213 oestrum,
953 3158 1008 3202 tu
1038 3147 1173 3202 detis
1206 3145 1659 3217 gloriamnomini
1689 3161 1822 3210 meo,
1855 3147 1985 3202 dicit
2017 3147 2123 3201 Do-

2843 2826 3069 2879 ΚΕΦΑΛ
3082 2867 3096 2881 .
3146 2826 3220 2881 Β⁸.

2308 2961 2418 3015 Καὶ
2448 2959 2566 3016 νῦν
2621 2960 2842 3029 ἐντολὴ
2896 2962 3049 3029 αὕτη
3107 2962 3255 3030 πρὸς
3294 2957 3471 3030 ὑμᾶς,
3525 2963 3578 3013 cl
3626 2960 3833 3030 ἱερεῖς·

2253 3052 2387 3106 Ἐὰν
2406 3051 2491 3123 μὴ
2522 3053 2847 3140 ἀκούσητε,
2914 3053 3013 3107 καί
3055 3054 3164 3108 ἐὰν
3217 3053 3304 3123 μὴ
3359 3052 3547 3121 θῆσθε
3593 3054 3682 3119 εις
3715 3053 3839 3121 τὴν

2238 3144 2493 3215 καρδίαν
2515 3146 2706 3217 ὑμῶν,
2723 3146 2830 3200 τοῦ
2858 3145 3070 3201 δοῦναι
3102 3146 3292 3212 δόξαν
3317 3146 3398 3213 τῷ
3417 3147 3665 3216 ὀνόματι
3682 3164 3835 3215 μου,

551 3242 727 3295 minus
755 3241 1109 3308 omnipotens,
1141 3238 1350 3293 mittant
1381 3254 1537 3307 super
1571 3254 1656 3292 vos
1686 3238 2127 3305 maledictionem,

2238 3238 2395 3308 λέγει
2452 3239 2670 3306 Κύριος
2702 3237 3146 3307 παντοκράτωρ,
3188 3239 3287 3293 καί
3317 3237 3709 3304 ἐξαποστελῶ
3735 3240 3834 3307 ἐρ’

548 3333 925 3389 etntaledicam
973 3331 1381 3389 benedictionem
1428 3341 1680 3395 vestram,
1715 3341 1763 3385 et
1816 3331 2131 3386 maledicam

549 3428 741 3496 ipsum.
804 3424 872 3478 Et
921 3424 1190 3494 dissipabo
1223 3424 1632 3481 benedictionem
1671 3433 1920 3491 vestram,
1949 3438 1997 3479 et
2028 3442 2133 3478 non

550 3520 646 3573 erit
678 3521 732 3574 in
777 3518 943 3583 nobis,
988 3518 1121 3587 quis
1156 3533 1245 3573 vos
1287 3534 1390 3572 non
1439 3518 1633 3587 ponitis
1689 3518 1744 3571 in
1766 3533 1856 3571 cor
1880 3530 2137 3572 vestrum.

624 3784 765 3841 XVI.
806 3782 1006 3853 Culpas
1032 3784 1295 3838 hactenus
1324 3781 1593 3837 admissas
1625 3798 1691 3837 ex
1722 3782 1968 3838 bonitate
1992 3797 2130 3837 con-

552 3878 737 3940 donat,
788 3883 843 3929 et
884 3872 1321 3931 misericordiam
1364 3872 1573 3938 tribuit,
1609 3883 1925 3942 peccatores
1978 3874 2129 3943 quasi

553 3969 621 4023 ad
652 3967 963 4037 primaevam
994 3967 1249 4021 virtutem
1291 3979 1573 4020 revocans.
1613 3964 1729 4021 Hoc
1754 3980 1878 4021 eum
1920 3966 2131 4034 signiﬁ-

550 4074 677 4113 care
700 4072 921 4124 censeo,
955 4057 1084 4111 dum
1109 4056 1409 4113 clementer
1437 4057 1514 4112 ait
1544 4076 1556 4110 :
1586 4075 1603 4108 t
1648 4057 1712 4111 Et
1738 4071 1880 4112 nunc
1910 4057 2134 4111 manda-

548 4147 789 4202 tumhoc
813 4147 880 4202 ad
914 4161 1028 4211 vos,
1047 4160 1081 4201 ο
1106 4147 1440 4203 sacerdotes.
1477 4166 1495 4199 s
1531 4146 1769 4203 Minatur
1786 4156 1965 4205 autem
1989 4148 2133 4203 dein-

548 4254 698 4307 ceps,
732 4239 833 4292 nisi
874 4237 1058 4294 facere
1118 4239 1287 4295 velint
1329 4254 1451 4309 qua:
1503 4253 1600 4294 eos
1650 4238 1832 4295 facere
1880 4251 2132 4297 constare

547 4338 785 4400 oportet,
814 4330 1238 4401 divinorumque
1274 4330 1625 4385 oraculorum
1648 4344 1867 4386 sensum
1898 4333 1949 4386 in
1978 4349 2130 4387 men-

552 4431 660 4475 tem
711 4430 766 4475 et
806 4436 903 4476 cor
961 4421 1278 4486 immittere,
1329 4421 1499 4494 834
1538 4433 1593 4477 et
1633 4422 1827 4492 seipsis
1876 4424 2130 4480 meliores

550 4510 860 4577 evaserint,
888 4519 942 4567 et
980 4510 1073 4567 Dei
1123 4512 1348 4583 gloriam
1382 4513 1763 4583 qumsiverint,
1801 4513 1972 4568 altare
2024 4530 2128 4569 non

2232 3325 2387 3397 ὑμᾶς
2418 3327 2533 3395 τὴν
2556 3326 2842 3396 κατάραν,
2882 3328 2980 3381 καὶ
3014 3327 3529 3398 ἐπικαταράσομαι
3578 3329 3698 3397 τὴν
3724 3331 3832 3384 εὑ-

2231 3421 2445 3489 λογίαν
2474 3419 2660 3490 ὑμῶν,
2716 3422 2815 3477 καὶ
2858 3420 3270 3491 καταράσομαι
3313 3421 3526 3487 αὐτήν.
3558 3421 3666 3475 Καὶ
3696 3421 3835 3475 δια-

2232 3511 2512 3567 σκεδάσω
2539 3512 2665 3581 τὴν»
2700 3514 2987 3583 εὐλογίαν
3010 3513 3198 3583 ὑμῶν,
3231 3513 3333 3567 καὶ
3386 3516 3498 3569 οὐκ
3536 3514 3707 3568 ἔσται
3760 3516 3836 3567 ὲν

2231 3602 2411 3671 ὑμῖν,
2461 3603 2555 3657 ὅτι
2614 3605 2781 3674 ὑμεῖς
2840 3608 2912 3660 οὐ
2965 3606 3203 3660 τίθεσθε
3272 3607 3360 3673 εἰς
3408 3606 3524 3674 τὴν
3569 3606 3835 3675 καρδίαν

2232 3694 2422 3764 ὑμῶν.

2304 3787 2421 3853 IG”.
2450 3788 2689 3858 Παρίησι
2722 3788 3040 3857 φιλαγάθως
3068 3788 3166 3852 τὰς
3206 3787 3301 3841 ἐπὶ
3326 3790 3439 3852 τοῖς
3467 3788 3571 3860 ἥδη
3611 3788 3833 3857 φθάσαι

2235 3893 2320 3930 σιν
2346 3878 2547 3942 αίτίας,
2582 3880 2676 3932 καὶ⁵
2723 3880 2877 3949 νέμει
2926 3880 3018 3932 τὸν
3062 3879 3232 3943 ἔλεον,
3288 3880 3369 3943 είς
3422 3878 3599 3950 ἀρχὰς
3633 3879 3833 3951 ὥσπερ

2233 3969 2532 4033 ἐπιεικείας
2568 3970 2845 4034 ἀνατιθεὶς
2875 3971 3001 4035 τοὺς
3062 3972 3475 4043 ἡμαρτηκότας.
3530 3972 3696 4024 Τουτὶ
3724 3975 3830 4041 μὲν

2231 4056 2384 4131 οἶμαι
2409 4060 2623 4132 δηλοῦν,
2668 4062 2895 4130 λέγοντα
2926 4062 3179 4135 χρηστῶς
3210 4064 3291 4118 τό·
3352 4082 3371 4115 ι
3405 4064 3516 4118 Καὶ⁵
3547 4063 3642 4117 νῦν
3674 4066 3709 4134 ὴ
3739 4066 3831 4117 ὲν-

2232 4153 2361 4225 τολὴ
2391 4153 2530 4225 αὐτη
2552 4154 2689 4225 πρὸς
2712 4155 2877 4225 ὑμᾶς,
2906 4156 2955 4208 oi
2986 4157 3170 4226 ἱερεῖς.
3194 4175 3213 4209 ι
3253 4155 3492 4210 Ἀπειλεῖ
3527 4156 3585 4209 δὲ
3612 4156 3829 4217 λοιπὸν.

2232 4246 2307 4311 ὡς
2338 4248 2388 4300 εί
2417 4246 2491 4318 μὴ
2546 4246 2753 4317 ἔχοιντο
2786 4250 2960 4302 ποιεῖν
3006 4248 3043 4303 ἃ
3096 4248 3203 4320 χρὴ
3235 4248 3521 4312 ποιοῦντας
3553 4249 3785 4319 ὁρᾶσθαι
3805 4289 3826 4313 ,

2233 4336 2327 4391 καὶ
2360 4338 2441 4400 είς
2494 4336 2619 4391 νοῦν
2677 4337 2786 4391 ἔσω
2827 4338 3074 4392 τίθεσθαι
3116 4342 3213 4392 καὶ
3260 4338 3491 4409 καρδίαν
3514 4338 3625 4391 τῶν
3660 4337 3830 4391 θείων

2232 4429 2725 4500 χρησμῳδημάτων
2778 4430 2879 4501 τὴν
2933 4431 3209 4499 αἴσθησιν,
3267 4430 3477 4483 ἔσοιντό
3529 4446 3589 4482 τε
3640 4430 3827 4483 αὐτῶν

2232 4520 2491 4590 ἀμείνους
2518 4519 2551 4591 ἢ
2581 4520 2771 4584 πάλαι,
2810 4522 2903 4576 καὶ
2946 4522 3043 4593 τὴν
3076 4522 3170 4575 τοῦ
3202 4522 3337 4576 Θεοῦ
3372 4522 3532 4589 δόξαν
3558 4521 3827 4593 ἐπιζητή-

556 4601 698 4656 ultra
730 4601 1143 4673 vilipendentes,
1194 4618 1370 4673 neque
1402 4613 1606 4658 temere
1634 4613 1687 4658 et
1717 4604 1856 4660 citra
1890 4604 2133 4679 explora-

2239 4628 2409 4677 σειαν,
2455 4612 2529 4683 μὴ
2579 4614 3115 4686 κατασμικρύνοντες
3170 4616 3251 4669 ἔτι
3300 4616 3361 4669 τὸ
3412 4616 3823 4687 θυσιαστήριον.

560 4698 762 4753 tionem
783 4695 989 4768 legibus
1008 4696 1212 4751 sancita
1244 4710 1400 4751 sacra
1426 4705 1766 4766 peragentes,
1796 4696 2134 4763 penitissime

555 4786 663 4841 illis
713 4785 1131 4841 maledicturum
1178 4793 1234 4840 et
1290 4799 1700 4840 succensurnm.
1761 4784 1899 4840 Puto
1952 4796 2131 4840 autem

551 4893 675 4948 ego,
715 4876 944 4933 istorum
974 4877 1290 4943 verborum,
1342 4893 1360 4926 ι
1414 4875 1728 4932 Maledicam
1772 4878 2131 4933 benedictioni

552 4980 769 5031 vestrae.
798 4970 1147 5040 etdissipabo
1177 4971 1374 5039 ipsam,
1408 4988 1426 5019 s
1464 4969 1605 5023 hanc
1637 4969 1862 5026 forsitan
1910 4980 2132 5025 seutch

556 5063 681 5116 tiam
738 5077 863 5117 esse
899 5080 913 5115 :
945 5061 1059 5117 Deo
1100 5061 1418 5131 quibusdam
1482 5062 1791 5117 felicitatem
1838 5074 2129 5129 annuente,

553 5155 774 5209 uberem
810 5164 1130 5223 proventum
1159 5153 1210 5207 in
1242 5156 1387 5223 agris
1416 5154 1552 5219 fore,
1582 5164 1636 5209 et
1658 5154 1839 5207 omnia
1867 5169 2128 5224 prospere

552 5258 888 5309 successura,
914 5256 967 5298 et
1006 5259 1201 5313 pecora
1239 5244 1635 5300 incredibiliter
1664 5261 1888 5302 numero
1911 5260 2127 5305 auctum

551 5334 638 5400 iri,
671 5336 924 5405 ipsosque
966 5338 1018 5391 in
1044 5338 1365 5406 corporibus
1399 5337 1528 5391 nihil
1562 5338 1845 5392 adversum
1880 5341 2130 5395 noxium-

549 5440 654 5491 que
685 5440 963 5494 passurus.
996 5425 1288 5480 Auferente
1319 5436 1496 5481 autem
1543 5427 1657 5494 ipso
1691 5427 2127 5489 benedictionem

653 5605 699 5635 "
738 5603 928 5659 Matth.
957 5620 1073 5674 vttt,
1114 5607 1199 5662 10.
1279 5607 1327 5682 ’ἦ
1353 5607 1527 5661 Levii.
1558 5623 1667 5661 uti
1723 5624 1875 5679 seqq.

604 5806 699 5879 ﬂ)
734 5808 923 5864 Deﬁcit
956 5812 1174 5866 verbum
1209 5811 1583 5883 impersonale.

2239 4702 2379 4774 μήτε
2411 4701 2517 4775 μὴν
2547 4702 2734 4769 ἁπλῶς
2763 4705 2795 4776 ἢ
2823 4704 3203 4770 ἀϐασανίστως
3253 4706 3534 4770 τελοῦντες
3557 4707 3627 4761 τὰ
3664 4724 3820 4760 νενοο

2239 4793 2499 4865 μισμένα,
2530 4798 2706 4869 πάντη
2726 4815 2786 4851 τε
2816 4799 2911 4852 καὶ
2959 4800 3175 4863 πάντως
3207 4800 3628 4870 κατηραμένους
3686 4800 3825 4851 ἀπο-

2237 4888 2397 4954 φανεῖ
2426 4888 2520 4942 καὶ
2572 4889 2678 4943 ὐπὸ
2720 4891 2870 4946 θείαν
2916 4892 3074 4955 ὄντας
3105 4892 3297 4964 ὀργήν.
3361 4888 3534 4961 Οἶμαι
3559 4892 3617 4945 δὲ
3645 4891 3822 4959 ἔγωγε

2234 4977 2427 5048 δηλοῦν
2452 4981 2532 5047 τὸ,
2562 5000 2580 5032 ι
2623 4982 3128 5055 Ἐπικαταράσομαι
3148 4985 3246 5056 τὴν
3261 4984 3510 5052 εὐλογίαν
3534 4982 3827 5053 ὐμῶν,καὶ

2235 5068 2574 5126 διασκεδάσω
2598 5074 2790 5146 αὐτὴν,
2832 5096 2850 5127 ι
2879 5077 3057 5129 ἐκεῖνο
3083 5078 3225 5146 τάχα
3262 5093 3387 5131 που.
3421 5074 3556 5127 Θεοῦ
3577 5075 3678 5145 μὲν
3708 5073 3825 5143 γὰρ

2238 5163 2632 5229 κατανεύοντος
2663 5165 2759 5237 τὴν
2788 5168 3089 5237 εὐημερίαν
3136 5169 3301 5233 τισὶν,
3334 5166 3631 5237 εὐφορήσει
3662 5165 3726 5217 τὰ
3754 5164 3825 5215 ὲν

2235 5252 2446 5325 ἀγροῖς,
2476 5256 2773 5328 εὐκαρπίαι
2805 5276 2863 5310 τε
2914 5258 3130 5312 ἔσονται
3168 5261 3262 5313 καὶ
3308 5257 3576 5327 εὐθηνίαι,
3608 5256 3699 5309 καὶ
3735 5257 3823 5317 είς

2235 5343 2449 5415 πληθὺν
2464 5344 2771 5417 ἀμέτρητον
2797 5348 3053 5402 ἐπιδώσει
3073 5348 3143 5403 τά
3166 5348 3477 5420 θρέμματα,
3504 5347 3598 5400 καὶ
3616 5345 3824 5415 φθορᾶς

2236 5434 2445 5491 ἔσονται
2472 5438 2572 5509 τῆς
2601 5439 2708 5494 τῶν
2732 5441 3001 5511 σωμάτων
3023 5443 3280 5513 ἀμείνους
3314 5441 3491 5495 αὐτοί.
3534 5436 3825 5507 Ἀφιστάν-
