4070 6530
258 374 359 431 505

1074 375 1626 434 COMMENTARIUS
1662 376 1729 433 IN
1767 377 2179 441 MALACHIAM
2222 378 2662 435 PROPHETAM.

3384 385 3495 445 506

250 500 340 551 (ro;
366 483 424 537 δὲ
478 483 577 555 τὴν
617 485 868 555 εὐλογίαν
919 489 1105 556 αὐτοῦ,
1155 492 1293 563 πρὸς
1348 496 1455 547 πᾶν
1513 494 1820 548 τούναντίον

1927 510 2102 561 suam,
2128 509 2213 551 res
2242 496 2464 550 omnino
2496 511 2711 551 versum
2744 495 2811 550 iri
2855 504 3001 552 retro
3024 504 3078 551 et
3125 506 3324 554 statum
3372 501 3503 557 bea-

252 575 627 646 μεταχωρήσει
660 576 730 630 τὰ
758 580 1080 648 πράγματα,
1110 584 1205 635 καί
1221 583 1455 637 ἀπέσται
1478 585 1577 655 μὲν
1607 586 1823 649 πάντως

248 665 309 717 τὸ
332 664 645 735 εὐημερεῖν,
676 672 1081 742 κατακρατήσει
1113 673 1170 726 δὲ
1201 673 1402 743 μᾶλλον
1424 676 1492 729 τὰ
1519 677 1605 744 ἐφ’
1634 671 1718 739 οἷς
1756 676 1823 731 ἂν

248 754 469 818 εἰκότως
503 757 856 825 καταγένοιτό
879 778 983 824 τις.
1014 763 1123 817 Καὶ
1157 765 1318 818 ταυτὶ
1357 765 1457 835 μὲν
1482 767 1511 819 ὁ
1541 765 1699 835 λόγος
1747 766 1824 831 ὡς

246 845 303 897 ὲν
332 843 608 915 αἰσθητοῖς
634 864 692 900 τε
716 850 810 902 καὶ
837 853 1196 924 προσκαίροις
1230 856 1570 927 πράγμασιν.

313 936 523 991 Εἰδέναι
555 938 613 992 δὲ
638 940 931 1009 ἀναγκαῖον
954 942 1050 1009 ὡς,
1066 945 1116 998 εἰ
1145 948 1218 1017 μη
1246 964 1331 1011 τις
1351 947 1527 1001 ἕλοιτο
1550 948 1650 1012 τὰς
1671 948 1823 1012 θείας

246 1030 324 1091 εἰς
343 1029 467 1082 νοῦν
488 1030 636 1100 ἔχειν
656 1032 900 1098 ἐντολὰς,
962 1036 1242 1107 οἰχήσεται
1273 1039 1452 1093 πάντα
1483 1039 1635 1111 αὐτῷ
1686 1039 1823 1110 πρὸς

245 1120 306 1173 τὸ
338 1122 504 1191 μηδὲν
531 1121 601 1175 τά
631 1123 710 1187 εἰς
734 1125 858 1179 νοῦν
910 1126 1114 1195 ἀγαθὰ,
1137 1127 1249 1194 ἕξει
1300 1147 1363 1184 τε
1396 1131 1604 1202 καρπον
1632 1130 1822 1185 οὐδένα

243 1211 340 1281 τῆς
375 1210 623 1278 φιλοθέου
669 1212 835 1285 ζωῆς·
890 1216 1005 1269 ἀλλ’
1054 1217 1207 1273 ἔσται
1265 1220 1365 1292 μὲν
1418 1221 1668 1290 εὐλογίας
1720 1223 1820 1295 τῆς

242 1300 446 1355 ἄνωθεν
472 1303 566 1355 καὶ
590 1304 740 1375 παρὰ
789 1305 923 1360 Θεοῦ
955 1309 1287 1379 τητῶμενος,
1336 1316 1740 1381 παραπεσεῖται
1761 1314 1820 1369 δὲ

240 1395 356 1456 ταῖς
382 1394 546 1464 ἀραῖς
571 1398 667 1450 καὶ
692 1400 814 1461 ταῖς
839 1400 902 1451 ὲκ
928 1401 1133 1453 τούτων
1184 1406 1414 1468 ποιναῖς.
1458 1406 1731 1477 Ζητητέον
1754 1405 1819 1477 δὴ

237 1479 329 1536 οὖν
355 1485 455 1555 τὴν
482 1484 579 1539 τοῦ
624 1486 760 1539 Θεοῦ
810 1488 986 1555 δόξαν·
1048 1490 1143 1543 καὶ
1169 1492 1291 1545 τίνα
1323 1492 1387 1563 δὴ
1426 1494 1623 1563 τρόπον
1662 1495 1819 1548 τοῦτο

240 1574 674 1647 κατορθώσομεν,
699 1578 858 1642 αὐτὸς
892 1581 1039 1651 ἡμᾶς
1062 1581 1091 1634 δ
1115 1582 1305 1654 Σωτὴρ
1354 1582 1593 1649 ἐδίδαξεν
1622 1585 1815 1640 εἰπών’

241 1687 260 1717 ‹
294 1666 578 1736 Λαμψάτω
596 1669 658 1721 τὸ
694 1670 811 1739 φῶς
838 1671 867 1723 ὑ
876 1671 992 1742 μῶν
1017 1672 1329 1744 ἔμπροσθεν
1350 1673 1459 1729 τῶν
1489 1675 1817 1749 ἀνθρώπων,

234 1755 383 1819 ὅπως
413 1755 560 1810 ἴδωσι
581 1759 649 1811 τά
674 1758 818 1812 καλά
864 1761 1020 1832 ὑμῶν
1072 1762 1230 1834 ἔργα,
1285 1763 1379 1817 καὶ
1430 1764 1695 1831 δοξάσωσι
1728 1768 1818 1823 τὸν

1930 586 2120 641 tiorem
2145 587 2333 657 procul
2362 587 2699 651 abfuturum,
2732 585 3024 641 invalitura
3064 587 3253 654 potius
3285 587 3354 645 ob
3376 606 3499 660 qua:

1924 676 2048 744 quis
2070 678 2263 732 merito
2289 677 2376 732 hic
2411 692 2517 731 non
2564 686 2824 732 moretur.
2867 676 2933 733 Et
2963 678 3080 733 haec
3106 678 3323 748 quidem
3362 681 3497 734 utin

1925 767 2086 822 rebus
2137 782 2359 824 sensum
2418 768 2761 839 tangentibus
2823 784 2884 824 ac
2938 771 3301 839 temporaneis
3360 772 3502 826 dicta

1920 868 2106 915 ηδιιιιιο.

1995 948 2283 1004 Sciendum
2318 959 2497 1004 autem
2524 950 2703 1019 plane,
2734 950 2835 1005 nisi
2859 949 2983 1020 quis
3013 950 3193 1004 divina
3234 950 3489 1005 mandata

1922 1041 2106 1095 animo
2135 1041 2414 1097 continere
2447 1041 2703 1107 voluerit,
2727 1042 2910 1097 omnia
2944 1042 3110 1096 animi
3137 1047 3275 1096 bona
3314 1042 3413 1110 ipsi
3440 1042 3493 1095 in

1920 1130 2152 1185 nihilum
2172 1130 2468 1194 abitura.et
2516 1130 2641 1185 vita:
2690 1130 2955 1200 religiosae
3011 1131 3245 1186 l’ruetum
3298 1130 3500 1184 nullum

1926 1222 2228 1277 relaturum
2270 1221 2562 1292 :quinimo
2638 1222 2944 1291 caelestem,
2985 1231 3148 1290 atque
3181 1238 3210 1275 a
3253 1221 3361 1276 Deo
3397 1221 3501 1274 int-

1924 1314 2118 1384 pertiri
2152 1313 2372 1369 solitam
2404 1312 2833 1368 benedictionem
2860 1313 3281 1378 amissurum,et
3304 1310 3359 1366 in
3382 1326 3497 1363 ma-

1922 1406 2240 1462 ledictiones
2292 1419 2590 1476 poenasque
2671 1415 3071 1475 consequentes
3126 1404 3497 1459 incursurum.

1923 1498 2265 1555 Studendum
2293 1513 2423 1568 ergo
2467 1498 2560 1554 Dei
2592 1497 2820 1567 gloriae;
2854 1497 2999 1565 quod
3044 1495 3316 1566 quomodo
3364 1492 3501 1561 legi-

1922 1590 2052 1645 time
2075 1589 2186 1656 ﬁat,
2217 1590 2330 1658 ipse
2357 1587 2609 1644 Salvator
2632 1602 2735 1644 nos
2753 1587 2938 1642 docuit
2969 1584 3077 1640 illis
3103 1583 3321 1640 verbis:
3348 1602 3366 1634 ‹
3404 1582 3499 1638 Sic

1922 1681 2098 1735 luceat
2123 1680 2213 1735 lux
2249 1690 2429 1735 vestra
2456 1694 2643 1735 coram
2673 1677 3012 1742 hominibus,
3047 1684 3109 1730 ut
3138 1674 3356 1730 videant
3379 1689 3502 1744 ope-

1920 1789 1979 1827 ra
2008 1780 2187 1827 vestra
2214 1772 2381 1834 bona,
2419 1780 2473 1825 et
2505 1769 2812 1840 gloriﬁcent
2858 1766 3074 1822 Patrem
3106 1776 3355 1821 vestrum
3404 1765 3497 1835 qui

233 1846 458 1918 Πκτέρα
480 1848 638 1919 ὑμῶν
655 1850 747 1904 τὸν
772 1853 828 1906 ὲν
859 1855 970 1916 τοῖς
995 1854 1264 1925 οὐρανοῖς,
1298 1874 1316 1906 ι
1348 1856 1484 1911 Τότε
1514 1858 1610 1911 καὶ
1634 1857 1818 1929 πλήρη

1922 1863 1974 1917 in
2005 1863 2160 1919 caelis
2185 1872 2267 1916 est
2294 1863 2360 1915 ⁸⁷.
2389 1881 2408 1913 ι
2444 1862 2594 1916 Τυηο
2621 1860 2786 1914 etiam
2820 1858 3035 1927 plenam
3064 1855 3496 1913 benedictionem

231 1941 329 2010 τὴν
368 1941 623 2010 εὐλογίαν
648 1943 1041 2016 άποληψὸμεθα
1066 1948 1162 2001 καὶ
1183 1949 1515 2020 ἅκράδαντον
1539 1948 1637 2020 τὴν
1667 1949 1821 2002 εὐθυ-

235 2037 385 2102 μίαν,
431 2035 525 2087 καὶ
561 2038 683 2101 ταῖς
737 2042 1132 2109 πνευματικαῖς
1180 2040 1518 2112 εὐκαρπίαις
1546 2041 1819 2113 ἐντρυφή-

233 2140 438 2194 σομεν,
492 2124 717 2196 ἔμπλεοῖ
764 2145 823 2181 τε
876 2131 1076 2194 παντὸς
1125 2131 1330 2200 ἀγαθοῦ
1376 2132 1680 2201 γεγονότες,
1724 2133 1819 2186 τὸν

228 2215 450 2285 ἀληθῶς
492 2216 801 2291 ἀξιοπρεπῆ
846 2224 940 2275 καὶ
988 2221 1263 2295 ἐξαίρετον
1318 2224 1650 2296 διαζήσομεν
1679 2225 1815 2295 βίον.

310 2307 461 2362 Ἰδοὺ
512 2309 627 2379 ἐγὼ
658 2311 910 2380 ἁφορίζω
946 2312 1087 2383 ὑμῖν
1113 2314 1221 2368 τὸν
1257 2311 1438 2385 ὦμον,
1484 2316 1581 2369 καί
1634 2329 1817 2384 σκορ-

226 2398 338 2451 sui)
366 2400 673 2470 ἐνυστρον
698 2402 800 2456 ἐπὶ
845 2404 917 2459 τὰ
964 2408 1256 2474 πρόσωπα
1288 2406 1475 2476 ὑμῶν,
1518 2407 1817 2475 ἕνυστρον

224 2490 452 2560 ἑορτῶν
479 2492 666 2565 ὑμῶν,
715 2496 814 2550 καὶ
862 2496 1136 2567 λήψομαι
1187 2498 1346 2568 ὑμᾶς
1379 2502 1467 2564 εἰς
1520 2498 1591 2553 τὸ
1645 2502 1811 2554 αὐτό.

223 2585 332 2638 Kal
373 2587 777 2655 ἐπιγνώσεσθε
833 2588 983 2644 διότι
1025 2591 1140 2661 ἐγὼ
1194 2591 1623 2658 ἐξαπέσταλκα
1662 2592 1814 2661 πρὸς

223 2674 381 2744 ὑμᾶς
427 2677 541 2745 τὴν
588 2679 852 2748 ἐντολὴν
897 2682 1144 2751 ταύτην,
1191 2684 1299 2737 τοῦ
1323 2680 1479 2737 εἶναι
1525 2684 1641 2753 τὴν
1684 2684 1810 2737 δια-

222 2766 429 2834 θήκην
475 2787 595 2839 μου
642 2771 796 2840 πρὸς
854 2774 995 2841 τοὺς
1050 2775 1331 2843 Λευίτας,
1377 2775 1539 2845 λέγει
1598 2777 1813 2845 Κύριος

221 2861 673 2931 παντοκράτωρ.

288 2954 395 3006 lZ'.
434 2954 759 3026 Κέκρυπταί
789 2975 842 3011 τι
869 2957 1032 3012 πάλιν
1076 2959 1134 3012 ὲν
1182 2963 1294 3024 τοῖς
1347 2962 1750 3033 προκειμένοις,
1783 2961 1811 3015 ὅ

220 3047 311 3099 καὶ
339 3041 502 3116 οἶμαι
529 3048 639 3100 δεῖν
669 3051 782 3113 τοῖς
815 3050 1213 3122 φιλακροάμοσι
1256 3052 1673 3126 διατρανοῦσθαι
1709 3071 1809 3109 σα·

221 3137 357 3204 φῶςο
401 3141 610 3193 συνεῖεν
634 3139 745 3211 γάρ
774 3140 841 3194 ἂν
862 3141 1009 3195 οὕτω
1055 3138 1115 3197 εὖ
1176 3144 1321 3214 μάλα
1369 3145 1431 3199 τὸ
1457 3145 1807 3217 δηλούμενον.

1917 1962 1974 2009 et
2002 1953 2334 2008 immobilem
2366 1952 2563 2007 tuentis
2595 1949 2948 2006 serenitatem
2986 1947 3334 2017 recipiemus,
3367 1947 3496 2000 etin

1918 2044 2287 2116 spiritualium
2343 2043 2614 2099 fructuum
2650 2039 2897 2096 ubertate
2926 2052 3049 2095 cum
3073 2038 3350 2108 voluptate
3373 2052 3496 2092 ver-

1918 2137 2186 2201 sabimur,
2215 2134 2519 2205 repletique
2544 2133 2705 2189 bonis
2733 2131 3009 2197 omnibus,
3050 2143 3177 2186 vere
3217 2129 3375 2184 nobis
3413 2129 3499 2183 di-

1916 2240 2076 2296 gnam
2099 2234 2155 2281 et
2182 2225 2499 2296 praeclaram
2532 2225 2698 2278 vitam
2728 2223 3095 2277 traducemus.

1998 2319 2153 2373 Vens.
2194 2319 2251 2381 5,
2291 2318 2346 2373 4.
2389 2315 2524 2371 Ecce
2552 2333 2645 2386 ego
2676 2330 2859 2382 separo
2890 2313 3032 2367 vobis
3060 2317 3358 2376 humerum,
3384 2312 3498 2363 dis-

1916 2422 2129 2478 pergam
2155 2407 2505 2463 ventriculum
2526 2421 2684 2474 super
2716 2404 2877 2472 {acies
2896 2412 3114 2465 vestras,
3151 2400 3498 2455 uentriculum

1915 2498 2311 2553 solemnitstum
2378 2506 2707 2560 vestrarum,
2762 2504 2813 2549 et
2869 2492 3148 2561 suscipiam
3190 2507 3278 2544 ros
3328 2490 3382 2543 in
3440 2489 3496 2541 id

1914 2591 2107 2660 ipsum.
2139 2587 2211 2642 Et
2255 2589 2575 2659 cognoscetis
2610 2588 2733 2657 quia
2762 2587 2884 2639 misi
2917 2586 2986 2639 ad
3030 2599 3129 2639 ruas
3185 2581 3497 2636 mandatum

1913 2679 2030 2744 hoc,
2054 2688 2109 2732 ut
2139 2686 2272 2732 esset
2295 2684 2659 2731 testamentum
2680 2689 2849 2730 meum
2874 2673 2943 2727 ad
2970 2671 3203 2739 Levites,
3229 2670 3357 2724 dicit
3386 2667 3497 2723 Do-

1914 2769 2088 2823 minus
2124 2768 2475 2837 omnipotens.

1992 2944 2158 3000 XVII.
2196 2944 2435 3000 Rursum
2469 2943 2523 3000 in
2554 2942 2741 2999 verbis
2794 2940 3041 2997 adductis
3094 2938 3298 3009 aliquid
3365 2938 3496 2993 latet

1911 3038 2055 3108 quod
2074 3037 2330 3093 studiosis
2357 3034 2610 3093 audiendi
2636 3033 2840 3103 liquido
2867 3030 3252 3097 declarandum
3278 3028 3488 3085 sentio:

1916 3131 1996 3187 sic
2033 3130 2179 3187 enim
2215 3128 2659 3186 commodissime
2687 3125 2998 3181 eorumdem
3032 3124 3140 3178 vim
3165 3135 3500 3192 sensumque

231 3226 288 3278 '0
317 3228 491 3297 νόμος
520 3228 699 3282 τοίνυν
728 3230 756 3282 ὀ
776 3228 863 3283 διὰ
886 3230 1129 3296 Μωσέως
1162 3235 1281 3297 ταῖς
1308 3215 1573 3287 ἀνωτάτω
1624 3215 1810 3305 τιμαῖς

1919 3224 2242 3294 percipient.
2306 3221 2419 3277 Lex
2477 3221 2643 3291 igitur
2698 3218 2935 3274 Mosaica
3000 3216 3175 3272 sacris
3230 3215 3496 3270 altaribus

219 3316 307 3371 τδν
325 3317 445 3370 τῶν
478 3318 637 3373 θείων
665 3320 1064 3393 θυσιαστηρίων
1091 3325 1444 3395 παραστάτην
1477 3326 1571 3379 καὶ
1614 3325 1819 3396 ἱερουρ-

220 3404 311 3472 γὺν
347 3407 660 3475 στεφανῶν,
693 3402 805 3461 οἷον
835 3410 893 3463 ὲν
943 3410 1095 3477 τάξει
1144 3410 1278 3464 Θεοῦ
1338 3412 1584 3467 τέθεικεν
1627 3414 1815 3468 αὐτόν.

225 3496 365 3567 Ἔφη
410 3496 520 3567 γὰρ
544 3498 626 3551 ὅτι
654 3518 672 3550 ι
713 3500 1010 3572 Κάρπωμα
1043 3503 1250 3573 Κυρίου
1280 3504 1308 3556 ὁ
1330 3503 1529 3575 κλῆρος
1579 3505 1767 3560 αὐτοῦ.
1794 3525 1812 3558 ι

225 3588 367 3658 Ἔφη
390 3587 452 3641 δέ
486 3607 588 3643 που
619 3591 711 3644 καὶ
741 3593 769 3645 ὁ
802 3591 1089 3658 θεσπέσιος
1120 3594 1333 3659 Παῦλος
1360 3613 1372 3628 ·
1407 3617 1424 3649 ι
1458 3597 1694 3652 Βλέπετε
1724 3598 1817 3653 τὸν

232 3677 457 3748 Ἰσραὴλ
486 3681 628 3734 κατά
677 3681 878 3754 σάρκα.
913 3685 1024 3756 Οὐχ
1062 3686 1110 3738 οἱ
1163 3686 1473 3755 ἐγγίζοντες
1519 3689 1598 3760 τῷ
1626 3689 1819 3743 θυσια-

224 3774 457 3843 στηρίῳ,
490 3776 741 3828 κοινωνοὶ
771 3775 866 3829 τοῦ
928 3776 1315 3848 θυσιαστηρίου
1362 3778 1536 3842 εἰσίν;
1589 3800 1607 3832 ι
1658 3782 1817 3846 Ἐθος

223 3864 329 3935 γάρ
356 3860 434 3935 ἦν
475 3866 583 3919 ἀπὸ
631 3869 833 3931 παντὸς
882 3868 1122 3938 θύματος
1177 3868 1527 3941 ἀφαιρεῖσθαι
1577 3871 1655 3942 τῷ
1698 3871 1816 3942 Θεῷ

225 3958 509 4028 βραχίονα,
545 3961 639 4013 καὶ
676 3959 987 4032 στηθήνιον,
1024 3962 1119 4015 καὶ
1151 3961 1243 4014 τὸν
1262 3962 1417 4015 λοϐὸν
1443 3961 1537 4015 τοῦ
1576 3962 1812 4033 ἥπατος,

223 4051 315 4103 καὶ
342 4051 480 4115 τοὺς
506 4051 600 4105 δύο
626 4054 882 4121 νεφροὺς,
915 4055 1008 4107 καὶ
1037 4053 1137 4124 μέν
1161 4070 1243 4107 τοι
1274 4052 1333 4106 τὸ
1354 4052 1633 4123 ἔνυστρον,
1656 4070 1815 4108 τουτ-

222 4144 359 4205 έστι,
402 4142 504 4212 τὴν
532 4143 761 4208 κοιλίαν,
799 4144 1236 4216 ύπεμφαίνοντος
1276 4143 1691 4216 αἰνιγματωδῶς
1718 4142 1812 4197 τοῦ

222 4232 454 4303 νομιχοῦ
497 4233 823 4304 γράμματος
876 4237 958 4290 ὅτι
1012 4236 1191 4291 πάντα
1237 4236 1395 4307 ἡμῶν
1450 4236 1522 4290 τὰ
1567 4237 1814 4291 ὲντόσθια

220 4323 331 4376 τῶν
383 4324 752 4379 ἀνατιθέντων
824 4329 1049 4392 ἑαυτοὺς
1095 4329 1175 4391 εἰς
1223 4327 1401 4399 ὀσμὴν
1458 4328 1687 4393 εὐωδίας
1737 4328 1815 4401 τῷ

221 4415 342 4485 8εῷ
375 4416 507 4485 ίερά
544 4434 603 4469 τε
644 4413 784 4472 εἶναι
830 4421 1095 4490 προσήκει
1140 4419 1234 4472 καὶ
1270 4419 1597 4490 ἡγιασμένα.
1637 4421 1813 4491 Προσο

221 4505 546 4576 εκομίζοντο
574 4509 681 4579 γὰρ
709 4508 778 4562 τὰ
804 4510 1072 4575 ὲντόσθια,
1103 4510 1202 4581 τῆς
1223 4510 1449 4581 ἐνούσης
1474 4511 1655 4575 αὐτοῖς
1679 4513 1810 4564 ἀκα-

1921 3324 2187 3371 astantem
2208 3321 2263 3369 et
2277 3324 2591 3384 operantem
2614 3311 2914 3367 honoribus
2939 3306 3210 3380 supremis
3228 3305 3494 3371 alliciens,

1923 3406 2306 3477 propemodum
2340 3405 2449 3459 Deo
2482 3402 2763 3473 aequabat;
2796 3402 2875 3456 ait
2906 3400 3051 3457 enim
3080 3416 3094 3453 :
3131 3417 3151 3450 ι
3177 3397 3491 3455 Oblationes

1920 3498 2131 3554 Domini
2185 3496 2459 3566 possessio
2518 3496 2635 3564 ejus
2662 3493 2730 3549 ⁸⁸.
2771 3512 2788 3545 ι
2849 3491 2915 3547 Ει
2966 3490 3179 3546 divinus
3240 3486 3494 3543 Paulus:

1926 3606 1945 3640 ι
1977 3587 2164 3642 Videte
2205 3584 2370 3639 Israel
2420 3582 2718 3639 secundum
2777 3593 3021 3636 carnem.
3070 3576 3236 3649 835
3305 3575 3495 3631 Nonne

1919 3678 2009 3747 qni
2050 3675 2479 3747 appropinquant
2494 3673 2674 3740 altari,
2689 3671 2979 3742 participes
3005 3678 3133 3726 sunt
3155 3668 3344 3724 altaris
3360 3667 3446 3722 "‘1
3471 3685 3490 3720 ι

1918 3765 2052 3821 Erat
2100 3765 2299 3836 quippe
2343 3763 2584 3821 solemne
2641 3778 2672 3818 a
2719 3761 2963 3832 qualibet
3011 3758 3191 3815 hostia
3252 3757 3495 3826 separari

1919 3860 2029 3914 Deo
2054 3872 2289 3924 armum,
2322 3866 2374 3911 et
2405 3853 2800 3926 pectusculum,
2845 3860 2901 3908 et
2929 3849 3215 3906 reticulum
3268 3848 3494 3919 jecoris,

1917 3959 1973 4005 et
2001 3949 2137 4005 duos
2163 3963 2345 4013 renes,
2395 3959 2449 4002 et
2488 3945 2847 4003 ventriculum
2892 3963 2905 3999 :
2940 3957 3050 4015 quo
3084 3940 3309 4014 quidem
3346 3939 3497 3995 Scri-

1918 4050 2076 4111 ptura
2113 4041 2303 4111 legalis
2334 4056 2432 4111 per
2478 4039 2818 4096 involucrum
2853 4034 3062 4092 indicat
3112 4035 3295 4091 omnia
3353 4034 3494 4087 inte-

1917 4134 2060 4188 riora
2107 4148 2293 4189 eorum
2336 4131 2430 4202 qui
2464 4148 2524 4188 se
2575 4132 2966 4188 dedicaverunt
3019 4126 3128 4183 Deo
3178 4127 3235 4181 in
3275 4126 3497 4181 odorem

1915 4224 2202 4280 suavitatis
2249 4233 2437 4278 sancta
2477 4230 2532 4278 et
2575 4220 2908 4277 sanctiﬁcata
2930 4232 3050 4273 esse
3088 4225 3359 4288 oportere.
3403 4214 3499 4270 0i-

1922 4316 2237 4372 ierebauiur
2270 4316 2414 4369 enim
2473 4315 2661 4370 intima
2714 4328 2741 4366 a
2798 4312 3052 4367 sordibus
3107 4309 3500 4365 inhaerentibus

1916 4417 2167 4480 purgata.
2226 4409 2424 4463 Armus
2468 4420 2632 4477 porro
2674 4403 2888 4458 roboris
2936 4401 3200 4457 indicium
3262 4399 3495 4470 intelligi

1916 4509 2115 4571 potest.
2152 4496 2416 4552 Existimo
2434 4504 2612 4550 autem
2645 4507 2742 4548 nos
2772 4492 2839 4545 ad
2887 4504 3050 4547 omne
3100 4502 3236 4559 opus
3290 4488 3489 4541 bonum

223 4598 461 4667 θαρσίοις
501 4576 913 4670 ἀπηλλαγμένα.
978 4576 1226 4673 Βραχίων
1252 4619 1311 4654 τε
1363 4576 1471 4672 μὴν
1507 4602 1691 4671 ἰσχύος
1742 4603 1807 4656 ἂν

1919 4578 2158 4646 valentes
2188 4597 2351 4655 atque
2375 4586 2647 4640 animosos
2700 4583 2828 4639 illttd
2882 4582 3158 4651 sapienter
3224 4576 3495 4634 modulari

224 4690 398 4741 νοοῖτο
460 4691 705 4760 σημεῖον.
757 4669 967 4762 Χρῆναι
1010 4669 1068 4744 δέ
1096 4669 1266 4764 μφημι
1320 4669 1456 4763 πρὸς
1514 4669 1623 4746 πάν
1652 4694 1809 4764 ἔργον

1919 4684 2116 4737 debere
2141 4680 2283 4750 quod
2319 4678 2529 4733 Psaltes
2559 4678 2671 4747 lyra
2689 4691 2785 4732 sua
2832 4674 3070 4730 cantavit
3110 4687 3125 4727 :
3168 4691 3187 4725 ι
3230 4669 3489 4733 Benedic,

225 4779 435 4845 ἀγαθὸν
462 4780 744 4849 ἰσχύοντας
781 4783 928 4852 ἡμᾶς
962 4783 1058 4835 καὶ
1105 4783 1521 4855 ἀνδριζομένους
1576 4785 1811 4852 ἀναμελο

1921 4774 2102 4828 auima
2140 4787 2279 4836 mea,
2339 4769 2645 4834 Dominum,
2702 4780 2757 4824 et
2810 4767 2992 4823 omnia
3045 4780 3165 4835 quae
3215 4764 3356 4818 intra
3412 4777 3498 4816 me

224 4871 384 4939 ῳδεῖν
424 4873 599 4925 ἐκεῖνο
634 4873 811 4942 σοφῶς
838 4874 898 4926 τὸ
930 4874 1017 4927 διὰ
1040 4875 1137 4945 τῆς
1162 4875 1256 4929 τοῦ
1288 4877 1582 4947 ψάλλοντος
1609 4876 1774 4947 λύρας
1792 4893 1804 4905 °

1919 4875 2066 4931 sunt,
2100 4865 2305 4920 nomini
2346 4874 2535 4919 sancto
2577 4862 2694 4931 ejus
2740 4862 2807 4915 9°.
2840 4880 2857 4913 ι
2894 4861 2971 4915 Ac
2997 4859 3062 4914 de
3082 4857 3353 4912 intestinis
3374 4855 3493 4922 qni-

230 4982 247 5013 ι
291 4962 543 5031 Εὐλόγει,
578 4964 780 5034 ήψυχή
840 4984 962 5036 μου,
1008 4968 1100 5021 τὸν
1126 4945 1350 5038 Κύριον,
1401 4968 1494 5020 καὶ
1542 4945 1719 5021 πάντα
1746 4966 1814 5020 τά

1920 4960 2040 5014 dem
2071 4968 2126 5012 et
2168 4956 2452 5012 sacriﬁciis
2505 4953 2802 5010 secundum
2855 4952 3028 5021 legem
3086 4948 3272 5018 peragi
3311 4945 3486 5000 solitis

224 5054 379 5118 ἐντός
416 5072 541 5126 μου,
571 5057 631 5109 τὸ
666 5056 836 5128 ὄνομα
864 5057 925 5110 τὸ
945 5057 1097 5126 ἅγιον
1125 5059 1314 5112 αὐτοῦ.
1360 5077 1379 5110 ι
1425 5060 1536 5112 Καὶ
1562 5060 1687 5129 περὶ
1715 5058 1813 5128 μὲν

1919 5050 2192 5106 enucleate
2218 5048 2373 5104 nobis
2407 5048 2462 5102 in
2492 5049 2614 5102 aliis
2647 5045 2799 5101 libris
2823 5043 3156 5114 disputatum
3188 5048 3289 5094 est.
3317 5039 3493 5105 Quare

223 5145 333 5197 τῶν
361 5146 654 5200 ὲντοσθίων
695 5148 790 5201 καὶ
816 5148 1155 5220 τελουμένων
1180 5149 1380 5203 θυσιῶν
1426 5150 1567 5203 κατὰ
1592 5149 1680 5201 τὸν
1727 5149 1812 5201 νό-

1919 5144 1982 5199 de
2027 5143 2111 5198 his
2160 5143 2312 5211 plura
2355 5142 2535 5196 dicere
2581 5137 2995 5209 supersetlentes
3065 5134 3118 5189 in
3178 5129 3488 5203 praesentia,

226 5257 327 5308 μον
365 5239 544 5309 ἰσχνὸς
567 5242 697 5311 ἡμῖν
726 5240 865 5308 ἄγαν
893 5242 1252 5312 ἐκπεποίηται
1285 5243 1444 5311 λόγος
1502 5243 1561 5295 ἐν
1596 5240 1812 5311 ἑτέραις

1919 5235 2316 5307 propositorum
2352 5232 2639 5289 verborum
2694 5228 3130 5299 explanationem
3168 5236 3488 5294 percurrere

225 5333 597 5398 συγγραφαῖς.
640 5332 851 5385 Οὐκοῦν
880 5332 941 5385 τὸ
969 5332 1137 5387 ταῦτα
1175 5334 1353 5403 λέγειν
1388 5333 1615 5405 ἀφέντες
1643 5334 1721 5396 εἰς
1751 5331 1814 5385 τὸ

1919 5342 2015 5396 pro
2045 5325 2301 5381 facultate
2346 5324 2636 5380 enitamur.
2691 5321 2823 5377 Cum
2860 5316 3203 5389 prazcepisset
3239 5328 3370 5383 ergo
3402 5312 3489 5367 lex

224 5421 431 5491 παρὸν,
462 5421 571 5474 τῶν
626 5424 1006 5495 προκειμένων
1055 5426 1154 5495 τὴν
1208 5426 1557 5495 διασάφησιν,
1593 5425 1668 5487 ὡς
1710 5424 1808 5488 ἔνι,

1921 5418 2263 5473 victimarum
2312 5417 2462 5473 labes
2511 5413 2840 5485 perspicere,
2878 5420 2931 5465 et
2966 5406 3358 5477 inexploratam
3410 5404 3492 5459 vi-

225 5513 505 5566 ποιεῖσθαι
554 5515 965 5585 σπουδάσωμεν.
1020 5518 1455 5588 Προστεταχότος
1494 5516 1673 5569 τοίνυν
1718 5514 1812 5568 τοῦ

1921 5511 2139 5567 ctimam
2169 5510 2237 5564 ad
2270 5509 2441 5562 altare
2482 5506 2625 5561 haud
2648 5503 2868 5568 oﬂ‘erre,
2899 5508 2953 5555 et
2977 5497 3246 5554 sacriﬁcio
3301 5512 3492 5566 perpe-

223 5604 397 5674 νόμου
424 5607 905 5675 μωμοσκοπεῖσθαι
931 5608 1040 5662 δεῖν
1067 5609 1136 5661 τὰ
1167 5609 1305 5680 ἱερά,
1331 5610 1423 5662 καὶ
1456 5609 1814 5662 ἀϐασάνιστον

1924 5600 2115 5656 trando
2143 5598 2451 5654 constitutis
2488 5596 2831 5651 victimarum
2889 5598 3073 5661 partes
3104 5602 3383 5657 separare,
3416 5584 3492 5641 illi

1541 5786 1583 5815 κιρ
1616 5782 1637 5836 ι
1665 5783 1783 5840 Cu.
1812 5799 1867 5849 χ,
1909 5782 1991 5835 18.
2070 5782 2111 5811 ⁹⁰
2144 5778 2285 5835 Psal.
2332 5792 2425 5831 cu.
2464 5775 2509 5828 l.

298 5781 345 5812 ⁸⁷
371 5780 559 5837 Matth.
613 5801 664 5849 ν,
698 5783 779 5837 16.
894 5784 937 5816 ⁸⁸
967 5784 1120 5840 Deut.
1161 5800 1313 5851 xvm,
1348 5785 1427 5837 l3.
