4070 6526
673 379 778 441 507
1665 384 1723 439 S.
1764 380 2542 442 CYI’tlLLl'ALEXANDRIM
2584 384 2901 443 ARCIilEP.
3008 379 3016 386 ’
3766 394 3846 452 διε

675 497 957 570 explorare
981 496 1111 552 vitia
1133 510 1238 553 non
1256 495 1540 561 curabant.
1561 504 1617 551 et
1638 498 1953 553 mandatum
1979 498 2047 553 de
2064 498 2239 566 aphas-
2273 529 2282 559 λ

2238 529 2239 533 η
2273 505 2318 561 Α
2346 496 2492 567 θυμα
2529 498 2604 569 μὴ
2635 498 3101 570 προσκομίζεσθαι
3140 498 3215 570 τῷ
3245 499 3619 570 θυσιαστηρίῳ,
3652 501 3734 555 καὶ
3760 509 3845 570 τοῖς

673 587 895 644 rematls
918 601 1038 657 qua:
1068 597 1330 644 vocantur
1352 587 1565 643 irritum
1603 586 1895 652 faciebant,
1923 597 1978 643 et
2004 600 2108 642 non
2125 587 2235 656 jam

2337 588 2692 657 τεταγμένοις
2728 590 2809 652 εἱς
2842 590 3149 661 ἱερουργίαν
3181 590 3249 642 τὰ
3275 588 3382 641 τῶν
3425 589 3663 659 θυμάτων
3688 592 3844 665 ἀφορί-

671 678 815 749 quod
839 678 970 747 Deo,
999 680 1094 735 sed
1122 680 1268 750 quod
1308 680 1587 751 cupiditati
1634 695 1745 737 sua
1788 680 2055 735 arrideret
2098 694 2237 749 prae-

2337 675 2521 740 ζεσθαι
2552 678 2718 749 μέρη,
2741 680 3127 750 κατημέλησαν
3153 680 3253 750 μὲν
3282 678 3370 733 τοῦ
3392 677 3582 750 χρῆναι
3610 698 3846 750 μωμοσκο-

670 780 899 837 stantes,
936 771 1269 827 stabilieutes
1298 778 1354 827 et
1370 780 1686 828 constanter
1706 771 1983 828 observari
2011 770 2238 825 studen-

2337 768 2479 833 πεῖν,
2530 767 2832 837 ητεθήκασι
2888 768 2943 822 δέ
2994 768 3093 840 τὴν
3125 768 3343 838 ἐντολὴν
3397 767 3504 821 τῶν
3550 767 3848 839 καλουμένων

673 869 774 925 tes,
824 874 961 929 quas
1008 860 1111 914 sibi
1156 860 1550 916 commodiores
1614 859 1879 930 putabant
1939 858 2235 914 hostiarum

2335 855 2750 927 ἀφαιρεμάτων,
2800 858 2862 909 οὐ
2920 856 3013 910 τοῦ
3064 855 3199 910 Θεοῦ
3238 856 3434 928 μᾶλλον
3480 856 3575 927 ἡδὺ
3604 857 3703 909 τῶν
3737 860 3847 915 ἰδίων

671 963 865 1004 carnes
900 949 1191 1019 eligebant.
1220 949 1364 1005 Istud
1401 952 1455 1005 in
1476 949 1964 1020 reprehensionem
1992 949 2235 1012 adducit,

2336 944 2665 1013 πράττοντες
2690 944 2815 1015 θελη
2825 945 3028 1014 μάτων,
3059 944 3411 1015 κρατῦνοντές
3439 960 3497 997 τε
3516 945 3605 997 καὶ
3630 946 3845 1014 ἐμπεδοῦν

670 1050 726 1095 et
748 1041 861 1095 ait:
904 1059 923 1093 ι
954 1040 1091 1096 Ecce
1117 1056 1215 1111 ego
1240 1056 1433 1111 separo
1458 1042 1609 1097 vobis
1632 1042 1936 1097 humerum.
1975 1059 1995 1093 ι
2035 1040 2236 1108 Separa

2338 1032 2747 1099 σπουδάζοντες,
2778 1034 2925 1106 ἅπερ
2948 1037 3145 1100 αὐτοὺς
3167 1036 3394 1104 ὠφελεῖν
3412 1035 3582 1089 ἐδόκει
3606 1036 3670 1090 τὰ
3692 1037 3747 1090 ἐκ
3764 1039 3846 1091 τῶν

672 1133 868 1200 posuit,
898 1146 1017 1202 pro,
1052 1134 1310 1200 separaui,
1342 1141 1396 1187 et
1420 1132 1596 1189 denuo
1628 1130 1749 1187 volo
1776 1130 1981 1186 servari
2005 1142 2234 1186 consue-

2336 1125 2593 1195 θυμάτων
2620 1126 3028 1197 συναγείροντες
3074 1126 3229 1198 κρέα.
3256 1125 3423 1178 Τοῦτο
3474 1125 3697 1194 παράγει
3743 1127 3847 1197 πρὸς

674 1224 931 1278 tudinem.
971 1222 1320 1293 Superadjeci
1360 1223 1538 1293 quasi,
1592 1224 1707 1278 sive
1746 1221 1945 1292 adjicio
1978 1239 1996 1273 ι
2028 1221 2235 1275 ventri-

2337 1216 2576 1286 ἔλεγχον,
2606 1217 2699 1270 καί
2727 1232 2910 1287 φησιν’
2976 1236 2995 1268 ι
3046 1217 3175 1270 Ἰδοὺ
3208 1215 3317 1285 ἐγὼ
3359 1215 3600 1285 ἀφορίζω
3648 1217 3757 1287 ὑμῖν
3779 1218 3847 1271 τὸν

669 1310 850 1366 culum
876 1325 1091 1380 quoque
1121 1311 1173 1364 in
1198 1310 1364 1367 facies
1391 1320 1619 1367 vestras.
1642 1330 1661 1363 ι
1682 1311 1945 1379 Quoniam
1964 1312 2106 1365 enim
2133 1310 2233 1380 ipsi

2335 1300 2504 1376 ὦμον.
2538 1324 2559 1358 ι
2608 1306 2684 1359 T0
2726 1306 2804 1371 δὲ,
2835 1305 3108 1376 ἀφορίᾱυ,
3168 1306 3262 1361 νῦν
3312 1306 3556 1360 τέθεικεν
3610 1306 3718 1359 ἀντὶ
3756 1308 3845 1375 τοῦ,

670 1402 995 1456 dedecorant
1012 1401 1200 1467 altare,
1221 1401 1340 1457 ideo
1364 1401 1506 1457 Deus
1526 1402 1675 1467 dicit,
1706 1401 2095 1471 «dispergam,»
2123 1400 2235 1453 vcl-

2348 1396 2626 1467 Ἀφὼρισά
2645 1414 2705 1451 τε
2733 1399 2853 1469 ήδη,
2887 1398 2983 1452 καὶ
3018 1400 3096 1462 εἱς
3122 1397 3283 1468 δεῦρο
3332 1396 3589 1467 βούλομαι
3612 1398 3848 1468 τηρεῖσθαι

669 1500 728 1545 ut
776 1504 873 1559 par
908 1491 1024 1561 pari
1088 1491 1349 1548 referens.
1400 1510 1419 1543 ι
1457 1492 1558 1559 Qui
1609 1493 1752 1547 enim
1802 1506 1889 1546 me
1936 1490 2237 1547 contemnit

2334 1486 2395 1539 τὸ
2431 1484 2571 1549 ἐθος.
2605 1486 2954 1557 Προσέρῤιψα
2991 1486 3049 1540 δὲ
3078 1486 3291 1556 ὥσπερ,
3318 1486 3438 1556 ἢτοι
3461 1487 3756 1557 προσρίπτω
3777 1493 3848 1543 καὶ

667 1590 1043 1636 contemnetur
1070 1582 1139 1634 “.
1196 1601 1215 1635 ι
1236 1611 1306 1625 -
1326 1600 1347 1634 ι
1383 1582 1686 1653 Suscipiam
1719 1583 1901 1653 itaque
1930 1597 2025 1637 vos
2054 1582 2108 1637 in
2148 1582 2233 1636 id-

2334 1572 2395 1624 τὸ
2439 1590 2457 1624 ι
2494 1571 2751 1645 ἐνυστρον
2776 1575 2855 1636 είς
2875 1572 2944 1627 τὰ
2974 1572 3241 1644 πρόσωπα
3270 1572 3443 1643 ὑμῶν.
3483 1591 3502 1624 s
3550 1574 3750 1647 Ἐπειδὴ
3763 1578 3846 1647 γὰρ

668 1671 843 1741 ipsum
869 1688 888 1727 ι
920 1689 940 1723 ι
967 1670 1071 1726 hoc
1097 1681 1199 1739 est,
1225 1672 1279 1727 in
1319 1672 1421 1728 hoc
1441 1673 1560 1742 ipso
1591 1673 1839 1744 superior
1872 1672 2022 1739 tiam,
2054 1682 2108 1729 et
2132 1673 2235 1726 im-

2333 1664 2660 1734 ἀτιμάζουσι
2693 1665 2847 1720 αὐτοὶ
2873 1666 2935 1720 τὸ
2969 1665 3371 1737 θυσιαστήριον,
3395 1665 3564 1737 ταύτῃ
3594 1683 3668 1720 τοι
3697 1668 3847 1740 «Σκορ-

668 1762 788 1828 pios
823 1763 1165 1832 redarguam.
1194 1760 1333 1829 Quia
1366 1763 1511 1819 enim
1536 1763 1709 1835 legem
1741 1764 1807 1819 de
1844 1763 2141 1833 seligendis
2166 1761 2233 1817 ad

2334 1754 2463 1820 πιῶ,
2488 1776 2509 1806 ι
2561 1755 2716 1827 φησὶ,
2746 1752 2858 1809 οἷον
2880 1756 3241 1828 ἀώυὸρίζων.
3282 1776 3300 1809 ι
3355 1757 3415 1811 '0
3462 1756 3569 1827 γὰρ
3609 1758 3847 1822 ἐξουδενῶν

667 1867 824 1906 usum
850 1862 1089 1908 vestrum
1126 1854 1480 1920 observastis,
1529 1862 1847 1926 partemque
1897 1854 2049 1910 vobis
2096 1868 2231 1908 con-
2265 1836 2274 1891 ¹

2265 1836 2304 1891 Β
2335 1862 2423 1917 με,
2448 1848 2603 1916 φησι,
2621 1846 3530 1919 ἐξουδενωθήσεται.ι-ιΛήψομαι
3550 1849 3612 1919 δη
3638 1845 3722 1902 οὖν
3738 1851 3849 1921 ὑμᾶς

666 1955 877 1995 cessam
909 1942 1220 2011 neutiquam
1252 1944 1557 2015 relinquere
1583 1944 2003 2011 sustinuistis,et
2036 1959 2228 2014 super-

2333 1939 2413 2001 είς
2445 1938 2499 1991 τὸ
2524 1939 2674 2004 αὐτὸ,
2738 1960 2757 1991 ι
2810 1939 3078 2004 τουτέστι,
3125 1940 3184 1993 ἐν
3205 1938 3353 2010 αὑτῷ
3409 1939 3476 2009 δὴ
3522 1940 3685 2011 τούτῳ
3727 1958 3848 2011 περι-

665 2042 965 2085 vacaneum
990 2032 1143 2087 vobis
1175 2033 1390 2089 videtur
1420 2032 1553 2089 vitia
1592 2034 1896 2104 inspicere,
1932 2042 2229 2104 propterea

2334 2027 2550 2099 ἔσομαι,
2584 2030 2678 2083 καὶ
2707 2028 3035 2095 ἀσεϐοῦντας
3078 2029 3302 2099 ἐλέγξω.
3354 2030 3497 2083 ⁹Δνθ’
3527 2032 3643 2084 ὅτου
3690 2032 3779 2103 γὰρ
3802 2033 3847 2102 δὴ

664 2119 1005 2187 cognoscetis
1040 2120 1225 2176 clausa
1259 2136 1385 2177 esse
1422 2137 1586 2192 super
1614 2138 1708 2178 vos
1749 2124 1927 2179 ostia:
1975 2123 2078 2176 hoc
2123 2131 2228 2188 est,

2330 2118 2425 2171 τὸν
2460 2118 2557 2187 μὲν
2586 2119 2679 2171 ἐπὶ
2709 2122 2821 2182 τοῖς
2852 2119 3191 2191 ἀφαιρέμασι
3241 2122 3355 2183 τοῖς
3379 2119 3535 2189 ὑμῶν
3564 2122 3846 2191 τετηρήκατε

601 2232 610 2240 ·
664 2207 974 2262 sacerdotio
1024 2221 1123 2263 vos
1157 2208 1408 2266 exclusos
1456 2219 1511 2266 et
1551 2209 1754 2279 eiectos
1790 2222 1932 2267 esse.
1963 2209 2208 2277 Quoniau

2331 2210 2515 2279 νόμον,
2540 2211 2635 2262 καὶ
2670 2211 2769 2281 τῆς
2802 2210 3047 2280 δοθείσης
3102 2213 3229 2282 ὑμῖν
3276 2211 3495 2283 μερίδος
3543 2213 3655 2265 κατ’
3703 2212 3848 2265 οὐδένα

662 2311 763 2365 ego
785 2295 903 2351 dedi
941 2298 1253 2353 mandatum
1302 2300 1424 2366 hoc,
1481 2301 1596 2357 sive
1639 2309 2043 2367 testamentum,
2091 2305 2233 2370 quod

2328 2298 2528 2369 τρόπον
2582 2296 2841 2369 ἀνέχεσθε
2887 2298 3374 2371 καταῤῥᾳθυμεῖν,
3425 2302 3624 2354 είκαίον
3666 2301 3716 2355 δέ
3750 2302 3848 2371 ὑμῖν

662 2389 907 2459 disposui
930 2389 998 2445 ad
1054 2388 1289 2448 Levitas.
1334 2392 1473 2460 Quid
1524 2394 1692 2464 igitur
1740 2393 1909 2449 inde?
1940 2392 2232 2448 Sciendum

2328 2390 2477 2445 δοκεῖ
2534 2389 2597 2444 τὸ
2645 2390 2843 2462 χρῆναι
2894 2395 3281 2463 μωμοσκοπείν
3304 2431 3320 2457 ,
3371 2392 3640 2461 γνώσεσθε
3683 2394 3738 2464 δὴ
3779 2390 3848 2447 οὖν

660 2487 746 2532 est
766 2477 1131 2534 divininorum
1155 2479 1405 2536 altarium
1446 2482 1712 2539 ministris
1751 2480 2057 2538 faciendum
2090 2480 2232 2552 quod

2329 2480 2727 2553 κεκλεισμένων
2773 2482 2860 2551 ἐφ’
2908 2483 3036 2551 ὑμῖν
3091 2482 3203 2536 τῶν
3255 2481 3461 2553 θυρῶν,
3519 2483 3848 2545 seminata-

661 2567 777 2621 vult
814 2566 977 2634 Deus,
1015 2569 1182 2643 836
1235 2580 1290 2627 et
1336 2574 1605 2629 mandatis
1654 2573 1941 2629 dominicis
2006 2572 2229 2644 postha-

2328 2574 2634 2645 κλειόμενοί
2663 2592 2722 2629 τε
2756 2577 2852 2632 καὶ
2878 2576 3286 2647 ἐκπεμπόμενοι
3321 2580 3426 2647 τῆς
3460 2576 3742 2648 ἱερουργίας
3774 2576 3845 2643 (I).

660 2657 895 2713 tendum
928 2670 1094 2729 atque
1142 2662 1597 2718 contemnendum
1641 2678 1754 2734 pra:
1796 2662 1906 2718 illis
1966 2662 2224 2732 quidquid

2331 2666 2453 2718 Ὀτι
2477 2664 2591 2734 ἐγὼ
2618 2665 2829 2721 δέδωκα
2850 2667 2949 2736 τὴν
2978 2667 3197 2739 ἐντολὴν
3232 2668 3465 2739 ταύτην,
3486 2669 3603 2739 ἦτοι
3630 2667 3721 2738 τὴν
3759 2667 3846 2720 διά-

659 2748 860 2818 slioqui
912 2748 1042 2819 ipsis
1068 2752 1408 2808 commodum
1440 2753 1678 2809 videtur.
1730 2752 1823 2810 Sic
1860 2754 2005 2811 enim
2050 2754 2223 2809 sancti

2330 2755 2502 2821 θεσιν,
2530 2755 2597 2827 ἣν
2628 2756 2883 2827 διεθέμην
2918 2757 3055 2828 πρὸς
3117 2759 3244 2823 τοὺς
3288 2758 3545 2823 Λευίτας.
3590 2758 3652 2811 Τί
3688 2752 3766 2811 οὖν
3804 2756 3848 2807 τδ

656 2848 1127 2897 eruntsacrorum
1178 2843 1434 2912 ministri,
1478 2858 1579 2901 nec
1641 2845 1923 2917 pereuntia
1976 2845 2221 2916 diligent,

2327 2844 2610 2912 ἐντεῦθενς
2637 2846 2847 2900 Είδέναι
2877 2848 3145 2917 προσήκει
3170 2850 3295 2912 τοὺς
3324 2851 3441 2912 τοῖς
3473 2848 3632 2911 θείοις
3654 2847 3846 2915 λειτουρ-

657 2941 759 2983 nec
777 2943 807 2982 a
836 2930 977 3001 turpi
1011 2941 1219 3003 quaestu
1245 2936 1594 2991 transversim
1617 2948 1865 3006 agentur.

2328 2933 2559 3003 γοῦντας
2577 2935 3003 3008 θυσιαστηρίοις,
3034 2938 3062 2991 δ
3081 2955 3133 2991 τι
3160 2937 3222 2991 τὸ
3242 2937 3360 3009 Θεῷ
3414 2938 3605 2993 δοκοῦν
3652 2937 3846 3008 ἐκπράτ-

654 3015 843 3071 τεσθαι
887 3017 1028 3090 χρὴ,
1080 3020 1177 3073 καὶ
1226 3019 1337 3075 τῶν
1387 3023 1734 3078 Δεσποτικῶν
1821 3022 2257 3096 προσταγμάτων
2317 3022 2625 3095 ῥιπτεῖσθαι
2695 3026 2926 3078 κατόπιν
2987 3028 3133 3089 πᾶν.
3188 3027 3325 3101 ὅπερ
3385 3029 3585 3093 αὐτοὺς
3648 3026 3837 3097 ὠφελεῖν

655 3109 858 3181 ἐτέρως
898 3109 1066 3166 δοκεῖ.
1130 3111 1291 3184 Ἰεροὶ
1362 3113 1473 3187 γὰρ
1519 3114 1693 3180 οὕτως
1718 3115 1931 3173 ἔσονται
1961 3116 2285 3187 λειτουργοὶ,
2332 3115 2426 3173 καὶ
2459 3116 2579 3191 οὒχὶ
2604 3115 2713 3171 τῶν
2759 3118 3132 3192 προσκαίρωνο
3160 3119 3407 3189 ἐρασταὶ,
3459 3122 3550 3175 καὶ
3598 3120 3848 3193 λημμάτων

651 3205 893 3275 αίσχρῶν
921 3206 1242 3280 ἡττώμενοι.

727 3318 886 3381 Vitas.
924 3321 978 3378 5.
1014 3320 1402 3379 Testamentqu
1431 3342 1602 3383 meum
1643 3327 1748 3397 [uit
1781 3345 1901 3383 cum
1922 3344 1987 3387 eo
2014 3329 2129 3383 vim
2166 3340 2210 3382 ει
2242 3317 2285 3375 C

2242 3317 2285 3375 C
2400 3321 2467 3377 Ἡ
2493 3320 2749 3388 διαθήκη
2798 3340 2921 3391 μου
2964 3318 3042 3393 ἦν
3064 3327 3191 3394 μετ’
3234 3326 3422 3381 αὐτοῦ
3460 3327 3565 3394 τῆς
3615 3326 3744 3396 ζωῆς
3770 3332 3840 3382 καί

652 3412 820 3479 pacis.

2325 3412 2433 3483 τῆς
2460 3414 2727 3483 ειρτίνηςο

726 3521 911 3580 XVIII.
954 3523 1219 3597 Loquitur
1252 3530 1320 3587 de
1364 3531 1431 3588 iis
1463 3534 1555 3603 qui
1588 3545 1775 3591 sancte
1806 3545 1859 3591 et
1891 3549 2018 3591 cum
2067 3535 2223 3591 laude

2396 3526 2504 3579 IH'.
2553 3527 2897 3597 ’Λνακομίζει
2931 3529 3025 3581 τὸν
3046 3528 3203 3598 λόγον
3228 3532 3320 3583 ἐπὶ
3345 3532 3473 3596 τοὺς
3506 3534 3681 3602 ἁγίους
3699 3550 3746 3586 τε
3770 3535 3838 3586 καὶ

651 3617 1015 3674 sacerdotium
1063 3630 1248 3688 erunt,
1281 3622 1521 3694 illudque
1559 3640 1673 3682 rem
1728 3641 1850 3685 esse
1884 3643 2013 3683 vere
2052 3628 2221 3682 admi-

2320 3617 2625 3688 εὐδοκίμως
2690 3619 3127 3690 ἱερατεύσαντας,
3162 3620 3256 3675 καὶ
3310 3621 3634 3690 ἁξιάγαστον
3672 3622 3839 3693 ἀληθῶς

654 3709 876 3764 rabilcm
902 3711 1158 3778 ostendit,
1189 3714 1331 3783 quod
1371 3716 1586 3784 quidem
1616 3717 1686 3773 ad
1714 3717 1913 3790 legem,
1948 3728 2004 3775 et
2040 3720 2106 3775 ad
2140 3721 2219 3774 di-

2319 3707 2610 3777 ἀποφαίνει
2635 3708 2821 3779 χρῆμα
2864 3710 2965 3780 τὴν
3009 3711 3342 3782 ἱερουργίαν,
3407 3713 3465 3766 τό
3515 3730 3575 3781 γε
3624 3709 3740 3784 ἧκον
3782 3714 3839 3774 είς

650 3799 898 3854 vinarum
934 3801 1334 3871 Scripturarum
1376 3804 1606 3861 fructum
1648 3808 2218 3876 conlirmatiouemque

2320 3799 2483 3869 νόμον
2506 3796 2612 3853 καῖ’
2627 3800 2726 3870 τὴν
2757 3802 2822 3854 ἐκ
2846 3800 2955 3856 τῶν
2984 3800 3143 3855 θείων
3172 3804 3658 3874 χρησμῳδημάτων
3692 3804 3838 3873 δνησιν

649 3890 904 3959 pertinet.
932 3890 1090 3959 Nam,
1110 3895 1443 3965 utsapienter
1457 3896 1646 3955 scribit
1666 3900 1860 3956 Paulus
1886 3920 1900 3957 :
1924 3919 1945 3956 ι
1966 3900 2074 3956 Lex
2092 3918 2217 3959 sau-

2320 3889 2414 3941 καὶ
2446 3888 2764 3958 ἀσφάλειαν.
2826 3890 2915 3955 Ὦς
2941 3892 3050 3964 γὰρ
3076 3894 3106 3946 ὁ
3156 3894 3467 3962 σοφώτατος
3510 3897 3693 3967 γράφει
3726 3893 3838 3947 Παῦ-

648 3990 756 4048 cta,
783 3991 837 4036 et
856 3985 1161 4040 mandatum
1184 3996 1431 4042 sanctum
1452 4028 1468 4053 ,
1490 3997 1543 4043 et
1565 3989 1791 4059 justum,
1813 4002 1866 4046 et
1888 3994 2087 4048 bonum
2104 3997 2173 4046 ".
2194 4016 2211 4048 ι

2317 3979 2426 4042 λος·
2460 3997 2479 4030 t
2527 3980 2587 4034 ’0
2612 3982 2775 4052 νόμος
2823 3982 2996 4051 ἅγιος,
3055 3986 3150 4037 καὶ
3181 3987 3214 4056 ἡ
3244 3986 3441 4058 ἐντολὴ
3491 3988 3636 4054 ἁγία,
3663 3986 3742 4039 καί
3780 3985 3836 4037 δι-

646 4073 873 4141 Quando
894 4075 1058 4146 igitur
1085 4077 1256 4131 visum
1276 4088 1359 4132 est
1376 4078 1442 4134 de
1461 4078 1589 4135 Levi
1605 4084 1769 4137 verba
1804 4082 2005 4151 facere,
2024 4102 2217 4142 sensus

2317 4070 2464 4135 καία,
2502 4072 2596 4124 καὶ
2652 4072 2853 4142 ἀγαθή.
2912 4093 2929 4125 ι
2980 4076 3149 4129 Ὀταν
3200 4075 3379 4129 τοίνυν
3441 4077 3585 4131 δοκεῖ
3636 4076 3747 4145 περὶ
3770 4073 3837 4127 τοῦ

643 4169 1044 4235 percommode,
1079 4169 1235 4239 plane
1267 4187 1371 4226 non
1404 4174 1469 4227 ad
1502 4173 1650 4229 illum
1681 4176 1771 4244 qui
1806 4189 1870 4230 ex
1889 4174 2055 4232 Jacob
2086 4192 2214 4246 pro~

2316 4163 2446 4215 Λευὶ
2474 4164 2739 4217 ποιεῖσθαι
2768 4166 2894 4230 τους
2932 4166 3142 4235 λόγους,
3190 4166 3479 4223 ἀναθετέον
3523 4166 3579 4222 εὖ
3607 4169 3732 4238 μάλα
3757 4166 3837 4218 τῶν

644 4259 881 4325 genitus.
917 4270 969 4315 et
1002 4262 1144 4317 inter
1174 4263 1456 4320 duodecim
1495 4266 1634 4321 tilios
1657 4266 1775 4336 ejus
1798 4269 2211 4333 numerabatur,

2314 4253 2601 4324 νοημάτων
2660 4255 2759 4326 τὴν
2807 4257 3069 4330 δύναμιν,
3128 4260 3248 4329 οὐχὶ
3295 4260 3359 4333 δή
3401 4277 3505 4315 που
3559 4261 3751 4321 πάντως
3776 4260 3838 4311 ἐπ’

644 4349 958 4407 referendus
1002 4354 1236 4424 est,jam
1270 4356 1415 4415 enim
1446 4359 1536 4427 qui
1568 4359 1874 4415 sacerdotio
1922 4360 2214 4430 fatigantur

2315 4347 2521 4397 ἐκεῖνον
2550 4344 2607 4408 ὃς
2640 4346 2805 4416 ἀνέφυ
2837 4350 2935 4419 μὲν
2964 4350 3023 4414 ἐξ
3067 4350 3279 4417 Ἰακὼϐ,
3313 4353 3625 4425 ἐναρίθμιος
3665 4354 3713 4406 δὲ
3753 4355 3836 4411 τοῖς

642 4441 709 4497 de
740 4441 939 4498 familia
976 4443 1100 4499 Levi
1144 4447 1275 4502 nulli
1311 4460 1439 4505 sunt
1482 4452 1746 4519 omnino;
1807 4452 2209 4523 intelligendum

2312 4434 2631 4490 δυοκαίδεκα
2652 4438 2871 4507 γέγονεν
2903 4441 3058 4503 υἱοῖς·
3090 4442 3149 4494 οὐ
3197 4445 3303 4514 γὰρ
3339 4444 3696 4514 ἱερατεύουσιν
3715 4445 3834 4506 ὅλως·

641 4543 824 4588 autem
866 4536 1252 4602 sacerdotium,
1286 4550 1341 4594 et
1400 4541 1500 4597 hoc
1547 4541 1720 4611 ipsum
1765 4546 1907 4614 quod
1939 4555 2024 4603 est
2056 4560 2209 4600 sacra

2315 4527 2445 4597 συνή
2455 4543 2617 4597 σομεν
2644 4528 2701 4582 δὲ
2722 4532 2820 4600 τῆς
2841 4530 3140 4603 ἱερωσύνης
3164 4534 3224 4586 τὸ
3244 4535 3454 4606 χρῆμα,
3475 4537 3566 4590 καὶ
3585 4536 3704 4591 αὐτὸ
3716 4534 3835 4588 τοῦτο

642 4623 821 4679 facere
876 4626 929 4680 iu
983 4642 1209 4698 persona
1271 4630 1395 4693 Levi
1448 4635 1846 4705 quodammodo
1894 4637 2249 4707 ﬁguratum]

2240 4651 2285 4707 υ
2310 4616 2449 4688 ὅπερ
2469 4618 2613 4672 ἐστὶν
2638 4621 2918 4692 ἱερουργία
2953 4627 3228 4696 μονονουχὶ
3276 4628 3372 4680 καὶ
3421 4625 3836 4699 διαμορφούμενον

644 4734 663 4767 ε
701 4714 823 4771 Fuit
850 4718 1031 4788 igitur,
1059 4719 1259 4794 inquit,
1288 4723 1354 4778 ad
1388 4724 1561 4792 ipsum
1600 4735 1978 4783 testamentum
2029 4745 2203 4789 meum

2312 4708 2388 4773 ὡς
2421 4712 2477 4765 ἐν
2509 4713 2781 4785 προσώπῳ
2808 4715 2960 4770 Λευί.
3001 4735 3018 4767 ι
3047 4714 3153 4771 Ἦν
3186 4718 3382 4785 τοίνυν,
3440 4723 3590 4791 φησὶ,
3622 4720 3741 4791 πρὸς
3765 4718 3836 4770 αὐ-

644 4807 765 4863 eiue
813 4818 868 4863 et
902 4811 1070 4879 pacis.
1117 4831 1136 4866 ι
1174 4811 1457 4885 Proposita
1508 4818 1598 4874 est
1643 4819 1786 4875 enim
1836 4820 2013 4879 verbis
2071 4821 2201 4877 Mosi

2311 4801 2403 4853 τὸν
2433 4804 2464 4872 ὴ
2489 4801 2727 4866 διάθεσίς
2760 4822 2861 4876 μου
2893 4806 2992 4877 τῆς
3021 4808 3167 4879 ζωῆς
3185 4809 3279 4864 καὶ
3301 4811 3401 4882 τῆς
3432 4813 3663 4883 εἰρήνης.
3700 4828 3717 4863 ι
3758 4810 3834 4863 Λι-

636 4901 980 4957 sauctissimo
1007 4901 1091 4959 lex
1113 4906 1316 4976 scripta
1354 4908 1602 4967 ordinata
1629 4925 1727 4981 per
1767 4912 1985 4983 angelus
2008 4913 2076 4978 “,
2111 4929 2205 4987 per

2312 4890 2539 4987 λάληται
2574 4894 2675 4965 μὲν
2701 4898 2808 4969 γὰρ
2833 4898 2907 4962 ὡς
2936 4900 3068 4971 πρὸς
3103 4900 3303 4955 Mwaéa
3337 4902 3429 4956 τὸν
3460 4903 3731 4973 ἱερώτατον
3756 4901 3834 4953 ὀὲν

635 4988 819 5055 Mosen
857 5002 1038 5048 autem
1065 4996 1237 5063 posita
1273 4996 1551 5066 lsraelitis,
1598 4980 1785 5067 vitam,
1822 4980 1876 5057 et
1914 4980 2207 5074 pacem‘iis

2310 4980 2597 5074 TF‘?“P“°‘
2628 4984 2810 5056 νόμοςν
2843 4988 3179 5059 διακονηθεὶς
3234 4990 3301 5044 δι’
3331 4990 3595 5061 ἀγγέλων,
3642 4990 3834 5045 τέθειται

635 5080 729 5149 qui
761 5081 1075 5143 innocenter
1109 5088 1293 5147 vivere
1318 5100 1374 5146 et
1400 5089 1725 5162 legislatoris
1754 5070 2090 5159 voluntatem
2109 5113 2205 5168 pro

2309 5070 2365 5123 δέ
2397 5071 2487 5127 διὰ
2512 5074 2736 5147 μεσίτην
2766 5078 2968 5133 Μωσέα
2998 5081 3108 5144 τοῖς
3149 5080 3208 5145 ἐξ
3230 5081 3459 5152 αἵματος
3500 5082 3719 5153 Ἰσραὴλ,
3754 5096 3832 5133 πα-

638 5171 817 5242 rcgula
851 5174 950 5231 sibi
977 5192 1279 5253 proponere
1306 5181 1525 5246 vellent,
1564 5184 1911 5242 annuntians.
2109 5162 2124 5168 -

2314 5162 2604 5250 ςαγγελίαν
2664 5166 2803 5235 ἔχων
2858 5168 3003 5240 ζωῆς
3054 5172 3146 5224 καὶ
3202 5173 3423 5245 είρήνης
3478 5174 3589 5237 τοῖς
3632 5170 3832 5226 ἐθέλουσι

2309 5255 2457 5323 βιοῦν
2488 5256 2663 5328 ὀρθῶς
2697 5259 2789 5313 καὶ
2814 5261 3009 5315 κανόνα
3054 5264 3318 5321 ποιεῖσθαι
3370 5266 3468 5335 τῆς
3506 5262 3698 5318 ἑαυτῶν
3720 5260 3832 5330 ζωῆς

2304 5346 2363 5400 τὸ
2394 5348 2468 5418 τῷ
2497 5350 2763 5430 νομοθέτῃ.
2786 5352 2993 5410 δοκοῦν.

759 5512 799 5540 ἰ
829 5511 843 5563 l
873 5511 1001 5583 lteg.
1033 5527 1091 5575 ιι,
1124 5514 1209 5567 a0.
1324 5511 1368 5543 "
1404 5512 1556 5569 Rom.
1580 5530 1672 5581 vn,
1708 5516 1794 5572 ιε.
1870 5519 1915 5551 ⁸⁸
1940 5518 2113 5574 Galat.
2146 5536 2224 5587 ill,
2258 5520 2337 5575 t9.

705 5699 779 5788 (ιι)
805 5695 963 5788 Ilu‘uf.
984 5695 1413 5788 locitinfgrtnassc
1446 5699 1519 5787 ita
1541 5702 1736 5788 rectilis
1765 5701 1907 5788 legas
1930 5723 1942 5758 :
1968 5704 2187 5788 Κεκλειο
2295 5721 2312 5756 ιι

2295 5720 2354 5788 Ἐξ
2372 5707 2475 5788 ,θεαὶ
2495 5706 2949 5783 ἔκπεμπθμένως
2973 5711 3070 5784 τῆς
3101 5714 3427 5788 ἱερουργίας·
3454 5726 3505 5775 cl
3526 5719 3591 5775 ita
3619 5731 3705 5775 nos
3733 5710 3823 5769 red.

633 5766 835 5839 σμένας
880 5766 963 5835 ἐφ’
989 5766 1122 5837 ὑμῖν
1156 5768 1250 5831 τὰς
1278 5766 1468 5840 θύρας,
1499 5770 1641 5839 ὑμᾶς
1681 5771 1738 5825 δὲ
1772 5766 2184 5847 ἐκκλεοομένους

938 5766 963 5811 ν’
989 5766 1122 5837 ὑμῖν
1156 5768 1250 5831 τὰς
1278 5766 1468 5840 Θύρας,
1499 5770 1641 5839 ὑμᾶς
1681 5771 1738 5825 δὲ
1772 5766 2184 5847 sentiemus-"20's;
2297 5775 2545 5834 (ﬁdimus-
