4070 6516
171 378 279 437 509

1017 378 1563 437 COMMENTARIUS
1602 379 1670 436 ιιι
1712 376 2131 437 MALACHIAM‘
2161 369 2601 431 PROPHETAM.

3300 365 3402 423 510
3475 427 3482 433 ,

238 490 417 545 Ἐοικε
437 488 495 542 δέ
523 506 576 541 τι
607 488 699 542 καὶ
726 489 829 542 τῶν
862 488 1299 565 ἀναγκαιοτέρων
1333 494 1411 557 εἰς
1441 492 1671 564 θεωρίαν
1701 492 1729 546 ό
1757 540 1763 552 .

1901 490 2126 546 Videtur
2152 499 2331 544 autem
2362 498 2540 541 sermo
2570 479 2841 553 quidpiam
2864 479 2933 536 ad
2955 477 3405 536 considerandum

169 579 319 650 λόγος
343 578 476 650 ἡμῖν
505 579 585 643 εἰς
609 578 670 632 τὸ
694 578 866 650 παρὸν
896 579 1323 637 ὑπαινίττεσθαι.
1376 582 1593 638 Δέδοται
1625 581 1734 654 7&9

168 677 196 727 ὀ
218 670 506 741 νόμοςτοϊς
534 668 800 742 ἀρχαίοις,
824 673 936 735 τοῖς
962 670 1023 737 ἐξ
1053 672 1281 744 αἵματος
1300 674 1432 728 Λευὶ
1463 674 1734 742 παιδαγω-

168 762 287 834 γίαν
310 760 576 830 εἰσφέρων
604 760 695 814 ὲπί
716 759 794 832 τῷ
824 760 1063 833 Χριστῷ.
1111 763 1205 817 καὶ
1243 762 1426 818 εἰκόνα
1474 760 1599 817 τινὰ
1640 761 1734 815 καὶ

170 850 507 909 ὑποτύπωσιν
538 851 754 922 ἐμφανῆ
794 850 904 905 τῶν
955 852 1351 924 άληθεστέρων.
1398 852 1630 925 Ἀληθὴς
1677 853 1735 907 δὲ

168 942 411 1016 Χριστκ,
442 942 501 1005 ὅς
527 942 641 994 ἐστι
669 939 802 1012 ζωὴ,
838 943 932 996 κει.)⁸
978 943 1188 1014 εἰρήνη,
1218 946 1312 998 καὶ
1332 944 1495 998 αὐτὸν
1521 947 1651 1016 ἡμῖν
1679 946 1734 998 at!

166 1036 251 1090 διά
273 1032 515 1097 Μωσέως
538 1033 803 1104 γράφουσι
832 1034 1000 1087 σκιαί.
1033 1033 1320 1106 Τοιγάρτοι
1355 1036 1448 1091 καὶ
1495 1036 1733 1104 ἔφασκεν

179 1123 443 1185 Ἰουδαίοις
473 1121 812 1195 προσλαλῶψ
878 1141 897 1175 ι
930 1124 990 1177 Εἰ
1018 1124 1332 1179 ἐπιστεύετε
1381 1126 1577 1199 Μωσῇ,
1610 1128 1734 1181 ἐπι-

168 1212 375 1270 στεύετε
405 1212 469 1266 ἂν
496 1212 640 1284 ἐμοί·
677 1213 805 1284 περὶ
847 1215 957 1285 γὰρ
996 1214 1129 1286 ἐμοῦ
1174 1217 1381 1280 ἐκεῖνος
1421 1216 1677 1289 ἔγραψεν.
1710 1237 1728 1270 ι

165 1306 327 1359 Αὐτὸν
359 1304 546 1375 ἐδήλου
568 1303 904 1376 σφαζόμενος
929 1306 1099 1376 ἀμνὸς
1129 1307 1188 1360 ἐν
1220 1309 1349 1379 μηνί
1402 1307 1480 1379 τῷ
1512 1308 1733 1380 πρώτῳ.

163 1397 224 1465 τῇ
256 1394 816 1466 τεσσαρεσκαιδεκάτῃ
842 1396 1043 1467 ἡμέρᾳ,
1088 1397 1183 1450 καὶ
1211 1397 1511 1463 ἀνασώζειν
1538 1398 1735 1453 ἐθέλων

161 1484 237 1556 τῷ
258 1483 448 1555 αἵματι
468 1484 596 1549 τοὺς
621 1482 795 1555 χρίειν
823 1483 1105 1549 ἐθέλοντας
1119 1484 1218 1550 τὰς
1235 1486 1342 1540 τῶν
1366 1487 1530 1541 οἴκων
1551 1487 1731 1558 φλιάςο

162 1577 329 1631 Αὑτὸν
368 1579 401 1649 ἠ
431 1578 662 1648 δάμαλις
689 1580 723 1651 ἡ
752 1579 936 1651 πυῤῥά
960 1596 1020 1632 τε
1048 1579 1143 1634 καὶ
1167 1580 1418 1652 ἄμωμος.
1445 1576 1564 1652 ἦςὴ
1601 1599 1735 1636 σπο-

161 1667 244 1722 διά
271 1668 390 1739 μεθ’
439 1668 630 1733 ὓδατος
682 1669 876 1739 ὴγίαζε
916 1688 934 1722 ι
969 1672 1097 1736 τοὺς
1142 1673 1571 1743 κεκοινωμένους
1601 1673 1736 1746 πρὸς

160 1758 254 1830 τὴν
285 1758 387 1828 τῆς
443 1752 643 1831 σαρκὸς
689 1758 1054 1832 καθαρότητα,
1093 1780 1113 1814 ι
1166 1761 1348 1826 καθὼς
1404 1754 1728 1834 γέγραπται.

163 1827 328 1902 Αῦτδν
357 1850 387 1903 δ
421 1827 630 1921 άξυνμος
665 1827 852 1921 ἄρτος,
900 1827 965 1905 αἰ⁷
1002 1852 1282 1924 τρυγόνες,
1317 1852 1368 1904 οἰ
1402 1827 1605 1905 νεοττοὶ
1629 1852 1735 1905 τῶν
1768 1827 1810 1882 Β

163 1938 523 2010 περιστερῶν,
559 1941 655 1994 καὶ
675 1941 1014 2009 ἁπαξαπλῶς
1034 1939 1104 2014 ἦν
1122 1946 1151 1996 ό
1180 1942 1343 2014 νόμος
1374 1944 1472 2014 τῆς
1497 1943 1588 1997 ἐπὶ
1602 1944 1735 2014 Χρι-

164 2029 266 2101 στῷ
296 2030 551 2101 θεωρίας.
610 2030 851 2097 Εἰκότως
897 2029 991 2088 οῦν
1035 2034 1254 2103 λέγεται
1306 2033 1551 2105 Διαθήκη
1590 2033 1737 2105 ζωῆς

164 2121 251 2175 καὶ
276 2121 524 2193 εἰρήνης.
581 2122 1015 2195 Ζωοποιηθέντες
1041 2123 1152 2196 7&9
1194 2124 1253 2177 ἐν
1282 2122 1451 2196 αὐτῷ,
1480 2122 1545 2179 δι’
1569 2122 1734 2180 αὑτοῦ

160 2210 221 2281 δὴ
247 2211 413 2267 πάλιν
434 2213 534 2283 τὴν
561 2214 923 2286 προσαγωγὴν
950 2215 1261 2285 ἐσχήκαμεν
1297 2216 1397 2287 τὴν
1453 2213 1593 2286 πρὸς
1644 2213 1739 2268 τόν
1790 2278 1796 2284 ,

160 2301 288 2357 Θεὸν
340 2304 442 2358 καὶ
490 2303 729 2375 Πατέρα,
778 2305 1132 2378 εἰρηνεύομέν
1175 2321 1235 2358 τε
1281 2303 1418 2377 πρὸς
1465 2302 1627 2359 αὐτὸν
1667 2303 1737 2358 δι’

163 2394 407 2465 ὑπακοῆς
437 2396 534 2451 καὶ
562 2396 823 2461 πίστεως.

226 2485 336 2540 Καὶ
371 2485 567 2542 ἔδωκα
593 2486 755 2554 αὐτῷ
779 2490 850 2542 ἐν
875 2488 1036 2557 φόϐῳ
1054 2486 1367 2557 φοϐεῖσθαί
1392 2486 1605 2557 gemat
1618 2484 1736 2542 ἀπὸ

161 2578 487 2647 προσώπου
516 2580 809 2650 ὀνόματός
834 2597 953 2649 μου
982 2579 1434 2634 συστέλλεσθαι
1459 2577 1668 2633 αὐτόν.

225 2668 326 2723 ΙΘθ.
346 2668 769 2741 ’Δπαριθμεῖται
794 2668 1078 2741 χρησίμως
1096 2668 1166 2722 τά
1191 2667 1426 2739 λαμπρά
1447 2668 1548 2738 τῆς
1582 2668 1738 2739 ἱερω-

164 2757 323 2827 σύνης
373 2758 664 2829 αὐχήματα
701 2757 792 2812 διὰ
838 2759 938 2828 τῆς
994 2756 1090 2811 τοῦ
1136 2756 1302 2826 νόμου
1354 2754 1739 2827 μυσταγωγίας

162 2843 515 2916 ἐξευρημένα.
558 2845 814 2900 Ἐνετίθει
856 2846 964 2916 7&9
1012 2845 1250 2917 μάλιστα
1288 2848 1403 2910 τοῖς
1437 2846 1742 2917 ίερουργοῖς

162 2934 247 2989 τὸν
272 2935 374 2991 τοῦ
403 2934 537 2990 Θεοῦ
570 2936 735 3005 φόϐον
754 2952 769 2967 ο
806 2935 1118 2990 στέλλεσθαι
1153 2936 1253 3006 μὲν
1280 2934 1589 2991 ἀναπείθων
1631 2933 1741 2988 ἀπὸ

163 3027 457 3098 προσώπου
493 3028 757 3100 ὀνόματος
785 3027 976 3094 αὐτοῦ,
1001 3026 1270 3093 τουτέστι,
1311 3026 1619 3098 ὑφορᾶσθαι
1648 3025 1741 3079 καὶ

1838 579 2102 650 imprimis
2131 576 2402 649 singulare
2419 574 2643 630 nobisin
2674 568 2924 641 praesenti
2954 569 3253 625 insinuare.
3273 568 3403 625 Data

1834 681 1922 728 est
1946 671 2089 728 enim
2125 671 2211 727 lex
2233 669 2526 732 veteribus,
2556 663 2684 720 Levi
2704 661 3017 733 progeniem
3043 663 3109 716 ad
3127 660 3404 718 Christum

1836 763 2145 828 instituens,
2171 771 2227 816 et
2254 758 2539 829 imaginem
2566 756 2855 827 quamdam
2894 767 2958 805 ac
2986 751 3409 807 delineationem

1835 856 2137 912 evidentem
2181 867 2358 909 rerum
2389 850 2660 905 veriornm
2691 848 2972 904 exhibens.
3002 844 3174 899 Verus
3202 851 3285 898 est
3312 856 3410 896 au—

1835 955 1942 1002 tem
1989 944 2260 1009 Christus,
2318 940 2409 1011 qui
2459 948 2541 994 est
2588 940 2718 1003 vita,
2755 949 2809 993 et
2840 951 2945 1006 pax
2988 935 3073 999 “,
3123 933 3407 1004 ipsumque

1836 1037 1991 1092 nobis
2021 1035 2225 1089 umbras
2281 1030 2536 1087 Mosaicae
2588 1030 2904 1099 depingunt.
2944 1024 3180 1081 Proinde
3222 1031 3275 1078 et
3306 1019 3399 1077 Ju-

1836 1128 1981 1183 daeos
2013 1126 2297 1197 alloquens
2319 1124 2531 1179 dicebat
2567 1140 2581 1177 :
2621 1141 2641 1175 ι
2679 1120 2734 1177 Si
2766 1118 3064 1176 crederetis
3097 1115 3252 1179 Mosi,
3285 1127 3406 1169 cre-

1835 1218 2035 1274 deretis
2059 1217 2285 1273 forsitan
2314 1222 2370 1269 et
2388 1214 2550 1269 mihi:
2582 1213 2650 1268 de
2675 1227 2759 1267 me
2773 1210 2922 1267 enim
2942 1208 3031 1264 ille
3053 1205 3354 1275 scripsit”.
3382 1223 3400 1256 ι

1835 1308 2008 1378 Ipsum
2042 1308 2465 1378 repraesentabat
2518 1319 2689 1375 agnus
2731 1316 2916 1359 mense
2965 1300 3164 1371 primo,
3195 1295 3404 1353 decima

1833 1408 2027 1469 quarta
2061 1398 2167 1461 die,
2188 1395 2520 1460 immolatus,
2548 1394 2640 1465 qui
2670 1406 2890 1449 servare
2920 1388 3217 1445 incolumes
3248 1386 3411 1441 debe-

1836 1487 1929 1541 bat
1960 1494 2223 1557 quotquot
2245 1485 2530 1542 domorum
2572 1492 2752 1555 postes
2785 1483 2901 1550 ejus
2947 1479 3210 1549 sanguine
3254 1476 3407 1530 oble-

1836 1578 2040 1633 vissent
2071 1577 2139 1631 ".
2170 1575 2346 1646 ipsum
2375 1572 2538 1630 vitula
2558 1573 2674 1629 rufa
2704 1582 2759 1629 et
2789 1570 3132 1628 immaculata
3156 1569 3224 1634 ",
3253 1564 3408 1636 cujus

1838 1664 1980 1723 cinis
2000 1681 2153 1736 aqua:
2184 1664 2478 1736 permistus
2510 1662 2887 1720 sanctiﬁcabat
2924 1678 2944 1713 ι
2981 1658 3295 1729 inquinatos
3338 1656 3405 1710 ad

1836 1757 2272 1813 enuntiationem
2313 1756 2522 1823 carnis,
2560 1772 2581 1808 ι
2623 1762 2681 1809 ιιι
2713 1752 2971 1821 scriptum
3016 1757 3099 1804 est
3125 1747 3194 1801 ".
3229 1745 3407 1817 Ipsum

1837 1862 2061 1919 azymus
2097 1846 2254 1917 panis
2276 1846 2325 1879 ”
2357 1864 2372 1901 :
2406 1846 2582 1915 ipsum
2642 1853 2906 1905 turtures,
2941 1847 2994 1894 et
3028 1837 3157 1909 pulli
3193 1835 3404 1891 colum-

1838 1941 2028 1995 barum
2062 1939 2083 1971 ι
2133 1955 2149 1994 :
2185 1945 2261 2003 et,
2295 1946 2358 1991 ut
2396 1935 2647 1991 universe
2677 1933 2849 1988 dicam
2873 1970 2889 1997 ,
2916 1930 3003 1984 lex
3027 1925 3408 1999 mysteriorum

1837 2028 2037 2087 Christi
2070 2028 2228 2099 plena
2257 2035 2377 2083 erat
2417 2028 2462 2080 ⁸.
2503 2023 2673 2079 Recta
2729 2021 2891 2093 igitur
2932 2024 3161 2073 vocatur
3218 2011 3409 2067 Testa-

1839 2128 2077 2176 mentum
2108 2119 2231 2174 vitte
2248 2128 2304 2174 et
2322 2114 2776 2189 'pacis.Vivillcati
2804 2110 2949 2166 enim
2982 2109 3035 2163 in
3063 2105 3230 2178 837
3250 2105 3395 2174 ipso,

1839 2225 1935 2281 per
1974 2210 2148 2281 ipsum
2172 2224 2362 2265 rursus
2390 2220 2669 2264 accessum
2696 2202 2873 2272 adepti
2919 2214 3111 2256 sumus
3137 2198 3204 2251 ad
3237 2196 3406 2252 Deum

1837 2311 1891 2358 et
1907 2300 2122 2361 Patrem
2154 2338 2172 2366 ,
2206 2313 2503 2371 pacemque
2554 2312 2678 2354 cum
2714 2308 2779 2351 eo
2814 2308 2911 2364 per
2954 2288 3316 2347 obedientiam
3355 2297 3411 2341 et

1839 2391 2000 2447 ﬁdem
2028 2393 2293 2448 habemus
2328 2392 2375 2448 ⁸.

1910 2481 1981 2537 Et
2007 2483 2128 2536 dedi
2154 2483 2199 2536 ei
2224 2492 2277 2535 ut
2304 2483 2360 2535 in
2389 2483 2574 2535 timore
2594 2480 2791 2534 timeret
2817 2490 2916 2540 me,
2942 2482 2988 2530 et
3015 2489 3046 2527 α
3080 2470 3215 2540 [acie
3245 2467 3412 2523 nomi-

1841 2574 1920 2629 nis
1952 2574 2052 2627 mei
2080 2589 2266 2642 pauore
2293 2572 2684 2627 contraheretur
2708 2570 2835 2638 ipse.

1914 2662 2051 2721 XIX.
2079 2662 2194 2721 Non
2228 2663 2488 2718 inutiliter
2510 2660 2742 2730 insignia
2772 2657 3057 2714 sacerdotii
3089 2659 3405 2709 ornamenta

1840 2770 1937 2827 per
1967 2754 2100 2825 legis
2131 2753 2513 2828 mystagogiam
2548 2751 2836 2807 adinventa
2872 2754 3177 2819 percenset.
3209 2742 3412 2799 Sacer-

1842 2848 2056 2904 dotibus
2088 2846 2230 2900 enim
2266 2843 2362 2899 Dei
2393 2846 2641 2899 timorem
2674 2839 2940 2911 imprimis
2974 2835 3276 2898 inserebat,
3305 2831 3412 2887 im-

1841 2938 2045 3009 pellens
2067 2952 2164 2993 eos
2189 2937 2254 2991 ad
2280 2950 2527 3007 pavorem
2552 2949 2581 2988 a
2604 2933 2739 2987 facie
2760 2930 2994 2986 nominis
3021 2926 3157 2995 ejus,
3177 2925 3282 2981 hoc
3306 2932 3409 2989 est,

1844 3026 2199 3083 reformidare
2226 3040 2290 3081 ac
2316 3023 2487 3079 vereri
2521 3022 2721 3076 faciens
2751 3033 2946 3075 nomen
2972 3012 3332 3076 Dominicum,
3359 3023 3416 3066 et

163 3117 602 3210 ὑποστέλλεσθαι
630 3119 1065 3192 παρασκευάῖοιν
1088 3120 1151 3173 τὸ
1178 3118 1350 3189 ὄνομα
1381 3119 1445 3172 τὸ
1472 3120 1739 3175 Δεσποτι-

1846 3116 1912 3172 ad
1935 3115 2289 3172 reverentiam
2318 3128 2425 3169 non
2456 3107 2901 3180 perfunctoriam,
2922 3103 3018 3160 sed
3046 3101 3243 3158 seriam
3267 3106 3322 3153 et
3346 3111 3410 3154 ex

1977 3208 1985 3210 μ
2183 3204 2195 3210 -
2425 3202 2446 3210 -
2831 3198 2877 3210 ..
2966 3209 2970 3210 ν
3283 3188 3407 3210 ---ει

165 3210 276 3273 κον,
307 3207 451 3264 αἰδώ
469 3225 530 3263 τε
556 3209 656 3281 τὴν
688 3211 768 3275 εἰς
798 3208 959 3264 αὑτὸν
992 3208 1263 3263 ποιεῖσθαι
1286 3206 1398 3260 δεῖν
1431 3207 1741 3263 ἀναπείθων

163 3301 220 3357 οὐ
261 3299 566 3373 πάρεργον,
609 3301 726 3356 ἀλλ’
760 3301 1204 3380 ἐσπουδασμένην
1223 3316 1237 3332 ο
1268 3293 1329 3354 οὗ
1358 3297 1409 3352 τί
1439 3297 1505 3353 ἂν
1536 3299 1746 3367 γένοιτο

166 3392 633 3465 τιμλφέστερονς
678 3391 988 3464 Γέγραπται
1016 3391 1126 3464 7&9
1152 3391 1235 3445 ὅτι
1269 3409 1290 3444 ι
1323 3390 1383 3443 '0
1413 3389 1744 3460 φοϐούμενος

166 3482 251 3537 τὸν
283 3481 525 3555 Κύριον,
558 3476 712 3546 οὗτος
762 3481 1015 3550 ὑγιαίνει.
1053 3499 1072 3533 ι
1120 3481 1232 3534 Καὶ
1277 3479 1441 3534 πάλιν
1465 3495 1479 3511 ·
1521 3497 1541 3533 ι
1576 3478 1745 3543 Φόϐος

167 3574 398 3646 Κυρίου,
442 3572 567 3638 δόξα
615 3572 710 3626 καὶ
750 3570 1031 3643 καύχημα.
1069 3588 1089 3623 ι
1123 3567 1534 3641 Μεμαρτύρηκε
1563 3568 1745 3622 τοίνυν

166 3664 322 3729 ὁσίως
352 3663 455 3719 καὶ
498 3661 711 3734 άληθῶς
754 3661 1094 3735 ἰερατευκόσι
1122 3661 1183 3715 τὸ
1208 3659 1437 3731 βεϐηκὸς
1464 3661 1543 3723 εἰς
1570 3659 1746 3727 ἀσφά-

167 3757 333 3812 λειαν.
401 3756 476 3810 Οὐ
523 3754 635 3827 7&9
686 3753 873 3817 ἁπλῶς
920 3750 1263 3821 πεφοϐῆσθαί
1320 3765 1484 3821 φησιν
1526 3749 1745 3813 αὐτοὺς,

168 3849 278 3904 ἀλλ’
314 3849 413 3905 Ἑν
449 3847 600 3919 φόϐῳ
645 3844 1022 3917 πεφοϐῆσθαι,
1059 3843 1340 3905 τουτέστι,
1373 3842 1430 3895 ἐν
1473 3841 1570 3912 δλῃ
1600 3839 1744 3911 ψυχῇ

169 3939 259 3995 καὶ
290 3938 495 4011 καρδίᾳ
515 3938 606 3992 τὸν
640 3936 782 3993 θεῖον
806 3934 1144 4001 εἰσδέξασθαι
1170 3932 1354 4004 φόϐον.
1388 3932 1455 3988 Δί
1485 3931 1597 4002 7&9
1621 3932 1747 3985 ἐπι-

166 4030 348 4094 τάσεις
384 4029 445 4081 ἐν
471 4026 700 4091 τούτοις,
718 4026 813 4081 καὶ
838 4027 888 4080 οἰ
910 4025 1020 4079 τῶν
1037 4024 1232 4089 λέξεων
1253 4019 1750 4091 ἀναδιπλασιασμοὶ

168 4121 226 4175 τὸ
261 4119 662 4193 ἐρηρεισμένον
690 4120 769 4184 εἰς
807 4118 1009 4192 ἀρετὴν
1052 4116 1161 4170 τῶν
1204 4114 1607 4187 ἐπαινουμένων
1637 4114 1750 4175 τοῖς

168 4210 546 4281 ἀκροωμένοις
581 4207 1102 4279 κατασημαίνουσιν.

234 4302 440 4371 Νόμος
490 4296 569 4371 ἦν
613 4298 900 4367 ἀληθείας
947 4295 1018 4350 ἐν
1064 4295 1316 4364 στόματι
1365 4290 1584 4356 αὐτοῦ,
1650 4292 1749 4345 καί

168 4392 371 4448 ἀδικία
407 4394 518 4462 οὐχ
544 4390 757 4461 εὑρέθη
782 4390 853 4444 ἐν
881 4390 1156 4460 χείλεσιν
1183 4385 1396 4441 αὐτοῦ.

1847 3208 2026 3263 studio
2057 3204 2286 3275 quodam
2321 3202 2615 3274 profectam
2650 3214 2744 3255 eos
2777 3198 3053 3251 adducens
3090 3211 3105 3250 :
3138 3206 3247 3263 quo
3277 3188 3409 3261 quid

1847 3296 2060 3353 tandem
2107 3292 2508 3350 honorabilins'!
2548 3288 2819 3359 Scriptum
2858 3292 2942 3340 est
2985 3284 3128 3339 enim
3182 3301 3196 3339 :
3246 3298 3265 3334 ι
3311 3277 3416 3347 Qui

1848 3391 2002 3444 timet
2047 3386 2364 3451 Dominum,
2396 3383 2484 3439 hic
2530 3383 2668 3438 bene
2710 3378 2868 3435 habet
2888 3376 2931 3432 ⁸.
2973 3392 2993 3430 ι
3045 3374 3110 3430 Et
3154 3373 3347 3428 iterum
3399 3386 3416 3424 :

1852 3498 1871 3532 ι
1909 3478 2095 3534 Timor
2134 3475 2382 3544 Domini,
2410 3473 2583 3547 gloria
2626 3480 2681 3527 et
2720 3466 3010 3526 exsultatio
3030 3465 3070 3518 ⁸.
3108 3481 3128 3517 ι
3161 3461 3418 3519 Testatur

1848 3572 2031 3640 itaque
2079 3575 2263 3624 sancte
2307 3577 2361 3622 et
2402 3578 2529 3621 vere
2576 3561 2878 3619 sacerdotio
2919 3556 3118 3613 iunctis
3171 3552 3416 3610 stabilem

1849 3661 2194 3717 securitatem
2234 3665 2571 3714 eventuram.
2602 3652 2753 3709 Haud
2796 3650 2939 3707 enim
2978 3643 3295 3717 simpliciter
3325 3655 3419 3695 eos

1848 3750 2092 3808 timuisse
2119 3749 2267 3816 dicit,
2310 3747 2402 3803 sed
2432 3746 2485 3800 in
2529 3745 2720 3799 timore
2751 3741 3026 3804 timuisse,
3050 3737 3154 3792 hoc
3180 3742 3262 3790 est
3307 3740 3417 3786 tota

1849 3843 2026 3898 anima
2065 3850 2122 3896 et
2152 3840 2316 3897 corde
2359 3838 2593 3893 divinum
2633 3835 2885 3891 timorem
2922 3827 3212 3898 recepisse.
3244 3822 3419 3901 Exag-

1850 3935 2157 4005 gerationes
2189 3931 2332 3986 enim
2369 3932 2421 3984 ln
2457 3928 2569 3991 his,
2607 3933 2663 3981 et
2695 3938 2886 3980 vocum
2926 3914 3423 3988 conduplicationes

1850 4003 2036 4079 eorum
2069 4023 2159 4093 qui
2182 4021 2469 4077 laudantur
2496 4019 2550 4073 in
2584 4016 2781 4072 virtute
2809 4008 3167 4071 constantiam
3198 4003 3423 4061 audien-

1855 4115 1997 4171 tibus
2025 4112 2362 4185 cogitandam
2391 4108 2704 4179 subjiciunt.

1929 4292 2090 4349 Vens.
2118 4290 2171 4345 6.
2198 4287 2309 4345 Lex
2336 4287 2566 4344 veritatis
2593 4284 2692 4355 fuit
2725 4282 2779 4335 in
2807 4293 2896 4335 ore
2921 4277 3034 4346 ejus
3052 4316 3067 4342 ,
3092 4284 3140 4329 et
3166 4271 3423 4340 iniquitas

1856 4399 1957 4439 non
1982 4392 2055 4436 est
2078 4380 2288 4435 inventa
2316 4378 2371 4432 in
2393 4375 2545 4429 labiis
2574 4376 2709 4443 ejus.

236 4482 323 4539 ις’.
367 4453 626 4537 Ἐκέλευε
664 4453 775 4555 7&9
809 4484 838 4536 ό
878 4453 1042 4551 νόμος
1072 4478 1168 4532 καὶ
1212 4476 1307 4531 τοῦ
1350 4475 1577 4545 ψεύδους
1616 4476 1749 4529 ἀπο·

1924 4472 2041 4529 ΧΧ.
2063 4470 2289 4527 iubebat
2314 4468 2456 4524 enim
2491 4466 2573 4520 lex
2605 4474 2659 4520 et
2686 4478 2717 4517 a
2744 4459 3024 4516 mendacio
3054 4453 3352 4519 discedere,
3374 4460 3428 4505 et

170 4574 382 4647 φοιτᾷν,
411 4572 550 4646 ὀρθά
570 4590 630 4627 τε
647 4574 742 4627 καὶ
764 4572 947 4627 δίκαια
970 4568 1176 4629 λαλεῖν,
1197 4568 1289 4621 καὶ
1305 4566 1403 4636 τὴν
1428 4564 1511 4634 ἐφ’
1534 4566 1750 4636 ἑκάστῳ

170 4663 463 4736 πράγματι
495 4664 675 4736 κρίσιν
701 4661 835 4734 εὑθῆ
871 4678 932 4716 τε
973 4661 1067 4715 καὶ
1095 4658 1454 4728 ἀδιάστροφον
1483 4654 1751 4709 ποιεῖσθαι

173 4755 363 4827 φιλεῖν.
400 4755 584 4810 Ἐοικε
626 4754 683 4809 δὲ
715 4753 875 4809 πάλιν
918 4750 1176 4824 ἀλήθειαν
1207 4744 1495 4817 ὀνομάζειν
1516 4744 1610 4799 τὸν
1636 4745 1750 4800 Κύ-

174 4865 287 4920 ριον
334 4845 496 4917 ὴμῶν
543 4845 752 4918 Ἰησοῦν
794 4846 886 4901 τὸν
932 4843 1186 4916 Χριστὸν,
1230 4836 1293 4897 οῦ
1342 4840 1435 4894 τὸν
1485 4839 1648 4910 νόμον
1694 4839 1753 4891 ἐν

173 4937 377 5009 χείλεσι
417 4936 787 5009 πεφορηκέναι
816 4935 949 5006 φησί
973 4935 1100 4998 τοὺς
1134 4931 1470 5005 βιοτεύοντας
1503 4930 1752 5002 ἱεροπρε-

173 5030 310 5094 πῶς.
350 5030 417 5084 Εἰ
444 5029 555 5101 γάρ
595 5031 689 5088 καὶ
733 5026 824 5100 ἦν,
861 5027 938 5092 ὡς
967 5026 1123 5099 εφην,
1155 5026 1215 5080 ἐν
1262 5026 1441 5089 σκιαῖς
1478 5022 1508 5076 ὁ
1553 5022 1750 5092 νόμος,

175 5122 289 5177 ἀλλ’
323 5118 403 5193 ἦν
426 5124 482 5177 ἐν
508 5121 661 5194 αὑτῷ
685 5122 782 5192 τῆς
825 5120 1085 5193 ἀληθείας
1110 5121 1145 5190 ἡ
1179 5116 1458 5189 μόρφωσις
1477 5153 1493 5178 ,
1525 5115 1617 5169 καὶ
1644 5114 1753 5168 τῶν

175 5213 552 5283 εὑαηελικῶν
592 5212 981 5283 θεσπισμάτων
1008 5212 1041 5282 ἡ
1070 5209 1146 5273 ὡς
1175 5209 1233 5260 ἐν
1265 5206 1594 5279 Γράμμασιν
1624 5205 1758 5258 ὑπο-

174 5307 444 5371 τύπωσις.
498 5305 819 5377 Εὑρήσομεν
870 5303 982 5374 7&9
1036 5303 1096 5354 ἐν
1155 5300 1267 5361 τοῖς
1312 5295 1505 5360 τύποις
1553 5295 1653 5365 τῆς
1700 5295 1759 5348 ἐν

177 5402 455 5474 πνεύματι
504 5401 758 5473 λατρείας
801 5400 901 5471 τὴν
943 5398 1193 5467 δύναμιν.
1248 5393 1371 5447 Ὀτι
1412 5391 1473 5446 δὲ
1520 5388 1759 5460 Χριστοῦ

178 5494 346 5566 νόμος
377 5490 447 5567 ἦν
475 5496 570 5549 καὶ
594 5494 623 5546 ὁ
649 5492 820 5547 πάλαι
861 5493 970 5554 τοῖς
1000 5485 1375 5561 ἀρχαιοτέροις
1401 5482 1489 5535 διὰ
1519 5480 1762 5543 Μωσέως

286 5628 337 5727 3
356 5627 562 5727 (ἐώθεε.
590 5644 672 5693 ιιι,
700 5620 1215 5727 i5;Ephes..tI,14.
1290 5613 1580 5679 "1030.“
1602 5611 1690 5667 ‘6-

424 5699 522 5727 --.ι
575 5712 645 5727 ..η
711 5697 775 5727 so
917 5693 1060 5727 tm...
1122 5708 1150 5727 υ
1214 5688 1244 5727 ’7
1312 5685 1521 5727 ἸῘρΙιΥ-
1569 5683 1699 5727 ιι,1-

1845 5609 2001 5665 Exod.
2020 5622 2116 5672 ιιιι,
2137 5606 2170 5662 5
2213 5619 2369 5672 seqq.
2445 5605 2488 5637 "
2511 5601 2664 5658 Num.
2690 5614 2805 5662 xix,
2825 5597 2859 5651 2
2883 5608 3033 5662 seqq.

1846 5678 1983 5727 tmn.
2015 5695 2064 5727 τ.
2096 5678 2143 5727 l.
2170 5677 2204 5727 ἓ
2242 5692 2255 5727 :
2287 5674 2481 5727 thes.
2514 5689 2573 5727 ιι.
2608 5671 2691 5725 18.
2771 5678 2789 5699 '
2821 5666 3025 5722 Ειςι-Ιω

744 5671 797 5751 si
818 5671 1269 5754 "i'ifééiil'vlﬁ.
1312 5688 1331 5718 ’
1363 5685 1521 5739 llebr.
1567 5671 1621 5750 'x,
1654 5683 1699 5736 ι.

1845 5678 1983 5742 lout.
2015 5695 2064 5742 ν,
2096 5678 2143 5746 1,
2170 5677 2204 5731 ἓ
2242 5692 2255 5743 ;
2287 5671 2481 5746 Ephes.
2514 5689 2573 5738 ιι,
2608 5671 2691 5725 18.

186 5699 328 5760 ηδ’
378 5699 546 5755 Exod.
575 5712 669 5761 xtl,
711 5699 797 5752 18.

186 5755 277 5828 ιιζ
362 5776 380 5807 ο
415 5768 577 5826 Exod.
610 5755 762 5836 ιιιιιι,
788 5767 841 5833 6,
874 5762 1139 5826 ῖςίυιενὶι.
1173 5773 1323 5823 xxiv,
1357 5755 1448 5813 ετ.

1859 4574 2004 4620 recta
2029 4572 2192 4632 atque
2214 4559 2361 4630 justa
2392 4555 2658 4629 proloqui,
2684 4562 2741 4609 et
2764 4552 2817 4606 in
2851 4560 3173 4618 unaquaque
3203 4557 3262 4597 re
3285 4541 3429 4612 judi-

1857 4656 2001 4711 cium
2024 4663 2229 4709 rectum
2252 4666 2318 4707 ac
2338 4648 2557 4704 minime
2579 4656 2888 4715 perversum
2911 4636 3187 4708 diligere'.
3209 4634 3431 4691 Videtur

1859 4762 2022 4819 porro
2051 4760 2240 4799 rursus
2268 4743 2550 4799 veritatem
2576 4735 2844 4808 appellare
2871 4730 3155 4787 Dominum
3186 4734 3427 4782 nostrum

1858 4814 2042 4895 desum
2075 4836 2385 4901 Christum,
2412 4829 2566 4901 cujus
2599 4830 2766 4898 legem
2803 4826 2857 4880 in
2893 4822 3047 4879 labiis
3082 4818 3271 4874 tulisse
3301 4814 3430 4870 dicit

1860 4930 1951 5002 qui
2002 4930 2168 4983 vitam
2221 4925 2522 4982 sacerdotio
2576 4918 2988 4991 respondentem
3043 4909 3429 4978 transigerent.

1863 5000 1976 5079 Etsi
2007 5022 2181 5087 enim,
2208 5030 2265 5073 ut
2293 5018 2435 5083 dixi,
2461 5016 2545 5072 lex
2576 5016 2628 5069 in
2660 5010 2865 5067 umbris
2891 5016 3039 5072 erat,
3069 5014 3248 5060 tamen
3280 5000 3335 5055 in
3366 5011 3431 5051 ea

1860 5110 2106 5167 veritatis
2136 5110 2306 5162 forma
2325 5148 2340 5173 ,
2365 5122 2458 5161 seu
2494 5106 2704 5173 imago,
2730 5098 3273 5169 evangelicorumque
3302 5100 3428 5143 ors-

1857 5202 2097 5259 cnlorum
2123 5209 2179 5254 ut
2201 5199 2254 5253 in
2278 5198 2475 5255 litteris
2500 5193 2812 5251 informatio
2838 5192 3031 5246 inerat.
3053 5184 3185 5241 Nam
3214 5184 3266 5235 in
3291 5176 3431 5249 typis

1860 5294 2112 5349 virtutem
2143 5290 2321 5346 cultus
2348 5287 2513 5344 divini
2546 5286 2599 5340 in
2632 5284 2826 5356 spiritu
2861 5277 3216 5335 inveniemus.
3242 5269 3432 5326 Fuisse

1859 5397 2036 5442 autem
2082 5383 2284 5440 Christi
2331 5381 2501 5452 legem
2547 5392 2666 5451 quas
2712 5376 2839 5431 olim
2893 5365 3287 5441 antiquioribus
3334 5373 3431 5432 per

1864 5479 2045 5533 Mosen
2093 5474 2352 5530 divinitus
2393 5481 2477 5529 est
2521 5469 2751 5536 tradita,
2787 5465 3036 5522 Salvator
3080 5460 3198 5530 ipse
3245 5460 3431 5511 auctor

3105 5588 3152 5622 "
3170 5585 3331 5641 Hebr.
3350 5602 3425 5647 ιι.

2771 5652 3049 5730 ’Ἐπί-ητα,
3084 5658 3169 5714 ta.
3245 5659 3266 5689 ε
3293 5652 3425 5711 ιιιιιι.
