4070 6524
639 336 739 392 εει

1544 297 1552 304 ’
1655 329 1714 383 s.
1753 325 2026 383 evrum
2065 323 2537 381 ALEXANDRINI
2575 314 2900 381 menter.

3793 322 3914 408 312

639 463 722 509 est
748 469 763 507 :
799 470 819 503 ι
848 449 1024 505 Nolite
1051 454 1260 518 putare,
1284 447 1482 516 inquit,
1501 445 1628 515 quia
1651 446 1774 501 veni
1803 446 2014 501 solvere
2039 445 2198 516 legen

2317 454 2850 525 κεχρησμῳδημένος
2871 494 2886 517 ,
2917 449 3201 506 ἀναπείσει
3229 448 3404 516 λέγων
3432 448 3460 501 δ
3491 446 3712 518 Σωτήρ·
3759 463 3780 496 ι
3815 444 3913 515 Μὴ

639 553 730 598 aut
755 544 1041 611 prophetas
1073 560 1086 594 :
1117 554 1222 596 non
1244 538 1364 593 veni
1393 538 1625 602 solvere,
1651 537 1746 592 sed
1777 538 2022 605 implere.
2047 537 2217 593 Amen

639 633 762 686 dico
783 633 959 696 vobis,
979 631 1147 684 donec
1173 636 1413 682 transeat
1436 627 1632 681 cadum
1657 638 1710 682 et
1735 637 1899 692 terra,
1921 627 2026 690 iota
2053 642 2216 681 unum

639 732 734 776 ant
764 738 901 777 unus
933 736 1066 791 apes
1105 733 1208 774 non
1239 717 1536 788 praeteribit
1575 732 1604 771 a
1643 717 1792 788 lege,
1826 720 1998 773 donec
2034 719 2215 772 omnia

640 812 772 864 tiant
792 811 833 865 ”.
868 831 886 861 ι

709 983 776 1038 In
827 1001 952 1054 pace
1004 985 1236 1054 dirigens
1293 983 1578 1037 ambulavit
1635 998 1868 1046 mecum,
1917 991 1963 1034 et
2024 984 2213 1039 mullos

641 1077 818 1130 evertit
853 1076 916 1129 ab
946 1076 1238 1140 iniquitate.

709 1165 848 1220 XXI.
899 1165 1093 1222 Pacem
1147 1165 1354 1234 agitare
1415 1180 1536 1220 cum
1591 1163 1707 1218 Deo
1752 1164 2010 1232 quidnam
2067 1165 2210 1222 aliud

637 1257 859 1327 intelligi
895 1258 1062 1326 possit
1089 1272 1119 1310 a
1152 1257 1308 1311 nobis
1335 1267 1388 1312 et
1417 1258 1488 1310 ab
1516 1254 1666 1321 aliis,
1694 1255 1737 1310 si
1771 1255 1861 1324 qui
1891 1254 2058 1326 838
2085 1268 2210 1311 sunt

638 1351 940 1406 divinarum
986 1349 1383 1420 Scripturaru-m
1430 1349 1818 1420 intelligentes,
1857 1365 2021 1417 quam
2072 1349 2205 1404 velle

638 1440 877 1509 rogitare
905 1438 1162 1495 etfacere
1185 1453 1303 1507 quae
1331 1439 1422 1495 ille
1448 1439 1577 1506 vult,
1601 1449 1656 1494 et
1685 1440 1825 1494 nulla
1856 1441 1908 1496 in
1942 1455 1999 1495 re
2030 1441 2206 1509 ipsum

635 1531 908 1588 offendere
932 1550 946 1586 :
978 1531 1070 1587 sed
1098 1531 1424 1586 contendere
1451 1532 1631 1600 pelins
1660 1546 1838 1586 mores
1862 1530 2210 1586 commenda—

637 1626 784 1678 tione
841 1633 897 1678 et
947 1622 1120 1691 gloria
1175 1623 1364 1693 dignos
1420 1623 1633 1688 colere,
1691 1625 1969 1692 vitamque
2017 1623 2212 1691 degere

635 1716 1033 1787 suspiciendam
1099 1723 1154 1770 et
1214 1729 1336 1769 cum
1405 1713 1612 1784 legibus
1675 1712 1914 1767 omnium
1979 1712 2211 1768 maxime

2321 544 2577 614 νομίσητε
2602 545 2684 598 ὅτι
2707 541 2870 615 ἦλθον
2898 538 3198 595 καταλῦσαι
3233 539 3324 592 τὸν
3345 539 3509 608 νόμον
3537 539 3574 609 ἢ
3606 538 3736 601 τοῦς
3768 553 3910 606 προ·

2321 636 2522 704 φήτας·
2559 636 2659 689 οὐκ
2684 631 2848 707 ἦλθον
2882 630 3201 696 καταλῦσαι,
3232 631 3367 685 ἀλλὰ
3397 629 3700 701 πληρῶσαι.
3721 627 3913 697 Ἀμὴν

2318 724 2426 796 γὰρ
2455 725 2598 794 λέγω
2628 727 2776 796 ὑμῖν,
2797 725 2900 788 ἕως
2927 724 2994 793 ἂν
3027 722 3327 796 παρέλθῃο
3365 721 3590 792 οὐρανὸς
3618 719 3712 773 καὶ
3739 721 3780 789 ἡ
3808 718 3904 786 γῆ,

2321 816 2452 868 ἰῶτα
2482 815 2540 871 ἓν
2570 817 2602 886 ἢ
2632 817 2728 888 μία
2759 815 2953 886 κεραία
2982 815 3043 868 οὐ
3077 814 3152 885 μὴ
3184 811 3427 884 παρέλθῃ
3452 810 3559 866 ἀπὸ
3581 808 3674 863 τοῦ
3701 808 3904 879 νόμου,

2316 907 2420 970 ἕως
2459 908 2525 961 ἂν
2563 909 2738 962 πάντα
2771 907 3020 979 γένηται.

2400 1000 2497 1052 Ἐν
2537 998 2746 1067 εἰρήνῃ
2793 997 3180 1052 κατευθύνων
3217 995 3508 1064 ἐπορεύθη
3545 994 3672 1062 μετ’
3719 989 3904 1058 ἐμοῦ,

2316 1089 2416 1143 καὶ
2447 1087 2720 1154 πολλοὺς
2753 1086 3139 1156 ἀπέστρεψεν
3171 1085 3291 1141 ἀπὸ
3317 1084 3572 1149 ἀδικίας.

2386 1179 2516 1233 KA'.
2547 1179 2621 1233 Τὸ
2646 1179 2944 1250 εἰρηνεύειν
2975 1179 3115 1250 πρὸς
3137 1178 3270 1231 Θεὸν
3298 1177 3352 1230 τί
3391 1176 3457 1230 ἂν
3489 1176 3677 1247 ἕτερον
3717 1177 3906 1228 νοοῖτο

2317 1269 2454 1340 πρός
2483 1286 2541 1322 τε
2579 1268 2736 1340 ἡμῶν
2763 1268 2942 1323 αὐτῶν
2984 1270 3076 1322 καὶ
3114 1267 3338 1339 ἐτέρων,
3376 1267 3530 1338 οἵπερ
3557 1265 3620 1319 ἂν
3645 1259 3762 1318 εἷεν
3793 1264 3906 1317 τῶν

2317 1359 2472 1413 θείων
2497 1360 2708 1427 Λογίων
2735 1361 3116 1431 ἐπιστήμονες,
3151 1359 3186 1431 ἢ
3214 1359 3274 1413 τὸ
3297 1361 3510 1430 φρονεῖν
3539 1357 3764 1412 ἑλέσθαι
3809 1354 3906 1408 καὶ

2313 1451 2447 1523 δρᾷν
2490 1451 2526 1506 ἃ.
2576 1450 2845 1522 βούλεται,
2891 1452 2986 1504 καὶ
3035 1451 3177 1505 κατὰ
3226 1451 3436 1522 μηδένα
3479 1449 3674 1520 τρόπον
3718 1463 3904 1519 προσ-

2313 1542 2530 1613 κρούειν
2560 1541 2730 1613 αὐτῷ,
2775 1542 3076 1614 κατορθοῦν
3103 1543 3159 1596 δὲ
3195 1542 3397 1614 μᾶλλον
3443 1539 3764 1610 ἐπείγεσθαι
3801 1537 3903 1610 τὴν

2312 1634 2510 1688 εὐκλεᾶ
2528 1633 2820 1697 πολιτείαν,
2842 1635 2935 1687 καὶ
2952 1633 3281 1702 ἀξιάγαστόν
3301 1651 3362 1686 τε
3385 1634 3479 1686 καὶ
3504 1632 3902 1702 ἐπομωτάτην

2312 1724 2494 1794 ζωήν;
2525 1721 2682 1776 Οῦτω
2703 1724 2795 1778 καὶ
2820 1724 2850 1775 ὁ
2879 1722 3019 1787 θεῖος
3041 1726 3171 1794 ἡμῖν
3197 1722 3626 1795 προσπεφώνηκε
3652 1721 3901 1784 Παῦλος

637 1806 1092 1862 consentientem?
1127 1805 1203 1859 lta
1233 1820 1449 1874 quoque
1493 1819 1593 1857 nos
1627 1804 1920 1873 alloquitur
1949 1803 2150 1859 Paulus
2190 1822 2198 1859 :

2316 1833 2333 1867 t
2360 1814 2750 1879 Δικαιωθέντες
2771 1812 2864 1870 οῦν
2893 1818 2960 1870 ἐκ
2981 1817 3479 1886 πίστεως,εἰρήνην
3506 1814 3718 1885 ἔχωμεν
3751 1812 3905 1884 πρὸς

643 1919 662 1947 ι
715 1897 1004 1953 Justilicati
1064 1911 1194 1966 ergo
1247 1910 1315 1950 ex
1373 1895 1516 1962 ﬁde,
1563 1909 1747 1963 pacem
1803 1895 2094 1950 habeamus
2142 1895 2207 1948 ad

637 1990 803 2044 Deum
831 1988 874 2046 ⁸.
925 2007 943 2038 ι
997 1987 1088 2041 Sic
1134 2001 1264 2041 sane
1307 2001 1431 2041 eum
1479 1987 1703 2059 quiest
1744 1995 1937 2042 natura
1983 1996 2039 2042 et
2084 2001 2210 2040 vere

637 2079 896 2136 Dominus
951 2077 1192 2147 agnitum
1247 2078 1600 2133 honorantes.
1653 2079 1806 2146 Quod
1851 2079 1896 2133 si
1946 2087 2209 2134 creatura:

635 2183 849 2237 quoque
899 2169 1109 2224 divinos
1159 2169 1392 2224 honores
1443 2169 1838 2239 impendimus,
1884 2171 2096 2240 impuro
2153 2179 2210 2226 et

633 2258 929 2313 detestabili
955 2269 1178 2327 peccato
1205 2259 1622 2330 cogitationibus
1645 2263 1846 2317 nostris
1869 2261 2204 2326 dominante,

631 2349 864 2404 Domino
899 2349 1240 2414 resistimus,
1270 2358 1326 2404 et
1357 2351 1504 2405 velut
1532 2353 1702 2407 aciem
1738 2353 1997 2408 adversus
2031 2354 2204 2422 ipsum

632 2441 697 2494 ad
719 2455 963 2511 pug-nam.
989 2441 1332 2507 instruimus,
1357 2442 1546 2498 duram
1583 2445 1850 2500 cervicem
1884 2455 2074 2500 contra
2101 2458 2198 2514 ex-

631 2532 932 2595 tendentes,
946 2540 1001 2586 et
1017 2532 1372 2601 pertinaciam
1392 2533 1847 2604 rebellio-nemque
1864 2544 2200 2592 exercentes.

629 2625 772 2678 idem
818 2625 1105 2678 conﬁrmat
1145 2623 1447 2679 Salvatoris
1485 2625 1781 2695 discipulus
1829 2626 1916 2680 his
1957 2627 2134 2681 verbis
2184 2643 2198 2679 :

633 2735 654 2767 ε
697 2713 930 2770 Nescitis
969 2717 1099 2784 quia
1139 2717 1378 2770 amicitia
1427 2717 1584 2786 hujus
1627 2719 1815 2772 mundi
1857 2718 2074 2774 inimica
2118 2727 2204 2773 est

632 2808 773 2862 Deo?
797 2807 863 2862 Et
887 2808 978 2877 qui
1010 2807 1124 2862 vult
1145 2808 1353 2862 amicus
1381 2823 1504 2864 esse
1531 2808 1690 2878 hujus
1717 2810 1928 2876 saeculi,
1951 2809 2202 2865 inimicus

632 2896 724 2952 Dei
756 2895 1099 2951 constituitur
1118 2899 1160 2948 ⁸.
1195 2919 1214 2949 ο
1248 2896 1402 2965 Quod
1431 2898 1474 2954 si
1503 2899 1569 2953 ad
1604 2900 1978 2955 universorum
2019 2901 2202 2955 Domi-

633 3001 757 3042 num
783 2999 876 3056 per
905 2986 1061 3042 ﬁdem
1089 2996 1142 3040 et
1169 2988 1374 3057 peccati
1404 2987 1725 3057 ejectionem
1757 3007 1854 3046 nos
1880 2994 2205 3048 converteri-

629 3089 770 3138 mus,
796 3075 935 3128 nihil.
958 3090 1017 3130 se
1037 3074 1276 3142 objiciet,
1301 3092 1403 3131 nec
1423 3078 1716 3148 quidquam
1748 3094 1845 3134 nos
1869 3082 1990 3150 ejus
2013 3080 2200 3135 amici-

2309 1908 2463 1961 Θεόν·
2493 1907 2637 1962 οῦτω
2699 1910 2796 1979 μὲν
2849 1909 2943 1964 τὸν
2986 1908 3146 1979 φύσει
3201 1910 3293 1962 καὶ
3343 1908 3559 1979 ἀληθῶς
3604 1907 3902 1978 Δεσπότην

2309 1999 2509 2062 εἰδότες
2541 1999 2812 2070 τιμῶμεν.
2851 2001 3210 2064 Ἀνάπτοντες
3257 2001 3314 2054 δὲ
3361 2001 3454 2054 καὶ
3489 2002 3555 2070 τῇ
3599 1999 3788 2052 κτίσει
3843 1998 3905 2052 τὸ

2311 2088 2495 2153 σέϐας,
2541 2090 2633 2142 καὶ
2680 2090 3130 2160 κατακρατούσης
3172 2090 3281 2143 τῶν
3332 2089 3613 2161 ἡμετέρων
3663 2088 3903 2143 ἐννοιῶν

2307 2181 2410 2250 τῆς
2436 2180 2665 2250 βεϐήλου
2686 2198 2746 2234 τε
2764 2183 2857 2234 καί
2875 2181 3137 2252 βδελυρᾶς
3155 2181 3451 2253 ἁμαρτίας,
3468 2179 3901 2252 ἀνθεστήκαμεν

2306 2271 2385 2341 τῷ
2429 2273 2677 2345 Δεσπότῃ
2701 2311 2716 2336 ,
2751 2273 2847 2326 καὶ
2885 2267 2998 2327 οἷον
3049 2273 3493 2344 ἀντανιστάμεθα
3533 2275 3670 2345 πρὸς
3702 2274 3902 2344 μάχην

2306 2363 2454 2431 αύτῷ
2471 2401 2486 2426 ,
2517 2363 2749 2434 σκληρὸν
2777 2365 3026 2436 αἴροντες
3051 2365 3140 2418 τὸν
3169 2365 3372 2436 αὐχένα
3391 2406 3406 2431 ,
3446 2367 3542 2419 καὶ
3571 2365 3628 2418 τὸ
3655 2365 3897 2428 ἀπειθὲς

2306 2456 2400 2507 καὶ
2425 2455 2674 2526 δυσήνιον
2704 2455 3036 2526 μελετῶντες
3059 2456 3161 2511 ἐτι.
3193 2457 3304 2510 Καὶ
3335 2457 3664 2514 πιστώσεται
3705 2457 3896 2524 λέγων

2303 2545 2397 2598 τοῦ
2440 2545 2692 2617 Σωτῆρος
2736 2547 2766 2599 ὀ
2813 2547 3095 2618 μαθητής·
3127 2567 3146 2600 ι
3179 2548 3291 2601 Ούκ
3328 2548 3502 2602 οἴδατε
3536 2550 3616 2601 ὅτι
3646 2550 3680 2618 ἡ
3720 2547 3888 2616 φιλία

2304 2636 2396 2690 τοῦ
2431 2637 2636 2706 κόσμου
2668 2637 2837 2709 ἐχθρὰ
2880 2639 2975 2692 τοῦ
3008 2639 3144 2692 Θεοῦ
3178 2641 3361 2706 ἐστιν;
3393 2639 3490 2692 καὶ
3529 2637 3721 2702 δς.ἐὰν
3765 2637 3894 2708 βου·

2305 2727 2438 2798 ληθῇ
2472 2727 2626 2797 φίλος
2661 2725 2802 2782 εἶναι
2846 2728 2942 2783 τοῦ
2977 2730 3204 2802 κόσμου,
3247 2730 3438 2801 ἐχθρὸς
3468 2729 3561 2783 τοῦ
3589 2728 3724 2783 Θεοῦ
3747 2729 3898 2782 καθα

2308 2817 2542 2876 ίσταται.
2585 2837 2605 2872 s
2657 2820 3116 2891 Ἐπιστρέψαντες
3159 2820 3216 2874 δέ
3261 2821 3398 2893 πρὸς
3444 2821 3536 2874 τὸν
3579 2820 3688 2874 τῶν
3739 2819 3894 2874 ὅλων

2303 2906 2432 2961 Θεὸν
2463 2908 2551 2962 διὰ
2572 2909 2670 2980 τῆς
2689 2910 2944 2976 πίστεως,
2963 2911 3056 2966 καὶ
3083 2911 3180 2982 τῆς
3208 2912 3484 2983 ἁμαρτίας
3506 2911 3891 2985 ἀνῃρημένης,

2301 2999 2363 3057 τὸ
2392 2999 2726 3069 μεσολαὸοῦν
2756 3002 2932 3067 οὐδὲν,
2960 3002 3069 3056 οὐδ’
3097 3001 3163 3057 ἂν
3201 3003 3477 3074 ἀπείρξειέ
3509 3021 3593 3067 τις
3622 3004 3721 3073 τῆς
3743 3003 3893 3074 πρὸς

2303 3089 2464 3143 αὑτὸν
2521 3093 2892 3164 οἰκειότητοςο
2949 3094 3272 3167 κολλώμεθα
3315 3096 3508 3167 ὥσπερ
3571 3097 3722 3168 αὐτῷ
3753 3154 3764 3159 _
3797 3098 3891 3150 διὰ

631 3163 702 3218 tia
735 3162 1071 3234 prohibebit,
1097 3165 1184 3220 cui
1219 3165 1678 3236 agglutinabimur
1707 3169 2108 3238 quodammodo
2143 3169 2197 3225 in

2304 3183 2484 3252 πάσης
2531 3161 2864 3250 ἐπιεικείας,
2903 3161 3236 3260 βαδιούμεθά
3268 3206 3326 3242 τε
3364 3190 3430 3243 δι’
3469 3161 3706 3254 εὐθείας-
3731 3190 3888 3253 ὁδοῦ,

627 3255 774 3308 omni
819 3269 1016 3326 genere
1054 3257 1342 3322 bonitatis,
1372 3267 1429 3312 et
1465 3269 1615 3314 recta
1653 3261 1737 3316 via
1781 3261 2110 3332 gradiemur,
2143 3272 2198 3316 et

625 3358 724 3412 per
759 3345 1059 3416 speciosam
1097 3347 1348 3402 semitam
1389 3349 1816 3415 ambulabimus,
1848 3369 1944 3408 nos
1976 3354 2117 3422 ipsos
2147 3363 2201 3408 et

628 3437 765 3494 alios
813 3439 880 3494 ad
925 3454 1044 3493 eam
1085 3440 1400 3510 dirigentes.
1433 3439 1492 3496 1n
1535 3443 1619 3498 his
1655 3453 1833 3499 autem
1873 3446 2200 3510 contendere

627 3529 877 3599 occupari
905 3545 1014 3599 pra:
1040 3529 1160 3585 aliis
1186 3540 1406 3586 sanctos
1431 3535 1742 3589 sacerdotes
1773 3536 1956 3600 decet,
1983 3535 2052 3590 de
2080 3535 2198 3604 qui-

627 3621 728 3675 bus
755 3621 1038 3676 verissime
1062 3622 1164 3678 dici
1192 3633 1354 3692 queat
1385 3643 1399 3678 :
1436 3643 1456 3676 ι
1490 3623 1543 3678 ln
1577 3640 1710 3692 pace
1736 3626 1974 3695 dirigens
2007 3627 2198 3680 ambu<

628 3712 761 3765 lavit
801 3726 1043 3778 mecum,
1073 3721 1130 3767 et
1174 3716 1368 3770 multos
1414 3715 1679 3770 convertit
1723 3717 1791 3770 ab
1833 3716 2132 3786 iniquitate.
2171 3738 2192 3770 ι

623 3800 840 3880 Subditi
899 3803 1046 3855 enim
1115 3802 1427 3872 plerumque
1493 3806 1906 3876 praepositorum
1974 3821 2195 3862 suorum

621 3893 797 3948 honos
825 3907 1002 3948 mores
1035 3909 1130 3964 per
1162 3897 1350 3952 eadem
1379 3898 1602 3966 vestigia
1639 3908 1943 3966 sequuntur
1974 3917 1988 3954 :
2021 3909 2075 3955 et
2101 3899 2193 3969 qui

623 3986 886 4039 incedunt
919 3986 1126 4042 directa
1156 3990 1242 4042 via
1277 3990 1491 4044 salvant
1524 3990 1754 4056 multos,
1782 4004 1883 4045 nec
1914 3991 2197 4046 dillieulter

620 4091 685 4132 eo
717 4089 1052 4146 permovent,
1081 4089 1137 4133 ut
1162 4081 1266 4134 vita
1297 4081 1571 4151 petulante
1599 4092 1652 4137 et
1676 4081 1996 4138 exsecrabili
2029 4085 2194 4138 mori-

619 4169 826 4238 bneque
869 4170 1128 4239 improbis
1170 4173 1414 4228 nuntium
1460 4174 1832 4240 remittentes,
1872 4175 2094 4232 meliora
2140 4185 2195 4231 et

621 4262 957 4330 suspicienda
1008 4279 1238 4334 ququ
1287 4266 1426 4334 apud
1477 4266 1643 4321 Deum
1689 4275 1744 4323 et
1787 4267 2030 4324 homines
2076 4265 2194 4322 laus

620 4352 930 4418 comitetur,
955 4355 1262 4410 consectari
1291 4355 1498 4410 malint.

588 4443 598 4467 ⁵
690 4442 853 4498 Vens.
880 4446 931 4499 7.
958 4445 1215 4510 Quoniam
1241 4447 1382 4500 labia
1410 4447 1694 4503 sacerdotis
1717 4451 2006 4504 custodiant
2029 4451 2192 4506 scien-

2298 3276 2394 3328 xatl.
2417 3277 2514 3345 τὴν
2543 3277 2714 3348 καλὴν
2743 3279 2962 3347 ἀληθῶς
2990 3281 3376 3352 πορευσόμεθα
3395 3281 3606 3352 τρίϐον,
3641 3281 3891 3336 ἀπευθύ·

2298 3383 2480 3430 νοντες
2501 3371 2582 3433 εἰς
2603 3371 2803 3441 ἑαυτὴν
2835 3353 3062 3437 ἑαυτοὺς
3100 3375 3193 3428 καὶ
3215 3375 3456 3445 ἐτέρους.
3479 3374 3690 3446 Πρέποι
3730 3374 3778 3427 δ’
3819 3375 3889 3427 ἂν

2299 3457 2536 3527 μάλιστα
2585 3460 2648 3513 τὸ
2699 3461 2755 3517 ἐν
2802 3480 2866 3531 γε
2913 3464 3124 3529 τούτοις
3162 3462 3299 3519 εἶναι
3335 3465 3518 3537 ζητεῖν
3555 3468 3667 3530 τοῖς
3711 3467 3887 3531 ὁσίοις

2299 3547 2630 3618 ἰερουργοῖς,
2671 3555 2800 3624 περί⁵
2829 3547 2904 3607 ὧν
2935 3555 3002 3608 ἂν
3028 3554 3259 3624 λέγοιτο,
3311 3557 3409 3610 καὶ
3439 3556 3584 3628 μάλα
3612 3558 3846 3620 εἰκότως
3865 3573 3883 3589 ·

2301 3657 2320 3690 ‹
2359 3640 2446 3693 Ἐν
2492 3642 2683 3714 εἰρήνῃ
2729 3645 3078 3700 κατευθύνων
3106 3648 3378 3720 ἐπορεύθη
3429 3651 3547 3720 μετ’
3587 3647 3746 3719 ἐμοῦ,
3781 3649 3886 3703 καὶ

2296 3729 2526 3794 πολλοὺς
2564 3733 2904 3804 ἐπέστρεψεν
2950 3737 3058 3791 ἀπὸ
3113 3738 3344 3802 ἀδικίας.
3383 3757 3402 3790 ι
3444 3738 3741 3811 ’ἰχνηλατεῖ
3767 3739 3882 3809 γάρ

2296 3836 2414 3883 πως
2438 3821 2499 3874 τὸ
2525 3823 2764 3894 ὑπήκοον
2802 3825 2900 3888 τὰς
2933 3826 3043 3880 τῶν
3073 3829 3394 3898 ἡγουμένων
3417 3827 3741 3894 ἐπιεικείας,
3777 3828 3883 3882 καὶ

2294 3910 2452 3982 οἵπερ
2483 3910 2550 3965 ἂν
2579 3911 2823 3983 ἔρχοιντο
2846 3914 2914 3968 δι’
2937 3916 3154 3981 εὐθείας
3182 3917 3327 3982 ὁδοῦ,
3361 3916 3593 3983 σώζουσι
3623 3917 3878 3983 πολλοὺς,

2293 4002 2647 4058 ἀναπείθουσι
2697 4022 2754 4058 τε
2813 4006 3009 4078 ῥᾳδίως
3049 4008 3148 4081 τὴν
3202 4010 3405 4081 ἀσελγῆ
3456 4010 3552 4064 καὶ
3599 4010 3879 4080 ἐπάρατον

2293 4093 2531 4162 ἀφέντας
2571 4095 2715 4166 ζωὴν
2745 4097 2840 4150 καὶ
2867 4099 2996 4162 τοὺς
3022 4100 3122 4171 τῆς
3149 4099 3362 4162 ἀδικίας
3390 4099 3649 4171 τρόπους,
3665 4101 3880 4157 ἀνθελέ-

2295 4182 2418 4236 σθαί
2446 4201 2506 4237 τε
2537 4185 2634 4239 καὶ
2666 4188 2888 4259 ἀγαπᾷν
2914 4188 2984 4242 τὰ
3029 4190 3240 4260 ἀμείνω
3277 4191 3371 4244 καὶ
3415 4190 3741 4260 ἀξιάγαστα,
3770 4191 3876 4246 καὶ

2291 4269 2372 4337 οἷς
2402 4273 2467 4326 ἂν
2496 4273 2680 4329 ἕποιτο
2712 4276 2772 4330 τὸ
2799 4279 3142 4335 ἐπαινεῖσθαι
3184 4281 3297 4334 δεῖν
3335 4281 3490 4352 παρά
3518 4298 3575 4334 τε
3605 4281 3744 4353 Θεῷ,
3776 4285 3874 4337 καὶ

2292 4368 2620 4440 ἀνθρώποις.

2366 4460 2496 4512 Ὀτι
2529 4461 2702 4530 χείλη
2744 4462 2946 4532 ἱερέως
2979 4466 3314 4534 φυλάξεται
3353 4467 3601 4538 γνῶσιν,
3641 4469 3742 4524 καί
3769 4471 3874 4523 rd-

619 4537 781 4598 tiam,
807 4546 856 4589 et
898 4536 1056 4603 legem
1100 4539 1357 4606 requirent
1399 4554 1465 4592 ex
1502 4555 1592 4594 ore
1629 4540 1775 4610 ejus,
1799 4541 1928 4610 quia
1974 4541 2190 4609 angelus

2301 4567 2409 4618 μον
2439 4522 2840 4622 ὲκξῆτήοίουονι
2873 4522 2941 4611 ἐκ
2966 4522 3274 4628 ἀτόματος
3295 4522 3503 4624 αύτοῦ,
3528 4522 3675 4614 dum
3697 4522 3874 4631 ἀπε·

615 4623 830 4677 Domiui
855 4627 1215 4694 omnipotentis
1239 4635 1336 4681 est.

684 4712 852 4769 XXII.
888 4714 1131 4781 Quonam
1180 4719 1338 4773 modo
1386 4719 1584 4777 multos
1635 4722 1992 4786 converterit,
2025 4730 2190 4790 atque

615 4801 972 4858 ambulaverit
1013 4805 1256 4876 dirigens
1304 4808 1360 4862 in
1411 4823 1544 4877 pace
1587 4825 1708 4863 cum
1755 4809 1898 4876 Deo,
1936 4813 2186 4880 exponit,

615 4894 797 4961 aitque
819 4910 940 4950 eum
967 4907 1210 4965 gestasse
1238 4898 1290 4953 in
1324 4900 1483 4955 labiis
1511 4900 1624 4954 sive
1653 4899 1705 4954 in
1734 4901 1911 4972 lingua
1942 4904 2186 4960 omnium

613 4986 681 5039 ad
713 4986 847 5042 bene
871 4987 1154 5044 vivendum
1182 4992 1564 5060 requisitorum
1599 4992 1845 5048 notitiam
1864 5034 1879 5058 ,
1910 4993 2186 5066 fuisseque

613 5073 973 5130 institutorem
1004 5078 1369 5147 insipientium
1388 5120 1404 5143 ,
1429 5091 1483 5134 et
1510 5081 1827 5152 magistrum
1857 5083 2138 5138 infantium
2163 5123 2178 5149 ,

611 5175 666 5218 et
697 5165 1004 5221 volentibus
1041 5167 1172 5237 legis
1197 5169 1334 5225 scita
1357 5171 1589 5235 discere,
1623 5186 1809 5230 verum
1843 5183 1898 5226 et
1931 5174 2000 5228 ab
2033 5178 2178 5231 omni

609 5271 796 5311 errore
833 5259 1256 5316 remotissimum
1295 5273 1715 5333 praeceptorem,
1745 5280 1850 5321 non
1893 5266 2002 5323 alio
2042 5270 2180 5324 divi-

611 5361 820 5401 norum
849 5349 1192 5406 oraculorum
1245 5367 1464 5410 sensum
1517 5355 1961 5426 detorquentem,
2005 5374 2180 5429 neque

612 5439 891 5495 docentem
927 5460 946 5493 ι
986 5443 1292 5511 doctrinas,
1324 5448 1578 5502 mandata
1615 5447 1890 5503 hominum
1918 5451 1999 5504 ¹⁰τ
2039 5471 2056 5507 ι
2085 5455 2180 5508 sed

617 5538 872 5601 tanquam
901 5535 1150 5604 angelum
1182 5535 1272 5591 Dei
1291 5578 1304 5599 ,
1333 5535 1587 5607 subjectis
1619 5539 1718 5595 sibi
1753 5542 1961 5612 populis
1987 5544 2179 5600 obscu-

715 5709 732 5739 ⁷
761 5707 952 5766 Matth.
980 5725 1035 5779 V,
1069 5711 1153 5781 l7,
1194 5712 1280 5770 18.

1389 5715 1410 5747 ⁸
1435 5715 1589 5774 Rom.
1618 5734 1668 5789 ν,
1696 5719 1741 5773 l.
1854 5723 1871 5751 θ
1897 5719 2012 5776 Jac.
2036 5735 2104 5788 IV,
2139 5721 2191 5777 4.

2291 4644 2401 4707 λος
2433 4645 2655 4712 Κυρίου
2689 4647 3176 4718 παντοκράτορος
3204 4652 3355 4705 ἐστι.

2362 4733 2488 4788 KB'.
2545 4735 2679 4788 Τίνα
2731 4737 2795 4808 δὴ
2854 4739 3056 4810 τρόπον
3107 4742 3310 4806 πολλὰς
3360 4741 3457 4813 μὲν
3500 4743 3865 4816 ἀπέστρεψεν,

2291 4827 2773 4897 παραπεπόρευται
2807 4828 2862 4882 δὲ
2907 4831 3252 4886 κατευθύνων
3279 4835 3500 4905 εἰρήνην
3532 4836 3673 4889 κατά
3704 4834 3865 4901 Θεοῦ,

2286 4913 2598 4985 διατρανοί,
2650 4917 2859 4986 λέγων,
2907 4921 2984 4985 ὡς
3029 4923 3312 4994 πεφόρηκε
3359 4924 3458 4994 μὲν
3498 4927 3558 4977 ἐν
3608 4927 3863 4996 χείλεσιν,

2290 5004 2455 5074 ἤγουν
2478 5007 2572 5058 ἐπὶ
2597 5008 2864 5079 γλώττης,
2884 5013 3086 5077 παντὸς
3107 5013 3202 5067 τοῦ
3233 5015 3370 5085 πρὸς
3398 5015 3542 5086 ζωὴν
3566 5015 3863 5083 ἀναγκαίου

2288 5094 2387 5163 τὴν
2418 5095 2637 5162 γνῶσιν,
2669 5099 2860 5168 γέγονε
2889 5101 2945 5154 δὲ
2976 5104 3270 5174 παιδευτὴς
3310 5105 3580 5176 ἀφρόνων,
3611 5106 3865 5160 διδάσκα-

2287 5183 2377 5249 λός
2413 5203 2471 5239 τε
2502 5190 2731 5260 νηπίων,
2778 5193 2871 5246 καὶ
2911 5197 3025 5260 τοῖς
3055 5197 3300 5251 ἐθέλουσι
3349 5197 3653 5268 ἀναμαθεῖν
3687 5198 3748 5251 τὸ
3776 5196 3863 5268 τῷ

2283 5278 2433 5350 νόμῳ
2457 5279 2649 5334 δοκοῦν
2679 5282 2890 5354 ἀληθής
2917 5302 2975 5338 τε
2999 5287 3095 5340 καὶ
3131 5288 3538 5352 ἀπλανέστατος
3565 5288 3856 5360 ἐξηγητὴς.

2283 5370 2380 5441 οὐχ
2426 5373 2660 5441 ἑτέρωσέ
2695 5392 2785 5428 ποι
2830 5378 3188 5450 μετατρέπων
3216 5380 3325 5434 τῶν
3354 5380 3514 5436 θεῖων
3543 5381 3737 5450 λογίων
3761 5379 3856 5433 τόν

2284 5461 2427 5526 νοῦν,
2457 5461 2578 5516 οὔτε
2627 5464 2732 5535 μὴν
2773 5465 3044 5522 διδάσκων
3089 5488 3105 5521 ι
3136 5469 3520 5536 διδασκαλίας,
3551 5471 3855 5541 ἐντάλματα

2283 5553 2612 5623 ἀνθρώπωνι
2650 5575 2667 5605 ι
2704 5557 2841 5624 ἀλλ’,
2871 5555 2984 5613 οἷον
3016 5561 3246 5630 ἄγγελος
3278 5563 3437 5633 Θεοῦ,
3465 5563 3858 5620 διαλευκαίνων

2305 5724 2346 5759 ι’
2376 5725 2478 5781 lsa.
2514 5743 2663 5797 χχιχ,
2692 5730 2752 5785 15
2785 5749 2797 5800 ;
2841 5731 3026 5790 Matth.
3054 5751 3141 5804 xv,
3176 5737 3228 5792 9.
