4070 6490
203 339 310 396 515
1048 335 1602 392 COMMENTARIUS
1636 335 1700 388 IN
1743 337 2148 394 MALACIIIAM
2179 324 2629 396 PIIOI’IIETAM.
2983 345 2991 352 ’
3339 339 3444 397 3M

200 450 264 514 εὖ
295 450 430 524 μάλα
463 450 573 513 τοῖς
616 448 719 502 ὑπὸ
764 451 922 520 χεῖρα
963 449 1111 514 λαοῖς
1142 452 1202 505 τὸ
1241 451 1496 524 ἀμυδρῶς
1530 452 1639 504 ἔσθ’
1670 455 1760 506 ὃτε

1887 454 2005 507 'iora
2039 455 2304 508 interdum
2337 457 2640 510 divinarum
2669 454 2838 526 839
2873 452 3272 520 Scripturarutn
3301 455 3444 508 dilo-

198 539 706 617 χρησμῳδούμενον.
767 540 1121 610 ’Δπαγγέλλει
1176 542 1282 616 γὰρ
1337 543 1399 595 οὐ
1455 543 1515 596 τὸ
1566 545 1763 596 οἰκεῖον

1887 545 2156 600 :idantem.
2183 545 2297 600 Non
2332 548 2473 601 enim
2510 561 2663 601 suam
2699 545 3032 599 voluntatem
3067 544 3315 606 nttntiat,
3345 559 3442 598 nec

201 634 429 705 θέλημα,
455 631 578 686 οὔτε
610 631 715 702 μὴν
739 633 863 695 τοὺς
889 632 998 685 ἀπὸ
1027 631 1280 700 γνώσεως
1322 634 1456 696 ἰδίας
1482 635 1764 704 ἐρεύγεται

1887 651 1976 690 sua:
2007 638 2328 707 cognitionis
2361 653 2424 692 ac
2456 637 2695 692 scientia:
2729 649 3010 690 sermones
3044 640 3255 687 eructat
3292 651 3307 688 :
3345 633 3438 687 sed

200 725 407 794 λόγους,
439 724 702 793 ὑπηρετεῖ
721 722 777 775 δὲ
808 722 1006 793 μᾶλλον
1027 725 1374 788 Δεσποτικοῖς
1409 723 1760 794 θεσπίσμασι.

1887 727 2044 782 totius
2088 728 2377 784 Dominicis
2415 728 2648 783 oraculis
2692 727 2934 782 inservit.
2981 723 3220 779 Dixerim
3278 737 3440 792 porro

198 814 366 882 Φαίην
403 811 449 864 δ’
477 812 562 873 ἂν,
599 812 680 864 ὅτι
712 811 806 864 καὶ
834 810 1029 880 ἀληθὲς
1054 814 1112 864 ὲν
1145 812 1354 876 τούτοις
1388 811 1448 864 τὸ
1475 812 1764 882 εἰρημένον

1887 818 2029 872 :tiam
2057 817 2109 872 in
2141 819 2224 873 his
2245 834 2428 873 verum
2471 817 2692 887 reperiri
2716 817 2858 886 quod
2889 816 2939 869 in
2970 814 3108 869 libro
3132 813 3444 869 Proverbia-

201 909 256 966 ὲν
291 903 456 975 βίϐλῳ
498 901 814 972 Παροιμιῶν
835 919 848 932 ο
885 922 903 953 ι
936 902 1216 973 Θησαυρδς
1269 901 1602 972 ὲπιθυμητδς
1636 904 1764 956 ἀνα-

1887 922 1982 960 ὐιιι
2011 916 2189 962 exstat
2213 925 2228 961 :
2258 925 2277 958 ι
2308 907 2617 962 Thesaurus
2643 904 3019 960 desiderabilis
3046 901 3357 970 requiescet
3385 901 3438 954 in

199 998 462 1052 παύσεται
509 997 598 1050 ἐπὶ
643 997 907 1066 στόματος
953 995 1146 1064 σοφοῦ,
1195 997 1427 1065 ἄφρονες
1476 996 1532 1048 δὲ
1574 995 1766 1066 ἄνδρες

1887 1012 1960 1052 »τε
1985 998 2263 1067 sapientis:
2288 996 2435 1051 slulti
2459 1004 2636 1048 autem
2659 995 2758 1048 viri
2784 992 3115 1048 devorabunt
3135 990 3282 1044 illum
3305 989 3344 1022 “
3361 1029 3376 1044 .
3415 1007 3435 1042 ι

199 1077 550 1144 καταπίονται
598 1088 779 1141 αὐτόν.
818 1106 835 1138 ι
890 1087 1031 1157 Πρὸς
1080 1086 1302 1140 ἐπαίνου
1352 1086 1395 1138 δ’
1443 1085 1509 1138 ἂν
1557 1086 1766 1153 γένοιτο

1887 1091 2001 1144 tiam
2042 1090 2168 1144 illud
2211 1090 2275 1144 ad
2323 1088 2532 1144 Iaudem
2574 1086 2666 1140 Dei
2716 1085 2932 1140 nomine
2975 1082 3253 1152 quidpiam
3303 1095 3441 1135 nun-

197 1182 305 1243 τοῖς
340 1178 743 1248 ἀπαγγέλλουσί
773 1196 822 1230 τι
864 1178 1012 1248 παρά
1043 1177 1199 1242 Θεοῦ,
1235 1177 1294 1230 τὸ
1327 1177 1491 1248 μηδὲν
1520 1173 1600 1241 οἷς
1627 1179 1766 1248 ἀκη-

1887 1183 2109 1236 ηἰεηιίυιη
2143 1183 2401 1250 pertinet,
2427 1179 2568 1248 quod
2603 1176 2738 1232 nihil
2768 1175 2966 1230 auditis
2999 1180 3310 1242 apponunt,
3339 1184 3441 1228 nec

197 1271 352 1344 κόασι
390 1270 736 1340 προστιθέναι
767 1269 946 1322 πλεῖον
966 1309 980 1330 ,
1017 1271 1152 1339 μήτε
1195 1268 1298 1340 μὴν
1331 1268 1616 1338 ὑφαίρεσιν
1644 1285 1764 1321 τινα

1887 1273 2066 1342 diquid
2099 1273 2419 1328 subtrahere
2447 1271 2680 1336 audent,
2706 1269 2850 1340 quod
2886 1266 3098 1324 scilicet
3131 1263 3186 1320 id
3215 1264 3443 1318 omnino

198 1361 464 1414 ποιεῖσθαι
484 1360 706 1430 τολμᾷν,
726 1359 880 1413 τοῦτό
903 1377 984 1412 τοι
1021 1360 1216 1432 μικροῦ
1242 1360 1519 1423 παντελῶς
1551 1359 1766 1424 ἀξιοῦν-

1887 1367 2015 1421 )ιιιννὶ
2047 1366 2334 1421 aestiment.
2363 1363 2754 1418 Pharisaeorum
2798 1361 2958 1429 impia
2990 1359 3146 1414 turba
3178 1372 3244 1411 eo
3275 1357 3438 1424 impe-

196 1467 282 1513 τες
311 1449 492 1518 λόγου.
545 1448 628 1502 Τά
657 1449 765 1502 τῶν
801 1450 1109 1520 Φαρισαίων
1153 1451 1342 1504 ἀνόσια
1389 1452 1553 1520 στίφη
1595 1451 1763 1522 λήρου

1887 1458 2006 1511 'itia:
2035 1457 2281 1520 devenit,
2310 1466 2368 1509 ut
2396 1455 2612 1510 doceret
2640 1454 2946 1516 doctrinas,
2975 1449 3228 1504 mandata
3270 1445 3445 1501 homi-

197 1543 274 1604 εἰς
317 1541 476 1594 τοῦτο
524 1541 856 1595 κατώλισθον
898 1541 1126 1611 ἀμαθῶς
1151 1582 1166 1606 ,
1225 1543 1302 1606 ὡς
1343 1542 1616 1596 διδάσκειν
1668 1542 1765 1611 μὲν

1887 1563 2022 1612 tum,
2054 1555 2107 1599 et
2146 1555 2364 1614 propter
2405 1559 2557 1597 suam
2602 1543 2942 1596 traditionem
2987 1538 3080 1596 Dei
3127 1535 3442 1591 mandatum

195 1631 556 1695 διδασκαλίας,
585 1633 892 1702 ἐντάλματα
909 1631 1226 1702 ἀνθρώπων,
1254 1633 1347 1686 καὶ
1367 1632 1452 1685 διὰ
1485 1633 1541 1686 δέ
1573 1649 1636 1701 γε
1667 1632 1765 1703 τὴν

1890 1638 2075 1690 I‘ritutn
2108 1636 2390 1692 faceret".
2417 1637 2470 1690 In
2501 1637 2601 1690 hoc
2630 1635 2774 1688 enim
2806 1633 3010 1689 crimen
3043 1629 3294 1688 Christus
3319 1625 3444 1682 illos

199 1723 345 1791 σφῶν
370 1724 667 1794 παράδοσιν
693 1724 790 1788 τάς
821 1725 970 1788 Θείας
997 1724 1234 1794 ἀκυροῦν
1267 1725 1505 1788 ὲντολάς.
1527 1726 1766 1780 Τοιαῦτα

1887 1729 2095 1783 vocavit.
2129 1727 2267 1782 Tuta
2311 1737 2396 1782 est
2437 1728 2597 1794 igitur
2634 1725 2750 1786 lex,
2778 1739 2898 1792 qua:
2938 1721 3174 1792 quodam
3213 1719 3334 1775 loco
3378 1718 3446 1772 de

195 1815 298 1884 γὰρ
326 1815 551 1882 γέγονεν
571 1816 654 1867 ἐπ’
687 1816 870 1878 αὐτοῖς
897 1816 1046 1886 παρὰ
1067 1815 1303 1887 Χριστοῦ
1326 1815 1390 1868 τὰ
1419 1817 1759 1886 ἐγκλήματα.

1887 1818 2068 1872 livinis
2092 1817 2320 1871 oraculis
2349 1816 2548 1880 sanxit,
2573 1829 2675 1868 non
2703 1813 3029 1876 addendum,
3055 1824 3154 1864 nec
3177 1807 3402 1862 auferen
3420 1833 3439 1848 ν

207 1905 478 1976 ’Δσφαλὴς
501 1901 594 1958 οὖν
620 1908 648 1958 ὁ
671 1907 832 1975 νόμος
852 1923 864 1936 ·
899 1906 1004 1976 ἔφη
1032 1908 1138 1978 γάρ
1172 1924 1274 1960 που
1309 1909 1436 1978 περὶ
1465 1907 1572 1960 τῶν
1604 1906 1762 1960 θείων

1889 1910 2062 1963 inm“.
2087 1909 2401 1963 Custodient
2419 1908 2580 1978 igitur
2601 1905 2739 1959 labia
2754 1899 3346 1959 sacerdotisseientiam
3377 1897 3441 1929 ⁸³·

195 1997 410 2064 λογίων,
459 1998 519 2050 τὸ
567 1998 653 2050 ἐπ’
699 1997 878 2052 αὐτῶν
920 1999 1107 2052 οὐκέτι
1156 1999 1491 2070 προσθεῖναι,
1537 1999 1632 2052 καὶ
1670 2001 1766 2051 ἀπ’

1887 2002 2016 2070 egis,
2035 2016 2195 2068 qnam
2218 2000 2540 2054 annuntians
2562 1997 2697 2052 nihil
2712 1996 2884 2052 addit.
2905 1994 3110 2048 Idcirco
3131 1999 3186 2044 et
3206 1987 3435 2059 angelus

195 2088 371 2141 αὐτῶν
415 2089 514 2141 οὐκ
556 2088 702 2142 ἔστιν
740 2089 976 2158 ἀφελεῖν.
1009 2089 1309 2155 Φυλάξεται
1342 2090 1520 2142 τοίνυν
1554 2089 1658 2142 τῶν
1694 2091 1767 2142 ἱε-

1887 2093 1957 2146 )ei
1993 2091 2378 2160 omnipotentis
2411 2089 2706 2160 appellatus
2743 2098 2856 2150 est,
2895 2084 3145 2155 quamvis
3180 2090 3434 2136 naturam

198 2177 331 2246 ρέων
379 2177 450 2231 τὰ
506 2178 658 2249 χείλη
714 2177 812 2249 τὴν
845 2179 938 2232 τοῦ
985 2180 1150 2249 νόμου
1197 2180 1418 2248 γνῶσιν,
1467 2180 1560 2234 καὶ
1603 2180 1764 2232 αὑτὸν

1887 2197 2153 2234 tumattant
2183 2190 2355 2249 gerat,
2379 2181 2628 2248 quoniam
2656 2179 2987 2232 voluntatem
3015 2172 3109 2230 Dei
3143 2170 3439 2242 perspicue

195 2267 526 2335 ἀπαγγέλλει
556 2267 866 2338 προστιθεὶς
898 2267 1071 2322 οὐδέν.
1091 2268 1274 2339 Ταύτῃ
1305 2285 1386 2321 τοι
1411 2268 1504 2322 καὶ
1531 2268 1762 2336 ἀγγελος

1887 2282 2078 2325 nuntiat
2095 2311 2109 2334 ,
2133 2282 2187 2326 et
2213 2271 2384 2341 legem
2415 2271 2683 2326 sermonis
2709 2268 3060 2323 hortatricem
3087 2263 3266 2320 habet.

194 2357 516 2428 θωμάζεται
549 2357 754 2428 Κυρίου
785 2358 1248 2428 παντοκράτορος,
1274 2359 1446 2412 καίτοι
1481 2358 1578 2430 τὴν
1605 2358 1763 2429 φύσιν
1798 2359 2083 2432 ἄνθρωπος
2105 2362 2202 2429 ὣν,
2261 2363 2342 2416 ὅτι
2372 2361 2450 2433 τῷ
2484 2360 2602 2432 Θεῷ
2655 2359 2845 2415 δοκοῦν
2874 2355 3208 2426 ἀπαγγέλλει
3236 2348 3447 2420 σαφῶς,

196 2450 283 2502 καὶ
307 2449 474 2519 νόμον
507 2448 617 2519 ἔχει
649 2448 747 2518 τῆς
770 2447 1014 2518 γλώττης
1039 2448 1101 2500 τὸ
1130 2447 1359 2519 κίνημα.

247 2576 463 2647 ’Ὑμεῖς
487 2578 554 2632 δὲ
575 2577 921 2642 ἐξεκλινατε
941 2578 1011 2633 ἐκ
1040 2577 1152 2648 τῆς
1185 2577 1350 2642 ὀδοῦ,
1379 2575 1476 2632 καί
1501 2576 1765 2646 ἠσθενή-

195 2687 339 2727 σατε
377 2671 653 2736 πολλοὺς
682 2671 752 2724 ἐν
784 2672 982 2740 νόμῳ,
1021 2671 1388 2740 διεφθείρατε
1419 2670 1536 2738 τὴν
1576 2669 1775 2737 διαθή-

195 2779 308 2829 κην
329 2761 442 2816 τοῦ
474 2762 636 2826 Λευὶ,
668 2761 830 2831 λέγει
866 2765 1082 2832 Κύριος
1120 2761 1568 2830 παντοκράτωρ.

261 2875 392 2928 ΚΡ.
437 2875 881 2948 Ἀντιπαρεξάγει
911 2877 1108 2949 τρόπον
1136 2878 1258 2931 τινὰ
1279 2879 1398 2940 ταῖς
1421 2876 1530 2932 τῶν
1561 2877 1771 2930 εὐδοκί-

199 2985 310 3036 μων
348 2968 676 3030 ὲπιεικείαις
719 2968 788 3022 τά
830 2967 939 3022 τῶν
979 2968 1238 3040 ῥᾳθύμων
1276 2967 1598 3038 ἐγκλήματα
1622 3008 1636 3032 ,
1675 2971 1770 3023 καὶ

195 3062 310 3122 ταῖς
365 3060 478 3112 τῶν
526 3061 826 3132 ἀμεινόνων
881 3061 1374 3132 ἀντιπαραθέσεσιν
1439 3060 1654 3130 ἐλέγχει
1711 3061 1773 3114 τὸ

1937 2575 2098 2631 Vens.
2131 2577 2184 2632 8.
2217 2574 2320 2628 Vos
2359 2585 2536 2628 autem
2576 2572 2882 2626 declinastis
2917 2589 2946 2624 a
2979 2571 3095 2634 via,
3126 2580 3172 2624 et
3211 2569 3450 2637 inﬁrmos

1867 2669 2058 2738 fecistis
2083 2666 2267 2720 multos
2300 2666 2352 2718 in
2384 2665 2524 2735 lege,
2555 2664 2861 2733 corrupisti:
2890 2670 3258 2716 testamentum
3294 2660 3448 2726 Levi,

1865 2761 1993 2814 dicit
2024 2757 2280 2812 Dominus
2305 2757 2659 2822 omnipotens.

1937 2874 2127 2929 XXIII.
2171 2871 2540 2928 Laudatorum
2592 2871 2849 2944 probitati
2908 2870 3167 2925 inertium
3225 2867 3451 2924 crimina

1877 2975 2133 3034 tanquam
2166 2964 2217 3018 in
2246 2964 2362 3018 acie
2385 2963 2609 3018 adversa
2635 2962 2847 3026 statuit,
2873 2962 3262 3028 melioremque
3285 2974 3454 3028 oppo-

1879 3058 2075 3113 sitione
2115 3055 2282 3110 malos
2320 3054 2586 3124 coarguit.
2621 3053 2773 3108 Sicut
2806 3053 2948 3108 enim
2987 3051 3076 3106 lux
3113 3053 3165 3104 in
3205 3048 3454 3105 tenebris

199 3148 423 3218 φαῦλον.
444 3151 654 3221 Ὥσπερ
686 3150 795 3221 γάρ
823 3151 880 3204 τὸ
909 3152 1023 3220 φῶς
1046 3153 1103 3204 ὲν
1132 3151 1308 3204 σκότει
1338 3152 1537 3222 φαίνει,
1574 3152 1772 3205 «τελεῖ-

1887 3158 2102 3220 apparet
2149 3149 2351 3219 magis,
2399 3167 2416 3199 ι
2467 3155 2523 3200 et
2565 3145 2734 3199 virtus
2780 3144 2832 3197 in
2877 3141 3194 3197 inﬁrmitate
3239 3139 3453 3210 perﬁci-

197 3257 283 3293 ται
328 3240 390 3293 δὲ
445 3243 502 3294 ἐν
541 3241 848 3306 ἀσθενείαις
900 3243 932 3312 ἡ
978 3242 1240 3314 δύναμις’
1277 3262 1294 3294 ›
1355 3243 1496 3299 οὕτω
1540 3244 1635 3297 καὶ
1674 3243 1774 3313 τῆς

198 3331 406 3403 ἀρετῆς
450 3331 510 3386 τὸ
546 3333 742 3397 κάλλος
770 3334 1168 3406 ὲκφανεστέραν
1195 3334 1306 3405 ἔχει
1333 3334 1431 3405 τὴν
1465 3335 1640 3387 εἰδέαν
1674 3335 1771 3403 (I),

200 3426 247 3477 εἰ
272 3425 338 3498 δὴ
383 3426 717 3496 παρακέοιτο
753 3442 836 3502 τις
871 3425 1145 3496 φαυλότης
1183 3426 1215 3496 ἦ
1261 3427 1524 3497 ἁμαρτία.
1568 3426 1776 3478 Οὐκοῦν

200 3517 491 3571 διεϐίωσαν
528 3519 626 3588 μέν
654 3535 798 3583 τινες
832 3519 1194 3590 ἱεροπρεπῶς,
1214 3521 1269 3571 ὲν
1293 3519 1482 3590 εἰρήνῃ
1515 3517 1778 3572 κατευθύ-

202 3625 383 3672 νοντες
420 3607 644 3673 ἑαυτούς
677 3627 735 3661 τε
765 3611 858 3664 καὶ
886 3611 1128 3681 ἑτέρους,
1154 3611 1245 3663 καὶ
1281 3605 1420 3680 ἦσαν
1451 3611 1588 3680 μετά
1615 3608 1775 3672 Θεοῦ,

203 3701 294 3752 καὶ
335 3699 572 3764 πολλοὺς
615 3700 959 3772 ἐπέστρεψαν
994 3701 1102 3754 ἀπὸ
1152 3701 1385 3763 ἀδικίας.
1429 3701 1778 3772 Πεφορήκασι

203 3791 305 3864 γὰρ
349 3797 416 3846 ὲν
459 3793 618 3864 χερσὶ
661 3792 882 3861 γνῶσιν,
931 3793 1028 3847 καί
1081 3791 1330 3862 ἀκριϐεῖς
1371 3791 1624 3860 γεγόνασι
1671 3791 1780 3843 τῶν

206 3885 360 3938 θείων
399 3885 579 3955 νόμων
607 3885 958 3956 ἑρμηνευταί.
991 3886 1053 3938 Θί
1083 3884 1137 3936 δὲ
1159 3883 1222 3954 δὴ
1255 3886 1371 3954 μετ’
1399 3883 1660 3946 ἐκείνους,
1683 3885 1778 3936 καὶ

207 3977 335 4048 πρὸς
363 3976 464 4040 οὓς
507 3979 534 4030 ὁ
574 3976 729 4046 λόγος
753 4018 766 4040 ,
799 3977 1178 4030 ἐκκεκλίκασιν
1211 3979 1273 4029 ὲκ
1305 3977 1404 4047 τῆς
1435 3975 1554 4030 ὁδοῦ
1580 4017 1592 4037 ,
1634 3993 1779 4046 παρ-

206 4067 436 4120 ώλισθον
465 4068 571 4139 γὰρ
593 4067 686 4120 τοῦ
715 4069 940 4132 εἰκότος,
963 4069 1103 4136 σφᾶς
1130 4085 1188 4119 τε
1219 4066 1415 4131 αὐτοὺς
1438 4067 1530 4121 καὶ
1550 4067 1774 4138 ἑτέρους

205 4154 262 4206 οὐ
297 4155 539 4226 μετρίως
585 4155 877 4225 ἠδικήκασι
905 4193 919 4218 ,
967 4156 1062 4210 καὶ
1108 4155 1336 4219 πολλοὺς
1387 4157 1691 4228 ἡσθένησαν
1726 4158 1783 4209 ὲν

207 4245 370 4317 νόμῳ,
413 4247 721 4312 τουτέστιν,
752 4247 996 4310 ἀσθενεῖς
1045 4248 1140 4300 καὶ
1172 4248 1606 4318 ἀδρανεστάτους
1651 4249 1784 4301 ἀπο-

207 4337 521 4389 τετελέκασι
552 4336 680 4407 περί
725 4353 788 4404 γε
824 4337 883 4389 τὸ
913 4337 1022 4389 δεῖν
1053 4337 1269 4390 ἑλέσθαι
1326 4337 1472 4407 βιοῦν
1519 4339 1780 4407 ἐννόμως.

206 4427 269 4481 Εἰ
315 4427 431 4498 γὰρ
472 4427 577 4492 ἔξω
607 4426 701 4480 τοῦ
741 4427 1043 4498 πρέποντος
1091 4429 1296 4497 οἴχεται
1344 4427 1404 4479 τὸ
1451 4427 1781 4497 ἡγούμενον,

1881 3235 2034 3290 tur“
2068 3254 2080 3289 :
2126 3253 2143 3286 ι
2185 3235 2256 3288 ita
2289 3233 2505 3288 virtutis
2538 3231 2834 3300 elegantia,
2867 3231 2911 3285 si
2946 3245 3048 3300 qua
3089 3230 3327 3299 nequitia
3364 3238 3458 3283 aut

1881 3337 2157 3397 peccatum
2189 3324 2350 3379 fuerit
2375 3339 2406 3378 e
2437 3325 2657 3395 regione
2683 3323 2934 3378 collatum
2961 3362 2976 3388 ,
3005 3321 3336 3392 splendidior
3363 3336 3456 3389 ap-

1881 3426 2051 3488 paret.
2079 3419 2259 3482 Qnare
2289 3416 2538 3486 quidam,
2570 3427 2626 3469 ut
2656 3397 3033 3471 sacerdotibus
3065 3413 3313 3467 decormn
3342 3422 3417 3465 est
3438 3453 3452 3476 ,

1880 3511 2048 3564 vitam
2081 3507 2438 3569 transierunt,
2469 3507 2520 3560 in
2554 3521 2685 3576 pace
2712 3505 3030 3573 semetipsos
3062 3501 3304 3570 aliosque
3329 3501 3458 3556 diri-

1883 3610 2100 3671 gentes,
2133 3610 2188 3654 et
2221 3608 2374 3653 erant
2406 3614 2528 3652 cmn
2568 3598 2709 3664 Deo,
2744 3606 2797 3652 et
2833 3596 3035 3650 multos
3072 3597 3140 3649 ab
3176 3594 3460 3664 iniquitate

1884 3699 2286 3746 converterunt.
2307 3689 2596 3744 Portabant
2618 3687 2761 3743 enim
2790 3685 3072 3741 scientiam
3104 3685 3156 3738 in
3187 3685 3458 3748 manibus,

1886 3783 2206 3852 divinasque
2243 3783 2385 3853 leges
2421 3781 2658 3835 ﬁdeliter
2695 3777 3207 3849 interpretabantur.
3243 3775 3458 3830 Illorum

1888 3884 2064 3928 autem
2095 3889 2461 3937 successores,
2489 3873 2554 3926 ad
2582 3887 2717 3940 quos
2748 3871 2910 3925 etiam
2944 3879 3027 3924 est
3055 3885 3256 3932 sermo,
3284 3870 3349 3924 de
3375 3869 3461 3923 via

1889 3966 2250 4028 deﬂexerunt,
2283 3980 2345 4020 ac
2379 3967 2443 4019 de
2476 3980 2539 4020 eo
2571 3965 2712 4034 quod
2749 3973 3175 4017 consentaneum
3221 3972 3335 4015 erat
3371 3962 3464 4016 deo

1890 4055 2042 4126 lapsi,
2069 4056 2139 4111 ibi
2171 4056 2472 4124 semetipsis
2500 4053 2728 4122 aliisque
2759 4069 2860 4106 non
2894 4051 3239 4106 mediocriter
3265 4065 3461 4104 nocue-

1891 4157 2040 4208 runt,
2071 4158 2125 4201 et
2163 4163 2264 4201 non
2304 4161 2500 4216 paucos
2545 4147 2597 4198 in
2643 4145 2758 4212 lege
2802 4141 3169 4203 infirmarum,
3202 4142 3304 4194 hoc
3346 4149 3461 4204 est,

1891 4238 2184 4293 imbecilles
2217 4249 2268 4292 et
2301 4237 2736 4307 languidissimos
2770 4236 2837 4287 ad
2874 4236 3035 4287 vitam
3083 4233 3288 4302 legibus
3328 4247 3461 4286 con-

1893 4348 2079 4386 sonam
2128 4330 2490 4384 reddidernnt.
2521 4329 2653 4383 Nam
2698 4329 2741 4384 si
2784 4328 2872 4397 qui
2917 4339 3156 4396 prresunt
3197 4341 3225 4378 a
3265 4324 3464 4379 decoro

1895 4421 2237 4476 transversim
2268 4421 2492 4483 abeant,
2517 4419 2788 4487 quomodo
2819 4417 3075 4471 credibile
3102 4425 3183 4470 est
3221 4416 3308 4484 qui
3339 4415 3464 4468 sub-

211 4519 320 4582 πῶς
349 4516 424 4590 ἦν
448 4519 592 4582 εἰκὸς
624 4518 698 4590 μὴ
729 4519 849 4589 οὐχὶ
878 4519 1050 4588 πάντη
1077 4536 1136 4571 τε
1165 4519 1261 4572 καὶ
1292 4518 1510 4581 πάντως
1545 4535 1780 4571 συναπο-

1894 4525 2038 4576 sunt,
2062 4529 2164 4567 non
2200 4513 2376 4568 modis
2413 4515 2665 4568 omnibus
2695 4513 2852 4566 simul
2886 4512 3074 4575 ituros,
3107 4521 3162 4564 et
3193 4509 3281 4577 qni
3318 4518 3465 4562 sorte

212 4613 464 4682 φοιτῆσαι
495 4613 555 4665 τὸ
584 4613 844 4682 ὑπήκοον,
865 4611 960 4664 καὶ
989 4613 1100 4673 τοῖς
1131 4608 1429 4679 προῦχουσι
1466 4609 1788 4676 συγκατολι-

214 4704 352 4758 σθεῖν
382 4701 447 4755 τὸ
476 4704 532 4756 ὲν
565 4703 730 4773 μοίρᾳ
756 4705 822 4772 τῇ
853 4701 1270 4771 καταδεεστέρᾳ,
1303 4703 1398 4753 καὶ
1447 4698 1523 4763 ὡς
1566 4703 1622 4752 ὲν
1671 4716 1791 4752 συν-

213 4797 321 4849 έσει
370 4795 884 4865 μειονεκτούμενον;
915 4795 1125 4863 ’Ὥσπερ
1166 4793 1277 4864 γὰρ
1311 4792 1533 4863 ἔννομος
1580 4809 1639 4844 τε
1697 4793 1790 4844 καί

213 4888 353 4950 ὅσιος
389 4889 566 4958 ίερεῦς
599 4886 842 4956 μιμητὰς
875 4885 1164 4956 ἐργάζεται
1184 4883 1293 4936 τῶν
1329 4883 1477 4936 ἰδίων
1511 4883 1788 4953 κατορθω-

217 4979 405 5046 μάτων
437 4980 560 5041 τοὺς
589 4977 694 5030 ὑπὸ
724 4979 882 5048 χεῖρα
921 4976 1082 5040 λαούς
1101 4993 1114 5005 ·
1138 4976 1282 5029 οὕτω
1311 4975 1406 5027 καὶ
1432 4974 1492 5026 τὸ
1522 4974 1785 5027 ἐναντίον.

215 5071 274 5122 Εἰ
321 5070 434 5140 γάρ
480 5070 631 5122 αὐτοὶ
679 5068 1040 5138 διεφθάρκασι
1073 5067 1170 5138 τὴν
1225 5065 1464 5118 διάθεσιν
1496 5065 1589 5119 τοῦ
1639 5065 1789 5127 Λευὶ,

217 5157 331 5221 πῶς
361 5154 432 5229 ἦν
462 5159 605 5221 εἰκὸς
633 5159 760 5220 τοὺς
805 5160 932 5228 παρ’
961 5156 1138 5210 αὐτῶν
1169 5155 1791 5226 μεμυσταγωγημένους

219 5251 416 5303 σεπτὸν
447 5249 692 5320 ἡγεῖσθαι
718 5249 809 5302 τὸν
833 5249 996 5320 νόμον
1017 5267 1031 5314 ;

286 5363 399 5417 Kal
455 5361 569 5432 ἐγὼ
628 5362 858 5416 δέδωκα
927 5357 1082 5430 ὑμᾶς
1136 5356 1652 5428 ἐξουδενωμένοιις
1705 5358 1790 5422 εἰς

331 5538 372 5570 ¹¹
413 5540 568 5607 Prov,
597 5556 708 5603 xu,
740 5536 828 5592 ΞΟ.

295 5720 376 5781 (ι)
407 5717 691 5782 .\nhrrtu.<,
726 5715 950 5768 ἔνδειαν.
997 5712 1150 5768 Ευιτ.

946 5539 984 5569 η
1028 5536 1216 5590 Matth.
1252 5551 1336 5602 sv,
1371 5535 1482 5591 6-9.
1564 5533 1606 5565 ¹³
1644 5533 1794 5590 Deut.
1827 5549 1900 5601 tv,
1925 5531 1976 5586 2.

1893 4603 2058 4675 840
2089 4603 2373 4658 inferiores
2402 4613 2555 4666 sunt,
2580 4612 2634 4658 et
2665 4602 3016 4672 intelligentia
3052 4601 3227 4654 minus
3254 4599 3463 4662 valent,

1896 4712 2015 4747 cum
2058 4696 2506 4750 eminentioribus
2547 4712 2648 4750 una
2690 4695 2969 4764 lapsuros?
3005 4691 3464 4760 Quemadmodum

1896 4785 2037 4836 enim
2067 4789 2319 4840 sacerdos
2350 4787 2524 4856 legum
2559 4787 2854 4841 observans
2880 4794 2932 4837 ct
2963 4792 3182 4838 sanctus
3213 4781 3467 4852 populum

1898 4876 1997 4930 sihi
2041 4875 2340 4942 subjectum
2380 4895 2599 4933 suorum
2650 4888 2795 4934 recte
2833 4877 3094 4932 factorum
3140 4875 3467 4928 imitatorem

1897 4966 2059 5021 cllicit
2086 5007 2100 5030 ,
2128 4970 2200 5020 ita
2231 4977 2440 5022 contra.
2467 4970 2522 5022 Si
2555 4971 2695 5022 enim
2729 4968 2830 5038 ipsi
2859 4967 3282 5034 corrumpebant
3307 4973 3469 5017 testa-

1901 5071 2138 5112 mentum
2178 5059 2330 5126 Levi,
2357 5059 2625 5130 quomodo
2661 5061 2727 5113 ah
2773 5059 2838 5113 iis
2881 5042 2934 5112 in
2980 5057 3150 5112 sacris
3191 5054 3472 5108 institutos

1901 5151 2070 5221 legem
2105 5154 2462 5208 venerabilem
2497 5154 2689 5208 ducere
2719 5160 2838 5206 erat
2866 5147 3189 5206 verisimile?

1975 5352 2134 5408 Vens.
2165 5354 2214 5408 9.
2247 5351 2315 5407 Et
2346 5369 2436 5424 ego
2472 5354 2604 5413 dedi,
2637 5369 2721 5407 vos
2763 5346 3168 5418 contemptibiles
3205 5345 3258 5399 iu
3292 5356 3473 5397 omnes

2081 5532 2306 5589 :‘Ialaclt.
2342 5549 2400 5599 tt,
2425 5531 2478 5586 7.
2593 5531 2634 5562 ”
2670 5529 2710 5583 Il
2737 5530 2859 5586 Cor.
2890 5544 2984 5594 xu,
3030 5524 3083 5580 9.
