4070 6534
557 372 667 432 515

1581 369 1639 425 S.
1682 367 1959 426 εῑῐιιιιῐ
1998 364 2467 440 ΔιΕΧΑδῦΙὶΙΝΙ
2507 364 2824 421 ARCHIEP.

3709 338 3831 421 sto

559 492 762 556 gentes,
789 496 883 551 pro
914 496 974 534 eo
1006 480 1144 549 quod
1182 497 1265 534 ros
1298 497 1400 533 non
1434 481 1787 535 custodivistis
1822 481 1929 534 vias
1964 496 2131 544 meas,

2246 479 2435 532 πάντα
2472 479 2541 532 τὰ
2570 480 2740 545 ἔθνη,
2777 477 2903 532 ἀνθ’
2940 494 3029 530 ων
3066 476 3232 543 ὑμεῖς
3270 479 3380 531 οὐκ
3428 465 3832 546 ἑφυλὰεασθε

559 574 649 630 ssi
674 571 1009 643 accipiebatis
1033 586 1310 639 personam
1340 571 1393 624 in
1420 569 1551 640 lege.

632 749 819 807 XXIV.
849 751 928 804 Ad
977 760 1190 820 patrum
1234 760 1455 819 peccata
1497 752 1664 815 redit,
1695 752 1948 822 ipsosque
1980 759 2134 804 vetu-

560 846 787 899 stiorum
837 840 1126 896 criminum
1177 841 1452 895 admonet.
1506 840 1571 895 Et
1612 840 1867 910 quoniam
1916 840 1969 895 in
2020 839 2137 908 lege

561 932 907 991 custodienda
960 940 1275 986 constantes
1326 947 1434 987 non
1490 940 1680 997 erant,
1729 932 1852 988 ideo
1909 934 2136 988 traditos

563 1023 792 1081 affirmat
824 1022 930 1077 illis
960 1038 990 1076 ιι
1023 1022 1220 1091 quibus
1252 1022 1305 1077 in
1339 1023 1708 1093 captivitatem
1737 1031 1863 1078 sunt
1886 1023 2136 1089 abducti,

561 1115 776 1180 miseri,
800 1122 855 1170 et
879 1112 1104 1182 abiecti,
1132 1123 1186 1168 et
1216 1114 1361 1167 omni
1395 1113 1720 1183 indulgentia
1749 1113 1973 1168 exclusi.
1999 1114 2137 1181 Quid

562 1208 704 1261 enim
740 1205 1204 1261 incommodorum
1240 1206 1383 1273 passi
1416 1220 1519 1259 non
1555 1213 1708 1270 sunt,
1739 1214 1791 1258 et
1827 1219 1962 1274 quas
1996 1204 2140 1258 cala-

565 1298 777 1351 mitates
816 1292 1059 1349 infelices
1087 1294 1159 1348 illi
1197 1310 1302 1350 non
1330 1296 1719 1350 exantlarunt?
1749 1297 2014 1350 Caeterum
2038 1336 2053 1360 ,
2094 1297 2137 1350 si

564 1401 725 1442 nosse
748 1386 930 1451 vultis,
961 1387 1160 1456 inquit,
1187 1401 1380 1442 causas
1401 1388 1470 1442 ob
1493 1403 1630 1457 quas
1660 1388 1834 1441 iratus
1858 1397 1940 1442 est
1968 1388 2139 1452 vobis,

565 1479 796 1543 audietis
821 1479 1090 1532 dicentem
1117 1495 1132 1533 :
1167 1495 1184 1530 ι
1216 1477 1353 1545 Quia
1378 1494 1471 1534 vos
1501 1494 1605 1534 non
1637 1480 2006 1534 custodivistis
2030 1480 2142 1534 vias

564 1584 733 1633 meas,
760 1568 853 1625 sed
885 1568 1235 1638 accipiebatis
1264 1585 1550 1638 personam
1584 1570 1637 1623 in
1672 1569 1809 1640 lege.
1846 1589 1864 1622 ι
1903 1569 2013 1624 lloc
2039 1581 2140 1633 est,

560 1662 780 1732 opinor,
825 1661 1136 1729 corrupisse
1185 1671 1566 1716 testamentum
1617 1659 1781 1728 Levi,
1829 1662 1969 1716 viam
2020 1662 2144 1716 vitae

562 1751 855 1806 secundum
884 1748 1073 1824 legem
1121 1759 1305 1805 tenere
1347 1749 1609 1814 noluisse.
1635 1760 1690 1805 et
1726 1752 1777 1805 in
1820 1763 2144 1818 unoquoque

2238 569 2345 636 τὰς
2386 568 2568 636 ὁδούς
2612 588 2729 640 μου
2757 611 2772 635 ,
2828 567 2967 625 ἀλλ’
3006 568 3370 638 ἐλαμϐάνετε
3414 568 3705 637 πρόσωπα
3753 567 3838 620 ἀγ

2236 661 2423 728 νόμῳ.

2308 744 2431 797 ΚΔθ.
2472 744 2597 798 Ἐπὶ
2644 746 2742 809 τὰς
2793 745 2900 799 τῶν
2949 746 3201 817 πατέρων
3257 746 3460 801 ἄνεισιν
3519 748 3834 820 ἁμαρτίας,

2239 834 2649 906 ὑπομιμνήσκει
2676 836 2732 891 δὲ
2758 838 2852 890 καὶ
2884 837 3080 901 αὐτοὺς
3108 837 3216 890 τῶν
3242 839 3609 912 ἀρχαιοτέρων
3640 842 3838 894 αἰτια-

2242 926 2444 996 μάτων.
2491 927 2603 980 Καὶ
2649 928 2878 999 ἐπείπερ
2912 924 3053 1000 ἦσαν
3097 930 3197 982 οὐκ
3236 930 3501 997 ἀσφαλεῖς
3546 932 3669 1002 περὶ
3722 931 3839 1001 τὴν

2238 1012 2331 1066 τοῦ
2356 1014 2521 1084 νόμου
2548 1016 2801 1087 τήρησιν,
2835 1016 3007 1088 ταύτῃ
3043 1034 3126 1071 τοι
3153 1017 3397 1072 δεδόσθαι
3433 1020 3593 1090 φησὶν
3618 1020 3839 1082 αὐτοὺς

2239 1106 2349 1166 τοῖς
2393 1104 2800 1175 ἀποκομίσασιν
2842 1106 2923 1170 είς
2968 1106 3348 1177 αἰχμαλωσίαν
3389 1108 3668 1178 οἰκτροὺς,
3729 1109 3841 1162 καὶ

2240 1198 2731 1269 κατερῤιμμένους,
2764 1198 2862 1252 καὶ
2885 1197 3101 1267 φειδοῦς
3132 1199 3350 1268 ἀπάσης
3374 1199 3839 1261 ἐκπεπτωκότας.

2241 1290 2305 1343 Τί
2353 1290 2463 1361 γάρ
2512 1289 2621 1343 τῶν
2654 1289 2897 1360 ἀνιαρῶν
2929 1290 2992 1343 ού
3028 1288 3225 1360 συνέϐη
3279 1288 3473 1342 παθεῖν
3516 1290 3742 1353 αὐτοὺς,
3803 1290 3840 1358 ἢ

2242 1382 2421 1445 ποίαις
2478 1383 2528 1435 oi
2581 1381 2811 1447 τάλανες
2862 1384 2921 1436 ού
2990 1382 3423 1451 κεκοινωνήκασι
3480 1384 3839 1453 συμφοραῖςς

2255 1472 2395 1525 Ἀλλ’
2420 1474 2469 1526 εί
2500 1473 2799 1543 βούλοισθε,
2849 1474 2983 1544 φησὶ
3005 1512 3018 1535 ,
3051 1471 3351 1542 ἀναμαθεῖν
3380 1471 3477 1533 τὰς
3508 1470 3685 1534 αίτίας
3720 1470 3843 1542 τῆς

2242 1565 2326 1633 ἐφ’
2362 1564 2516 1635 ὑμῶν
2544 1564 2919 1636 γεγενημένης
2960 1563 3153 1632 ὀργῆς,
3200 1560 3497 1616 ἀκούσεσθε
3533 1560 3839 1629 λέγοντος’

2249 1656 2432 1710 r‘AvO‘
2482 1651 2557 1711 ὧν
2611 1657 2770 1728 ὑμεῖς
2813 1657 2913 1710 οὐκ
2960 1654 3300 1725 ἐφυλάξασθε
3348 1653 3448 1717 τὰς
3490 1651 3643 1717 ὁδούς
3688 1668 3840 1722 μου,

2244 1748 2357 1802 ἀλλ’
2390 1747 2725 1818 ἐλαμϐάνετε
2757 1749 3025 1819 πρόσωπα
3058 1748 3115 1800 ἐν
3157 1746 3326 1817 νόμῳ.
3373 1764 3391 1796 ι
3428 1742 3614 1805 Τοῦτο,
3643 1740 3840 1815 οἶμαι,

564 1843 779 1911 negotio
811 1841 1147 1911 iniquissime
1175 1840 1450 1909 iudicasse
1485 1860 1499 1896 :
1538 1843 1750 1896 tametsi
1788 1841 1926 1895 Deus
1961 1849 2142 1911 aperte

2246 1840 2358 1892 East
2390 1840 2451 1892 τὸ
2480 1838 2792 1911 διαφθεῖραι
2832 1839 2931 1911 τὴν
2978 1838 3250 1909 διαθήκην
3298 1836 3394 1891 τοῦ
3435 1836 3587 1903 Λευὶ,
3632 1835 3697 1889 τὸ
3757 1836 3844 1907 μή

562 1933 710 1985 dicat
741 1948 756 1985 :
794 1946 813 1982 ι
851 1928 969 1984 Non
1002 1930 1238 2001 accipies
1275 1945 1559 2000 personam
1595 1931 1648 1985 iu
1675 1930 1912 2000 judicio,
1942 1945 2137 1985 secun-

565 2020 689 2076 dum
734 2034 959 2091 parvum
1001 2029 1095 2076 aut
1131 2034 1380 2091 magnum
1426 2036 1533 2075 non
1570 2020 1925 2090 iudicabis".
1969 2040 1988 2074 ι
2038 2020 2139 2075 Per

563 2126 699 2183 quas
726 2122 905 2167 autem
931 2110 1118 2181 culpas
1148 2112 1394 2168 hostibus
1417 2113 1646 2167 traditos
1674 2122 1728 2168 et
1751 2110 1993 2180 abjectos
2018 2127 2139 2167 esse

564 2204 722 2270 dicit,
762 2220 858 2275 per
900 2206 1118 2260 easdem
1165 2206 1412 2276 apposite
1456 2208 1714 2271 minatur,
1749 2206 1850 2261 nisi
1901 2206 2139 2260 rationes

563 2295 773 2350 vivendi
801 2296 1002 2351 rectius
1034 2296 1387 2362 instituerint,
1413 2312 1471 2352 se
1497 2297 1711 2352 illorum
1740 2297 2002 2367 supplicio
2032 2310 2138 2350 non

566 2396 1020 2455 temperaturum.
1048 2385 1351 2444 lusolenter
1373 2389 1519 2444 enim
1551 2389 1603 2443 in
1633 2388 1803 2459 legem
1857 2396 2143 2460 peccantes

564 2478 754 2533 idonea
782 2485 837 2533 et
866 2479 1351 2548 congruentissima
1380 2493 1539 2549 paena
1565 2487 1842 2547 sequetur.

2244 1934 2430 2002 τηρεῖν
2457 1930 2673 1984 ἑλέσθαι
2700 1931 2800 2001 τῆς
2831 1932 2890 1984 ἐν
2914 1932 3064 2000 νόμῳ
3092 1930 3237 1999 ζωῆς
3282 1930 3381 2000 τὴν
3404 1928 3547 1993 ὁδον,
3579 1931 3848 1983 ἐκτοπω-

2242 2024 2410 2085 τάτας
2436 2022 2494 2075 δὲ
2523 2022 2647 2076 λίαν
2690 2023 2786 2075 καὶ
2832 2021 2931 2084 τὰς
2961 2022 3043 2089 ἐφ’
3078 2022 3296 2090 ἑκάστῳ
3335 2019 3619 2091 πράγματι
3650 2021 3846 2072 ποιεῖ-

2244 2114 2368 2167 σθαι
2409 2113 2643 2184 κρίσεις,
2678 2114 2861 2167 καίτοι
2914 2113 3050 2166 Θεοῦ
3095 2111 3347 2181 λέγοντος
3370 2110 3647 2180 ἐναργῶς⁶
3692 2129 3712 2162 ‹
3754 2110 3841 2166 οο

2242 2206 2390 2279 λήψῃ
2420 2206 2712 2277 πρόσωπον
2740 2206 2799 2259 ἐν
2838 2205 3041 2276 κρίσει,
3077 2202 3219 2259 κατά
3244 2202 3336 2256 τὸν
3368 2200 3562 2273 μικρὸν
3603 2200 3702 2255 καὶ
3732 2199 3843 2255 τὸν

2248 2297 2420 2368 μέγαν
2442 2296 2505 2349 οὐ
2530 2299 2753 2369 κρινεῖς.
2782 2315 2801 2349 ι
2831 2298 2910 2349 Δι’
2943 2289 3019 2349 ὧν
3044 2294 3100 2349 δέ
3132 2309 3295 2365 φησιν
3320 2292 3394 2357 ὡς
3430 2290 3636 2362 ταύτης
3660 2290 3844 2345 ἕνεκα

2243 2391 2342 2460 τῆς
2366 2391 2547 2452 αἰτίας
2579 2390 2815 2446 δέδονται
2835 2391 2948 2455 τοῖς
2974 2387 3191 2460 ἐχθροῖς
3217 2388 3314 2441 καὶ
3344 2385 3627 2456 γεγόνασιν
3650 2385 3842 2456 arrep-

2250 2480 2505 2549 ριμμένοι
2529 2522 2544 2547 ,
2600 2481 2689 2536 διὰ
2731 2480 2935 2535 τούτων
2983 2478 3162 2533 αὐτῶν
3206 2476 3380 2547 εὐφυᾶ
3438 2477 3671 2529 ποιεῖται
3725 2474 3842 2543 τὴν

560 2570 819 2644 ἀπειλήν,
842 2572 919 2637 ὡς
958 2573 1006 2625 εί
1035 2572 1109 2644 μὴ
1136 2572 1343 2626 ἕλοιντο
1389 2572 1539 2643 βιοῦν
1606 2570 1806 2643 ὀρθῶς,
1869 2571 1979 2624 οὐδ’
2006 2569 2073 2624 ἂν
2144 2570 2307 2638 αὐτὸς
2371 2576 2665 2647 ἀπόσχοιτο
2696 2573 2791 2628 τοῦ
2824 2572 3075 2637 κολάζειν
3106 2570 3324 2634 αὐτούς.
3357 2569 3585 2637 Ἕψεται
3617 2568 3677 2624 δὲ
3712 2571 3843 2632 τοῖς

562 2668 845 2741 ὑϐρίζουσι
873 2667 965 2722 τὸν
987 2667 1153 2738 νόμον
1181 2668 1215 2739 ή
1239 2670 1351 2731 τοῖς
1379 2666 1539 2722 τοῦτο
1579 2667 1713 2739 δρᾷν
1745 2666 1960 2721 εἰωθόσι
2004 2665 2290 2738 πρέπουσά
2316 2687 2376 2723 τε
2411 2671 2507 2724 καὶ
2537 2669 2915 2742 ἀρμοδιωτάτη
2941 2668 3087 2739 δίκη.

638 2758 799 2815 Vens.
845 2758 934 2814 10.
983 2760 1172 2815 Nonne
1220 2769 1368 2828 pater
1414 2775 1551 2813 unus
1605 2761 1838 2815 omnium
1886 2762 2145 2816 vestrum?

568 2847 755 2905 Nonne
782 2850 920 2909 Deus
946 2867 1080 2906 unus
1104 2852 1296 2906 creavit
1320 2867 1407 2906 eos
1428 2852 1453 2906 2
1474 2851 1651 2919 Quare
1676 2852 1960 2923 reliquistis
1982 2868 2145 2906 unus-

563 2942 781 3010 quisque
821 2941 1041 3012 fratrem
1085 2958 1259 3005 suum,
1304 2954 1357 2995 ut
1412 2943 1721 3011 pollueretis
1781 2952 2145 2998 testamentum

563 3044 771 3102 patrum
796 3035 1121 3090 uestrorum?
1142 3035 1434 3092 Derelictus
1455 3046 1529 3091 est
1545 3034 1739 3103 ludas,
1760 3047 1805 3092 et
1824 3036 2144 3091 abominatio

565 3122 738 3194 factus
760 3134 834 3179 est
856 3128 911 3179 iu
933 3122 1105 3181 Israel
1130 3136 1180 3182 et
1202 3129 1255 3183 in
1281 3128 1598 3184 Jerusalem.

643 3299 809 3357 XXV.
846 3300 981 3357 Cum
1020 3304 1386 3375 inciperemus
1417 3304 1471 3371 in
1508 3304 1825 3376 prophetam
1868 3321 2145 3363 commen-

568 3390 761 3447 tarium
786 3394 1151 3461 conscribere,
1176 3396 1509 3460 dicebamus,
1546 3398 1686 3466 post;
1707 3397 1942 3453 reditum
1982 3413 2013 3453 e
2041 3397 2145 3453 Ba.

566 3482 763 3554 bylone
799 3484 867 3538 ab
893 3485 1135 3557 Assyria,
1160 3486 1449 3551 lsraelitas,
1481 3487 2143 3559 parvipeudenteslegem,

565 3577 840 3631 extraneis
865 3577 1125 3633 uxoribus
1142 3592 1198 3633 se
1222 3577 1572 3647 implicuisse.
1638 3578 1767 3646 Quae
1808 3593 1894 3633 res
1916 3579 2146 3634 amenti-

564 3667 667 3723 bus
706 3666 811 3725 illis
840 3681 907 3723 eo
946 3682 1116 3737 usque
1155 3670 1504 3738 procedebat.
1549 3678 1608 3725 ut
1658 3685 1781 3724 cum
1823 3669 1945 3724 aliis
1986 3669 2143 3724 simul

567 3758 875 3813 sacerdotes
907 3758 1095 3813 eodem
1156 3771 1398 3825 ruerent,
1434 3769 1490 3816 et
1508 3760 1625 3831 jam
1645 3761 1836 3816 ductas
1869 3759 2031 3833 851
2066 3762 2146 3830 ip-

568 3863 656 3904 sas
688 3863 902 3919 quoque
955 3865 986 3905 e
1018 3851 1281 3920 sanguine
1335 3852 1499 3907 Israel
1560 3867 1660 3922 pro
1710 3852 2145 3918 despectissimis

570 3939 853 4006 baberent,
905 3941 1172 4012 domoque
1211 3943 1491 4012 ejicereut,
1542 3954 1598 3998 et
1642 3945 1694 3998 in
1745 3957 1932 3998 earum
1968 3944 2143 3999 locum

568 4034 882 4105 peregrinas
906 4035 1316 4092 introducerent
1346 4038 1744 4092 Ammonitidas
1771 4048 1827 4092 et
1860 4036 2143 4102 Idumaeas,

566 4141 631 4181 ex
663 4140 769 4196 quo
793 4125 954 4182 Israel
982 4142 1304 4199 magnopere
1336 4127 1827 4185 contaniiuabatnr.
1852 4127 1967 4186 Non
2001 4129 2145 4184 enim

568 4214 670 4270 illa:
694 4218 898 4287 patrios
928 4233 1109 4271 mores
1129 4218 1478 4283 deserebant,
1504 4222 1597 4273 sed
1653 4219 1947 4274 etiamnum
2008 4218 2146 4275 idola

571 4309 984 4372 venerabantur.
1016 4320 1071 4364 et
1095 4309 1341 4364 militiam
1379 4310 1501 4365 cmli
1568 4310 1888 4377 adorabant,
1942 4321 1996 4367 et
2053 4327 2145 4367 co-

568 4399 830 4469 gebantur
860 4414 997 4469 pene
1033 4400 1124 4470 qui
1154 4416 1275 4455 eum
1301 4399 1516 4454 feminis
1571 4400 1708 4456 adeo
1741 4411 1922 4456 mente
1948 4418 2142 4459 eorru-

2317 2763 2465 2832 οὐχὶ
2504 2762 2701 2832 πατὴρ
2731 2758 2819 2828 εἷς
2847 2761 3090 2815 πάντων
3131 2760 3327 2828 dgnior;
3361 2758 3509 2827 Οὺχι
3549 2757 3695 2824 Θεὸς
3726 2753 3833 2822 εις

2239 2856 2483 2910 ἔκτισεν
2521 2853 2713 2925 ὑμᾶς
2752 2856 2813 2909 Τί
2843 2854 2932 2909 ὅτι
2968 2852 3391 2923 ἐγκατελίπετε
3429 2850 3689 2916 ἕκαστος
3721 2848 3844 2904 τὸν

2239 2944 2508 3015 ἀδελφὸν
2553 2945 2761 3008 αὐτοῦ,
2813 2944 2922 2999 τοῦ
2959 2940 3314 3011 βεϐηλῶσαι
3356 2942 3472 3009 τὴν
3518 2939 3832 3008 διαθήκην

2241 3034 2360 3090 τῶν
2397 3035 2667 3104 πατέρων
2699 3034 2895 3104 timor;
2935 3034 3387 3103 Ἑγκατελειφθη
3428 3030 3695 3097 Ἰούδας,
3731 3032 3843 3085 καὶ

2170 3158 2212 3216 C
2239 3112 2556 3199 ,ϐδέλυγμα
2582 3125 2817 3197 ἐγένετο
2858 3126 2928 3180 ἐν
2958 3124 3040 3192 τῷ
3074 3124 3327 3193 Ἰσραὴλ
3375 3122 3472 3175 καὶ
3502 3124 3572 3175 ἐν
3608 3122 3837 3191 Ἰερου-

2251 3218 2477 3288 σαλήμ.

2323 3310 2454 3367 κε’.
2509 3311 2825 3383 ’Δρχόμενοι
2868 3309 2969 3379 τῆς
3004 3308 3085 3371 είς
3131 3308 3221 3361 τὸν
3271 3307 3558 3379 προφήτην
3588 3322 3836 3377 συγγρα-

2252 3405 2378 3476 φῆς,
2410 3404 2666 3474 ἐλέγομεν
2710 3404 2790 3457 ὅτι
2811 3443 2825 3467 ,
2863 3402 3000 3473 μετά
3032 3400 3131 3471 τὴν
3162 3401 3230 3454 ἐκ
3278 3397 3596 3462 Βαϐυλῶνος
3627 3398 3725 3452 καὶ
3764 3397 3838 3451 ἐκ

2249 3496 2355 3566 γῆς
2394 3495 2694 3567 Ἀσσυρίων
2722 3493 3005 3558 ἐπάνοδον,
3029 3491 3188 3559 ὀλίγα
3218 3492 3317 3561 τῆς
3346 3490 3578 3561 νομικῆς
3610 3492 3838 3562 φροντι.

2253 3605 2444 3649 σαντες
2488 3587 2729 3655 ἐντολῆς,
2761 3588 2812 3639 oi
2839 3583 2898 3650 ἐξ
2932 3583 3148 3655 Ἰσραὴλ
3177 3585 3296 3646 ταῖς
3328 3581 3671 3650 ἀλλογενέσιν
3702 3597 3833 3634 συν-

2251 3678 2540 3733 επλέκοντο
2566 3675 2798 3746 γυναιξί.
2839 3676 2948 3728 Καὶ
2982 3673 3118 3747 πρὸς
3166 3671 3327 3727 τοῦτο
3354 3671 3619 3743 ἐξιτήλοις
3644 3670 3838 3734 αὐτοῖς

2254 3769 2461 3842 προέϐη
2510 3768 2571 3822 τὸ
2622 3766 2917 3839 δρώμενον,
2968 3766 3043 3829 ὡς
3103 3767 3197 3819 καὶ
3242 3764 3443 3826 αὐτοὺς
3489 3765 3602 3827 τοῖς
3648 3762 3837 3826 ἄλλοις

2254 3857 2726 3929 συναποφέρεσθαι
2755 3858 2881 3920 τοὺς
2913 3855 3314 3928 ίερατεύοντας,
3343 3855 3441 3908 καὶ
3469 3852 3567 3917 τὰς
3598 3852 3701 3924 μὲν
3729 3853 3835 3926 ήδη

2253 3950 2661 4021 συνῳκισμένας
2694 3948 2749 4004 αἳ
2776 3949 2870 4002 καὶ
2898 3944 3040 4019 ἦσαν
3071 3947 3130 4013 ἐξ
3178 3945 3411 4017 αἵματος
3448 3944 3681 4016 Ἰσραὴλ,
3712 3945 3831 3999 ἀτιο

2256 4041 2494 4113 μοτάτας
2537 4039 2814 4109 ἡγεῖσθαι,
2864 4040 2959 4092 καὶ
3006 4033 3434 4107 ἀποπέμπεσθαι
3474 4034 3583 4088 τῶν
3612 4033 3831 4097 ἑστιῶν,

2253 4131 2636 4198 είσοικίζεσθαι
2661 4130 2716 4184 δὲ
2743 4130 2944 4200 μᾶλλον
2964 4129 3065 4192 τὰς
3093 4127 3404 4196 ἀλλογενεῖς
3436 4125 3835 4197 Ἀμμανίτιδας

2252 4223 2663 4294 καὶΊδουμαίας
2681 4236 2694 4252 ·
2718 4222 2814 4275 καὶ
2838 4219 3006 4291 πολλή
3035 4236 3119 4282 τις
3146 4216 3395 4272 ἐντεῦθεν
3420 4217 3452 4287 ή
3477 4215 3575 4271 τοῦ
3613 4216 3827 4288 Ἰσραὴλ

2256 4317 2556 4390 βεϐήλωσις
2600 4311 2689 4387 ἦν.
2724 4314 2798 4368 Οὐ
2840 4313 2949 4385 γὰρ
2982 4311 3283 4382 κατέληγον
3327 4310 3532 4363 ἐκεῖναι
3574 4308 3683 4362 τῶν
3730 4325 3819 4362 πα·

2252 4410 2440 4484 τρῴων
2477 4407 2768 4475 ἐθῶν,ξά).λ’
2796 4407 3084 4477 ἐλάτρευον
3119 4403 3220 4475 μέν
3250 4402 3491 4468 εἰδώλοις
3520 4401 3624 4464 ἔτι,
3660 4417 3831 4472 προσ·

568 4490 676 4559 ptis
704 4491 1032 4555 habitarent,
1060 4491 1220 4545 simul
1242 4492 1509 4560 inquinari
1536 4504 1592 4547 et
1636 4493 1802 4546 Deum
1838 4491 2133 4548 olfendere.

2246 4503 2469 4560 εκύνουν
2493 4501 2550 4554 δὲ
2581 4502 2677 4555 καὶ
2703 4502 2770 4571 τῇ
2802 4499 3031 4570 στρατιᾷ
3074 4495 3167 4551 τοῦ
3196 4494 3452 4568 οὐρανοῦ,
3486 4496 3581 4549 καὶ
3606 4490 3676 4566 ἦν
3710 4512 3827 4557 πως

570 4581 646 4639 De
671 4586 754 4640 bis
781 4586 832 4639 in
862 4584 1015 4640 libris
1046 4585 1230 4641 Esdra:
1257 4585 1421 4640 multa
1456 4586 1767 4639 scribuntur
1794 4586 1860 4640 ".
1913 4587 2149 4641 Accusat

572 4677 734 4746 igitur
761 4691 853 4733 eos
886 4678 1259 4732 universorum
1294 4676 1536 4741 Deus,nt
1577 4692 1777 4732 uxores
1815 4677 2149 4734 lsraelitidas

570 4769 685 4826 sive
718 4766 927 4825 Iudaeas
950 4779 1327 4839 aspernantes,
1351 4768 1581 4823 sceleste
1605 4779 1785 4821 autem
1820 4767 2149 4839 alienigena-

573 4875 689 4913 rum
717 4860 928 4914 liliabus
953 4861 1409 4923 adhaerescentes,
1437 4873 1558 4913 cum
1588 4868 1766 4912 tamen
1836 4855 2142 4924 bujusmodi

570 4949 1001 5019 coniunctionem
1038 4952 1121 5006 lex
1151 4952 1519 5006 interdiceret.
1546 4947 1745 5002 Verum
1773 4947 1878 5013 illi,
1913 4958 2021 5003 tam
2051 4963 2144 5004 ve-

570 5044 867 5098 nerandum
901 5045 1209 5098 mandatum
1234 5044 1415 5099 nescio
1437 5057 1544 5112 quo
1584 5042 1743 5096 modo
1767 5038 1919 5094 ﬂocci
1937 5038 2143 5094 facien-

572 5145 671 5201 tes,
696 5145 789 5190 aut
813 5136 1098 5190 mulierum
1125 5135 1309 5204 specie
1337 5134 1403 5187 ad
1432 5133 1740 5200 voluptates
1790 5130 2021 5185 lascivas
2044 5130 2164 5185 ab-.

571 5227 1039 5296 ripiebantur;aut
1070 5225 1301 5282 fortasse
1323 5223 1624 5279 alienorum
1648 5221 1942 5290 amicitias,
1989 5236 2057 5278 ne
2086 5222 2138 5278 in

569 5320 714 5389 ipsos
732 5318 992 5374 bellarent
1026 5326 1280 5386 tanquam
1305 5315 1417 5383 jam
1444 5312 1623 5368 socios
1663 5322 1716 5368 et
1741 5322 1963 5382 propter
2023 5330 2124 5368 nn-

569 5408 710 5477 ptias
733 5407 988 5465 alliuitate
1008 5405 1457 5478 €0llj0ttcl08,llac
1479 5404 1689 5460 ratione
1714 5414 1934 5474 captare
1956 5406 2142 5462 molie-

570 5501 784 5555 bantur.
817 5500 968 5568 Quod
990 5499 1134 5555 aliud
1167 5482 1302 5552 nihil
1332 5505 1450 5552 erat
1471 5510 1632 5565 cpiam
1706 5494 1810 5550 [ide
1871 5497 2142 5554 titubante

571 5591 886 5662 iniuriosius
919 5607 1079 5664 agere
1119 5606 1238 5647 cum
1274 5589 1399 5653 Deo,
1439 5587 1595 5659 quasi
1621 5588 1712 5657 qui
1748 5603 1841 5643 eos
1903 5590 1970 5644 de
2024 5589 2143 5646 illo-

644 5767 688 5801 "
711 5769 865 5825 Deut.
891 5784 928 5829 ι,
974 5766 1058 5821 17.

2251 4590 2467 4660 ἀνάγκη
2498 4588 2623 4651 τοὺς
2657 4589 2781 4647 ταῖς
2830 4584 2974 4638 οὕτω
3005 4585 3104 4655 τὴν
3139 4583 3313 4654 φρένα
3348 4580 3830 4653 κατεφθαρμέναις

2251 4680 2637 4755 συνῳκηκὸτας
2694 4673 3259 4747 συγκαταμιαίνεσθαι
3312 4673 3408 4729 καὶ
3464 4669 3827 4745 προσκρούειν

2248 4774 2384 4847 Θεῷ.
2415 4773 2589 4837 Πολὺς
2616 4771 2673 4827 δέ
2695 4786 2758 4838 γε
2785 4768 2907 4822 λίαν
2933 4767 2962 4823 ὁ
2989 4766 3080 4820 ἐπί
3101 4782 3165 4835 γε
3195 4766 3437 4820 τουτοισὶ
3459 4763 3652 4833 γέγονε
3674 4762 3828 4830 λόγος

2246 4870 2305 4923 ἐν
2344 4869 2458 4932 τοῖς
2491 4865 2700 4934 Ἔσδρα
2740 4861 2987 4933 βιϐλίοις.
3026 4859 3390 4913 Καταιτιᾶται
3422 4854 3604 4908 τοίνυν
3636 4854 3828 4915 αὐτοὺς

2244 4961 2273 5014 ὁ
2302 4959 2409 5014 τῶν
2438 4959 2578 5013 ὅλων
2603 4955 2756 5019 Θεὸς,
2785 4952 2860 5017 ὡς
2890 4951 3088 5022 γύναια
3117 4949 3215 5021 μὲν
3258 4946 3629 5015 ἀτιμάζοντας
3651 4944 3749 5007 τὰς
3772 4943 3825 5008 ἐξ

2246 5051 2479 5122 αἵματος
2519 5046 2735 5118 Ἰσραὴλ
2757 5046 2925 5118 ἤγουν
2950 5042 3044 5096 τοῦ
3081 5040 3276 5102 Ἰούδα,
3315 5033 3826 5110 προσκειμένουςδὲ

2245 5142 2474 5205 ἀνοσίως
2504 5143 2623 5203 ταῖς
2666 5138 2775 5191 τῶν
2806 5134 3120 5204 ἀλλοφύλων
3161 5131 3499 5203 θυγατράσι,
3528 5127 3707 5182 καίτοι
3736 5123 3820 5182 τοῦ

2246 5232 2412 5304 νόμου
2440 5231 2540 5302 τὴν
2571 5228 2785 5282 σύνοδον
2816 5224 3250 5294 ἀποφάσκοντος.
3291 5219 3431 5275 Ἀλλ’
3475 5219 3526 5269 οἱ
3554 5215 3661 5270 τῶν
3687 5212 3823 5269 οὕτω

2250 5301 2464 5373 σεπτῶν
2501 5301 2606 5370 οὐκ
2655 5311 2751 5369 οἶδ’
2801 5316 2949 5376 ὅπως
2997 5310 3464 5381 ὀλιγωρήσαντες,
3497 5306 3530 5359 ὓ
3576 5308 3692 5369 ταῖς
3721 5301 3823 5356 τῶν

2251 5408 2487 5479 γυναίων
2519 5407 2690 5480 ὥραις
2723 5405 2860 5477 πρὸς
2883 5402 3137 5470 ἀσελγεῖς
3160 5399 3354 5470 ἡδονὰς
3390 5394 3817 5467 συνηρπάξοντο,

2251 5503 2284 5573 ἢ
2322 5499 2459 5571 τάχα
2492 5516 2595 5553 που
2625 5500 2745 5562 ταῖς
2777 5499 2840 5549 ἐκ
2868 5494 2978 5550 τῶν
3005 5492 3323 5561 ἀλλοφύλων
3356 5488 3563 5559 φιλίαις
3592 5481 3817 5573 Campi-

2252 5571 2366 5659 χειν
2396 5588 2609 5659 ῆθελον,
2640 5588 2728 5642 ἵνα
2760 5586 2833 5657 μὴ
2874 5584 3132 5656 μάχοιντο
3181 5579 3317 5650 πρὸς
3362 5578 3560 5640 αὐτοὺς
3608 5575 3679 5638 ὼς
3725 5571 3819 5642 ήδη

1153 5766 1193 5799 ¹⁸
1227 5768 1268 5820 l.
1293 5765 1450 5822 Esdr.
1486 5783 1535 5834 ις,
1566 5768 1599 5822 2
1623 5784 1749 5840 seqq
1778 5788 1790 5831 ;
1822 5768 1863 5825 ll
1891 5770 2039 5828 Esdr.
2080 5785 2131 5826 xi

2246 5770 2254 5819 ἱ
2291 5779 2343 5825 ct
2379 5767 2446 5822 ἓξῦ
2473 5783 2657 5835 sum;
2692 5763 2757 5819 lll
2787 5764 2935 5821 lisdr.
2964 5780 3036 5829 ix,
3071 5762 3103 5815 9
3126 5774 3275 5829 su'qq.
