4070 6490
131 388 234 443 317

970 372 1521 432 COMMENTARIUS
1567 369 1634 426 IN
1678 367 2080 426 MALAClllAM
2125 368 2570 426 PROPHETAM.

3269 355 3373 413 δίε

130 494 477 566 γνωρίμους,
517 493 607 546 καὶ
643 492 742 565 τὴν
785 493 846 544 ἐκ
884 491 1078 561 γάμων
1109 489 1332 560 ἔχοντας
1369 487 1703 558 ἀγχιστείαν.
1740 518 1749 546 λ

1832 503 1928 541 ἰΙΙΙΙ
1964 500 2124 542 manu
2164 486 2393 555 eripere,
2427 499 2522 539 seu
2561 478 2801 552 potentia
2833 474 3251 542 alienigenarum
3283 486 3375 525 su-

134 584 304 640 Τοῦτο
326 583 383 638 δέ
418 584 514 637 καὶ
540 582 728 651 ἕτερον
752 580 903 635 οὐδὲν
931 580 965 652 ἢ
993 582 1112 642 ταῖς
1141 578 1536 648 ὀλιγοπιστίαις
1567 575 1703 629 καθ-

136 674 355 748 υϐρίσαι
383 671 547 737 Θεὸν,
579 672 655 737 ὡς
686 672 783 742 τῆς
828 669 1053 725 ἐκείνων
1086 670 1266 741 χειρὸς
1308 668 1587 734 ἐξελέσθαι
1630 667 1705 739 μὴ

136 766 468 836 δυνάμενον,
523 763 692 834 ἤγουν
749 760 1030 830 ἀποφῆναι
1092 759 1406 831 κρείττονας
1474 758 1575 830 τῆς
1645 761 1705 827 ἐξ

138 854 451 923 ἀλλοφύλων
476 850 805 916 πλεονεξίας.
851 848 1071 904 Ἐλύπει
1103 848 1167 920 δὴ
1208 844 1301 904 οὖν
1346 849 1487 904 κατά
1529 850 1707 903 πάντα

138 949 336 1020 τρόπον
368 945 431 999 τδ
463 944 655 1017 χρῆμα
694 943 848 996 Θεόν.
888 940 1072 1015 Ταύτῃ
1105 957 1187 995 τοι
1217 942 1312 996 καὶ⁵
1339 942 1437 1012 τῆς
1467 942 1709 1012 ἐμφύτου

142 1034 524 1108 φιλοστοργίας
549 1032 879 1100 ἀλογοῦντας
908 1030 1119 1101 βλέπων
1136 1072 1151 1096 ,
1178 1032 1344 1102 φησί·
1381 1051 1398 1083 ι
1423 1033 1557 1102 Οὐχὶ
1579 1031 1710 1095 Θεὸς

142 1125 221 1192 εἷς
266 1128 479 1181 ἔκτισεν
526 1126 699 1195 (apag;
734 1124 869 1194 Οὑχὶ
918 1124 1100 1195 πατὴρ
1148 1117 1229 1186 εἷς
1274 1123 1491 1176 πάντων
1526 1124 1709 1193 ὑμῶνς

142 1219 207 1272 Τί
237 1220 321 1272 ὅτι
366 1215 752 1285 ἐγκατελίπετε
799 1215 1027 1277 ἕκαστος
1059 1214 1151 1268 τὸν
1186 1213 1415 1281 ἀδελφὸν
1461 1213 1654 1275 αὐτοῦς
1690 1232 1708 1264 ι

141 1305 238 1374 Εἷς
264 1309 365 1380 μὲν
394 1307 503 1378 γὰρ
525 1310 555 1360 ὁ
584 1305 801 1360 πάντων
828 1306 943 1358 ἐστὶ
971 1306 1315 1376 Δημιουργὸς
1332 1344 1348 1369 ,
1386 1304 1480 1356 καὶ
1522 1304 1638 1367 ἐνὸς
1665 1306 1713 1356 οἱ

141 1401 344 1463 πάντες
373 1398 664 1463 Δεσπότου,
698 1395 1022 1467 βουλομένου
1071 1394 1373 1448 συνδεϊσθαι
1399 1394 1461 1449 τὸ
1497 1394 1715 1463 ποιηθὲν

142 1493 224 1554 είς
254 1491 447 1544 ἕνωσιν
475 1490 570 1543 καὶ
603 1488 908 1559 δμοψυχίαν
935 1490 1048 1551 τοῖς
1074 1487 1175 1557 τῆς
1208 1487 1427 1557 ἀγάπης
1452 1478 1671 1554 δεσμοῖς
1698 1502 1711 1517 ο

143 1581 205 1634 Ei
239 1580 342 1652 μὲν
374 1579 483 1651 γὰρ
513 1575 653 1650 ἦσαν
683 1577 775 1632 δύο
801 1578 914 1631 θεοὶ
957 1578 1050 1630 καὶ
1081 1575 1281 1649 κύριοι,
1308 1577 1341 1648 ἢ
1373 1577 1466 1630 καὶ
1496 1576 1717 1638 πλείους

143 1673 244 1734 ἔτι,
276 1672 340 1725 τὸ
372 1670 598 1734 ἀπεικὸς
619 1670 769 1724 οὐδὲν
818 1673 939 1734 ταῖς
962 1668 1072 1723 τῶν
1105 1669 1445 1739 ποιησάντων
1471 1668 1718 1739 γνώμαις

146 1759 723 1833 συγκαταμερίζεσθαι
774 1758 847 1814 τὰ
903 1760 1218 1831 ποιήματα,
1280 1759 1373 1813 καὶ
1420 1760 1522 1829 τὴν
1581 1758 1720 1830 πρὸς

1806 577 2048 648 perieres
2090 578 2315 633 reddere
2363 575 2629 644 nequiret.
2683 564 3021 627 Omnimodis
3057 564 3220 633 igitur
3266 559 3374 614 Deo

1807 669 1910 725 ista
1932 684 2016 724 res
2054 668 2288 723 dolebat.
2336 666 2490 723 Unde
2534 677 2628 719 eos
2698 661 3072 731 ingeneratum
3134 665 3374 706 amorem

1809 770 2153 816 contemnere
2173 773 2425 822 cernens,
2456 757 2531 810 ait
2563 772 2577 809 :
2616 770 2635 806 ι
2671 749 2859 807 Nonne
2892 760 3028 801 unus
3052 745 3194 798 Deus
3224 754 3378 794 crea-

1811 851 1885 905 vit
1940 849 2073 906 vos?
2105 847 2479 920 Nonnel’ater
2512 859 2650 899 unus
2676 836 2959 896 omnium?
2985 833 3120 901 Quid
3147 828 3380 897 estutlod

1812 943 2180 1013 unusquisque
2217 938 2510 1009 reliquistis
2546 935 2768 990 fratrem
2796 927 2999 987 suum?
3040 946 3057 976 ι
3096 921 3241 978 Unus
3297 927 3381 973 est

1810 1039 1954 1093 enim
1980 1036 2356 1090 universorum
2384 1028 2585 1100 opifex,
2610 1033 2664 1082 et
2688 1035 2876 1080 omnes
2907 1018 3066 1072 unius
3104 1011 3235 1068 estis
3280 1008 3383 1062 Do-

1813 1128 1963 1189 mini,
1995 1125 2082 1193 qui
2136 1123 2277 1194 quod
2299 1120 2539 1178 condidit
2564 1124 2630 1172 ad
2658 1114 2912 1170 unionem
2951 1117 3006 1163 et
3036 1101 3380 1161 concordiam

1815 1212 2044 1269 vinculis
2075 1210 2357 1267 charitatis
2386 1207 2640 1274 colligare
2679 1204 2809 1257 vult.
2836 1196 3049 1254 Etenim
3092 1195 3138 1247 si
3200 1195 3385 1245 essent

1814 1306 1919 1360 duo
1963 1302 2036 1357 dii
2072 1318 2134 1357 ac
2160 1298 2383 1359 domini.
2413 1305 2503 1350 aut
2536 1295 2699 1349 etiam
2736 1290 2937 1361 plures,
2971 1285 3209 1340 alienum
3249 1277 3384 1332 nihil

1817 1395 1953 1451 foret
1991 1409 2075 1449 res
2104 1393 2348 1447 conditas
2373 1390 2527 1459 juxta
2556 1384 2896 1440 conditorum
2956 1374 3260 1431 voluntates
3305 1368 3386 1421 di-

1816 1484 1921 1540 vidi
1952 1500 2013 1539 ac
2038 1482 2271 1547 secerni,
2293 1489 2345 1534 et
2387 1477 2488 1532 levi
2525 1474 2813 1531 occasione
2838 1468 2942 1525 sibi
2998 1464 3231 1521 invicem
3281 1458 3379 1513 ad-

1819 1574 2045 1638 versari,
2079 1568 2490 1642 proutdominis
2512 1565 2647 1636 ipsis
2669 1563 2880 1617 liberet.
2906 1556 3172 1626 Quoniam
3204 1558 3384 1604 autem

1820 1682 1958 1721 unus
1983 1674 2066 1719 est
2094 1679 2187 1734 per
2213 1662 2391 1716 omnia
2419 1669 2474 1719 et
2494 1659 2548 1714 in
2602 1654 2854 1710 omnibus
2905 1659 2959 1703 et
3013 1659 3176 1715 super
3208 1640 3389 1697 omnia

1825 1760 1962 1813 Deus
1999 1757 2063 1824 ",
2102 1768 2221 1822 quae
2249 1752 2464 1807 tandem
2494 1763 2617 1804 esse
2642 1753 2806 1817 queat
2841 1734 3205 1796 dissensionis
3232 1744 3392 1787 occa-

144 1852 351 1923 άλληλα
388 1821 578 1906 στάσιν
605 1853 933 1924 εὖαφόρμως
982 1821 1350 1921 είσδὲχεσθαι,
1385 1821 1525 1904 κατά
1567 1821 1637 1918 γε·
1660 1848 1721 1903 τὸ

1832 1849 2027 1907 sio?Et
2059 1845 2311 1917 quoniam
2340 1843 2561 1911 insuper
2585 1852 2726 1893 unus
2773 1841 2858 1889 est
2904 1829 3145 1887 omnium
3176 1821 3391 1879 Judaeu-

145 1947 258 2009 τοτς
305 1945 565 2018 κρατοῦσι
612 1944 823 1999 δοκοῦν.
880 1942 1099 2015 Ἐπειδὴ
1142 1943 1199 1995 δὲ
1247 1935 1327 2005 εἷς
1377 1942 1524 1994 ἐστιν
1565 1943 1593 1995 δ
1632 1940 1720 1994 διὰ

147 2036 367 2091 πάντων
402 2037 496 2090 καὶ
529 2038 587 2089 ἐν
613 2037 747 2089 πᾶσι
778 2035 872 2088 καὶ
905 2034 999 2088 ἐπὶ
1036 2033 1242 2097 πάντας
1273 2033 1426 2096 Θεὸς,
1464 2032 1593 2085 ποία
1640 2049 1722 2095 τις

145 2128 210 2182 ἂν
235 2128 453 2197 γένοιτο
477 2127 575 2197 τῆς
598 2126 863 2198 διχονοίας
890 2126 1195 2197 πρόφασιςς
1229 2125 1339 2177 Kal.
1375 2123 1561 2194 ἐπειδὴ
1588 2123 1725 2194 πρὸς

145 2217 327 2289 τούτῳ
370 2218 464 2273 καὶ
506 2213 585 2281 εἷς
634 2219 664 2271 ὁ
711 2219 930 2272 πάντων
976 2217 1084 2272 τῶν
1121 2216 1389 2270 Ἰουδαίων
1422 2216 1538 2268 ἐστὶ⁸
1584 2211 1726 2268 κατὰ

148 2313 334 2383 σάρκα
381 2310 584 2381 πατὴρ,
610 2309 880 2374 τουτέστι,
910 2310 939 2363 δ
968 2307 1256 2372 θεσπέσιος
1293 2306 1564 2376 Ἀϐραὰμ,
1589 2304 1641 2357 τί
1664 2302 1726 2357 τὸ

146 2402 444 2458 ἀναπείθον
463 2403 564 2473 τὴν
589 2402 689 2473 τῆς
718 2401 902 2472 φιλίας
932 2399 1265 2471 εἰσδέχεσθαι
1294 2399 1485 2465 νόσον;
1514 2398 1584 2451 Ἥ
1610 2395 1728 2459 πῶς

148 2496 251 2549 οὐκ
283 2493 579 2549 ἀκόλουθον
613 2495 727 2557 τοῖς
771 2493 829 2560 ἐξ
879 2492 1109 2563 αἵματος
1141 2491 1307 2559 ἐγγὺς
1344 2489 1415 2552 ὡς
1459 2490 1518 2540 ἐν
1562 2486 1730 2555 ὀφλή-

151 2602 329 2657 ματος
364 2585 515 2649 τάξει
554 2582 939 2639 κατατίθεσθαι
979 2574 1077 2654 τὴν
1127 2584 1374 2653 ἀγάπηνς
1425 2579 1549 2642 Πῶς
1578 2578 1635 2631 δέ
1666 2578 1728 2631 οὐ

153 2678 359 2751 μανίας
386 2679 553 2746 ἐγγὺς
591 2678 654 2730 τὸ
693 2678 815 2739 ταῖς
856 2676 966 2731 τῶν
999 2674 1312 2744 ἀλλοφύλων
1349 2669 1733 2744 ἐπιμαίνεσθαι

150 2771 487 2843 θυγατράσι,
520 2770 619 2834 τὰς
644 2768 784 2823 οἴκοι
814 2785 873 2822 τε
904 2768 999 2822 καὶ
1028 2770 1093 2820 ἐκ
1126 2767 1316 2835 γένους
1349 2765 1731 2836 ἀτιμάζοντας,

151 2865 239 2919 ῐνα
271 2862 595 2934 βεδηλώσῃς
635 2861 805 2932 αὐτὴν
830 2859 1069 2914 διάθεσιν
1096 2859 1274 2912 αὐτῶν
1301 2856 1410 2910 τῶν
1449 2856 1730 2925 πατέρων;

151 2955 513 3025 Τετηρήκασι
553 2953 661 3023 γὰρ
690 2953 888 3005 ἐκεῖνοι
918 2950 986 3003 τὰ
1009 2952 1121 3013 τοῖς
1145 2948 1311 3013 θείοις
1344 2948 1530 3018 νόμοις
1551 2946 1733 3017 διηγο-

154 3046 407 3117 ρευμένα
434 3046 564 3116 περ)⁵
598 3042 876 3112 γυναικῶν
904 3041 1146 3096 ὀθνείων.
1170 3042 1404 3095 ’Ἤκουον
1434 3038 1565 3110 γάρ·
1590 3038 1733 3108 «Τὴν

153 3138 441 3209 θυγατέρα
471 3152 564 3190 σου
599 3136 660 3189 οὐ
696 3134 888 3198 δώσεις
921 3133 996 3204 τῷ
1026 3132 1125 3203 υἱῷ
1150 3131 1317 3187 αὑτοῦ
1338 3148 1351 3161 ·
1382 3131 1476 3183 καὶ
1500 3129 1598 3195 τὴν
1637 3127 1733 3181 θυ-
1763 3162 1809 3224 c

1826 1958 1943 1999 rum
1981 1949 2133 2012 pater
2149 1935 2443 1992 secundum
2475 1943 2723 1993 carnem,
2755 1924 2971 1980 divinus
2996 1930 3190 1987 nempe
3218 1914 3395 1969 Abra-

1825 2005 1995 2098 ham,-
2029 2029 2157 2101 quid
2212 2036 2295 2082 est
2346 2026 2488 2095 quod
2548 2019 2841 2076 amicitiam
2891 2005 3227 2069 labefactet?
3288 2006 3397 2059 Aut

1825 2124 2093 2197 quomodo
2111 2130 2445 2187 consequens
2468 2128 2573 2168 non
2601 2119 2684 2167 est
2713 2099 3127 2175 consauguineis
3158 2109 3395 2151 antorem

1826 2196 1883 2270 ut
1912 2213 2152 2270 debitum
2196 2204 2541 2279 persolvere?
2573 2196 2854 2270 Quomodo
2880 2201 3060 2248 autem
3109 2201 3213 2243 non
3263 2197 3401 2254 pene

1826 2306 2109 2369 furiosum,
2136 2297 2451 2358 domesticis
2490 2303 2543 2349 et
2576 2306 2643 2348 ex
2669 2288 2856 2345 eodem
2880 2293 3090 2355 'genere
3125 2270 3401 2347 prognatis

1827 2364 2143 2466 coniugibus
2172 2389 2463 2459 despectis,
2484 2397 2647 2454 super
2667 2389 2974 2435 exterorum
2992 2368 3233 2466 filiabus-
3257 2364 3402 2466 ittsa:

1829 2450 2031 2551 nireprt
2061 2450 2645 2544 testamentum'ipsum
2672 2476 2885 2539 patrum
2921 2458 3087 2533 842
3111 2450 3404 2525 profanes?

1828 2542 2097 2634 Illisenim
2117 2570 2315 2628 divinis
2334 2542 2538 2638 legibus
2558 2563 2623 2618 de
2675 2555 2972 2630 peregrinis
3012 2546 3272 2608 uxoribus
3322 2542 3404 2596 in.

1833 2669 2060 2726 terdicta
2085 2672 2387 2721 servarunt.
2423 2649 2884 2715 Audiebantenim
2913 2665 2928 2701 :
2971 2662 2990 2698 ι
3027 2641 3222 2697 Filiam
3254 2643 3402 2689 tuam

1982 2723 2136 2813 dabis
2165 2754 2276 2809 lilio
2308 2750 2423 2819 ejus
2456 2767 2469 2802 :
2516 2756 2568 2801 et
2621 2743 2784 2799 filiam
2821 2735 2991 2808 ipsius
3020 2746 3124 2788 non
3167 2723 3404 2819 accipies

1834 2850 1946 2904 lilio
1983 2856 2095 2900 tuo.
2132 2815 2532 2897 Seduce'tenim
2564 2833 2731 2888 filium
2761 2838 2911 2883 tuum
2945 2842 2973 2878 a
3007 2837 3113 2888 me,
3139 2829 3192 2873 et
3216 2815 3407 2871 abiens

1835 2941 2036 2998 serviet
2057 2936 2162 2991 diis
2192 2931 2389 2987 alienis
2412 2929 2478 2981 ".
2510 2945 2528 2978 ι
2569 2925 2670 2979 Ast
2704 2922 2756 2976 hi
2788 2914 3065 2974 oraculum
3110 2906 3263 2964 nihili
3323 2903 3405 2958 fa-

1836 3034 2043 3088 cientes
2071 3028 2243 3096 legem
2272 3019 2685 3078 conculcarunt.
2748 3020 2805 3065 et
2857 3014 3119 3078 quantum
3176 3000 3231 3054 in
3276 2996 3410 3066 ipsis

1841 3124 1942 3179 fuit
1965 3088 2343 3177 teStan-tentum
2370 3111 2734 3168 inlirmarunt,
2761 3110 2815 3157 et
2847 3098 3129 3169 profanum
3157 3088 3408 3147 reddide-

153 3179 565 3300 yazéparautoﬁ
594 3227 655 3279 οὐ
685 3179 937 3296 λήψῃτῷ
968 3186 1067 3294 υἱῷ
1098 3187 1222 3276 σου.
1629 3179 1735 3291 γὰρ

1842 3228 1987 3279 runt,
2014 3227 2136 3266 eum
2166 3207 2256 3277 qui
2292 3202 2531 3273 optimus
2563 3206 2647 3255 est
2678 3194 2856 3263 legum
2879 3187 3170 3243 violatione
3202 3179 3411 3237 contri-

2130 3299 2140 3300 ί
2360 3295 2377 3300 -
2686 3292 2699 3300 -
2858 3273 3243 3300 —_-_-......|.....
3320 3269 3409 3300 ...ις

153 3320 245 3374 τὸν
296 3319 417 3372 υἱόν
467 3333 560 3370 σου
606 3315 702 3370 ἀπ’
756 3313 913 3384 ἐμοῦ,
971 3313 1067 3365 καὶ
1123 3309 1406 3381 πορευθεὶς
1452 3307 1739 3378 λατρεύσει

156 3415 303 3474 θεοῖς
350 3409 575 3481 ἐτέροις.
614 3427 633 3459 ι
682 3409 746 3460 υί
798 3406 855 3459 δέ
910 3406 1041 3475 παρ’
1083 3402 1234 3456 οὐδὲν
1278 3399 1636 3471 ποιησάμενοι
1680 3396 1739 3450 τὸ

156 3501 568 3575 χρησμῲδημα,
594 3500 942 3569 πεπατήκασι
969 3496 1062 3550 τὸν
1090 3496 1275 3567 νόμον,
1298 3495 1411 3557 καὶ,
1432 3492 1493 3545 τό
1521 3506 1583 3561 γε
1607 3485 1741 3562 ἧκον

158 3597 236 3659 είς
276 3594 505 3657 αὐτοὺς,
543 3592 747 3663 ἁδρανῆ
793 3591 884 3645 καὶ
925 3588 1149 3661 βέϐηλον
1179 3584 1599 3641 ἀποτετελέκασι
1645 3580 1743 3650 τὴν

156 3684 454 3753 διαθήκην,
478 3681 771 3745 λυποῦντες
802 3684 922 3742 ταῖς
952 3677 1297 3750 παραϐάσεσι
1324 3674 1434 3728 τῶν
1457 3672 1636 3743 νόμων
1652 3670 1744 3722 τὸν

159 3775 409 3844 ἄριστον.
447 3769 860 3842 Κατατεθηπὼς
892 3770 948 3824 δέ
978 3769 1166 3838 ὥσπερ
1214 3767 1276 3819 τὸ
1312 3764 1607 3835 δρώμενον,
1652 3761 1746 3813 καὶ

160 3864 490 3934 ἀδικωτάτῳ
524 3862 669 3933 μίσει
712 3860 1200 3930 πλεονεκτούμενον
1235 3858 1445 3929 βλέπων
1474 3856 1534 3908 τὸ
1562 3854 1620 3919 ἐξ
1663 3852 1746 3904 αἴ-

165 3974 345 4027 ματος
383 3956 555 4009 Ἰούδα
600 3954 708 4007 τῶν
735 3954 974 4023 γυναίων
1020 3951 1191 4016 έθνος,
1235 3949 1425 4017 ἐπάγει
1456 3947 1546 4000 καί
1576 3960 1742 4015 φησιν

171 4045 649 4115 ιἘγκατελείφθη
685 4044 906 4107 Ἰούδας,
943 4063 961 4093 ι
1024 4042 1116 4095 καὶ
1158 4044 1214 4094 ἐν
1254 4043 1364 4101 τοῖς
1404 4038 1746 4090 κατοικοῦσιν

174 4137 557 4209 Ἰερουσαλὴμ,
587 4136 848 4207 Ὢ,φησὶ,
894 4133 1193 4205 παραδόξου
1237 4127 1592 4203 πράγματοςῑ
1646 4126 1746 4177 οὐκ

176 4230 517 4299 Ἀσσυρίοις,
554 4230 615 4282 οὑ
653 4229 911 4298 Πέρσαις,
948 4226 1048 4279 οὐκ
1086 4222 1423 4293 Ἐλαμίταις,
1454 4220 1515 4274 οὐ
1541 4220 1653 4283 τοῖς
1683 4218 1747 4270 ἐκ

164 4318 435 4388 γειτόνων
478 4319 724 4391 ἐχθροῖς,
773 4318 887 4371 ἀλλ’
922 4313 1070 4387 αὐτῷ
1102 4314 1180 4385 τῷ
1222 4312 1456 4384 Ἰσραὴλ,
1501 4312 1595 4365 καὶ
1637 4312 1748 4371 τοῖς

165 4410 491 4465 κατοικοῦσι
524 4411 623 4483 τὴν
659 4409 1014 4481 Ἰερουσαλὴμ
1059 4404 1309 4477 βδελυρός
1356 4421 1417 4457 τε
1465 4404 1561 4456 καὶ
1614 4417 1745 4454 κατ-

1839 3269 2062 3363 statrtes.
2114 3269 2527 3365 Obstupefactus
2615 3292 2794 3342 autem
2857 3273 3245 3352 propemodum
3320 3269 3411 3324 tali

1842 3399 2007 3463 facto,
2032 3404 2086 3447 et
2112 3390 2239 3447 odio
2293 3381 2633 3454 iniquissimo
2674 3389 2847 3445 genus
2894 3368 3178 3424 mulierum
3226 3359 3413 3416 Judai-

1841 3505 2026 3550 carum
2061 3470 2797 3557 oppressumcernens,|nec
2829 3462 3017 3519 addit:
3057 3478 3076 3511 ι
3116 3453 3416 3512 Derelictus

1842 3594 1925 3641 est
1951 3552 2149 3643 Judas,
2169 3593 2188 3628 ι
2218 3584 2272 3630 et
2298 3570 2440 3641 apud
2469 3565 2776 3621 habitantes
2811 3552 3137 3614 Jerusalem,
3170 3563 3203 3603 o
3268 3558 3406 3607 rem,

1845 3637 2040 3747 inquit,
2072 3637 2431 3737 inopinatam!
2476 3674 2579 3714 non
2617 3654 2757 3724 apud
2807 3648 3083 3720 Assyrios,
3126 3658 3233 3697 non
3285 3637 3417 3692 Per-

1846 3784 1958 3832 sas,
1988 3781 2091 3820 non
2115 3760 2399 3818 Elamitas,
2436 3768 2540 3807 non
2570 3748 2778 3802 vicinos
2806 3746 3012 3805 hostes,
3038 3736 3132 3791 sed
3182 3734 3236 3788 in
3303 3732 3417 3799 ipso

1845 3857 2010 3915 israel
2047 3864 2102 3911 et
2155 3849 2529 3909 habitantibus
2571 3839 2877 3899 Jerusalem
2931 3824 3315 3888 ahominabilis
3363 3829 3420 3877 et

1844 3950 2066 4003 odiosus
2096 3944 2270 3998 factus
2296 3949 2399 4003 est,
2430 3939 2479 3991 id
2511 3944 2612 3997 est,
2643 3945 2814 4003 genus
2840 3942 2905 3980 ex
2942 3923 3078 3978 .luda
3126 3929 3179 3972 et
3229 3913 3420 3971 mulie-

1850 4054 1963 4092 rum
1992 4033 2437 4106 propinquiorum
2467 4025 2651 4079 infelix
2682 4015 2996 4074 multitudo.
3055 4008 3208 4063 Scire
3240 4011 3418 4056 autem

1847 4131 1972 4187 licet
1989 4126 2236 4184 Israelem
2257 4121 2437 4177 vocari
2463 4121 2644 4172 decem
2672 4112 2845 4166 tribus
2871 4120 3013 4176 qum,
3035 4111 3162 4154 ante
3179 4106 3421 4161 tempora

1849 4215 2197 4290 captivitatis,
2232 4209 2533 4268 Samariam
2561 4200 2887 4264 incolebant,
2916 4207 3052 4262 quas
3103 4197 3155 4243 et
3211 4185 3420 4253 primus

1850 4269 2191 4378 inrAssyrios
2218 4312 2271 4357 et
2302 4298 2484 4355 Medos
2531 4293 2884 4350 Salmanasar
2916 4277 3195 4338 transtulit
3217 4275 3281 4328 ¹⁹.
3318 4269 3425 4326 Ila-

1852 4401 2087 4457 bitantes
2121 4408 2248 4449 vero
2280 4387 2578 4446 Jerusalem
2605 4382 2727 4437 illos
2746 4376 2991 4433 nominat
3056 4382 3191 4438 quos
3245 4362 3427 4419 Nabu-

166 4450 491 4465 ...ηνυηνυ
534 4450 621 4483 ..μ
680 4450 1014 4481 ..ρνυηηηιμ
1059 4450 1307 4477 ,--..-,.-,
1367 4450 1416 4457 η
1468 4450 1560 4456 ην-

163 4502 312 4575 ηχθη
323 4503 485 4573 μένος
510 4504 731 4572 γέγονεν
756 4504 785 4555 ὁ
822 4502 1042 4563 Ἰούδας,
1078 4494 1369 4559 τουτέστιν,
1400 4495 1461 4548 τὸ
1488 4494 1547 4561 ἐξ
1578 4491 1747 4545 Ἰούδα

1852 4488 2210 4546 chodouosor,
2248 4489 2487 4546 tempore
2540 4480 2827 4541 postrema:
2887 4455 3250 4531 captivitatis,
3294 4450 3427 4506 sub-

2108 4574 2139 4575 ”
2331 4569 2340 4575 ·
2544 4574 2550 4575 γ
2584 4563 2596 4575 ·
2745 4556 2900 4575 "nu-
2947 4547 3143 4575 .-.ωιτη
3167 4541 3402 4575 ἷιιηοηαῖα

164 4594 331 4662 γένος
358 4595 453 4648 καὶ
489 4597 521 4666 ἡ
557 4595 665 4647 τῶν
692 4592 1029 4664 ἀγχιστέρων
1063 4588 1299 4658 γυναίων
1326 4585 1486 4642 ἀθλία
1515 4583 1741 4655 πληθύς.

177 4686 387 4739 Ὶστέον
417 4685 474 4738 δέ
504 4687 586 4739 ὅτι
623 4684 839 4755 Ἰσραὴλ
868 4684 964 4753 μὲν
991 4680 1246 4751 ὀνομάζει
1276 4678 1376 4744 τὰς
1413 4679 1544 4732 δέκα
1574 4675 1748 4745 φυλὰς

164 4775 224 4829 αἲ
256 4778 655 4847 κατῳκήκασιν
677 4778 734 4829 ἐν
757 4779 822 4846 τῇ
851 4774 1155 4845 Σαμαρείᾳ,
1173 4774 1279 4844 πρὸ
1310 4771 1417 4825 τῶν
1438 4771 1539 4838 τῆς
1593 4770 1749 4837 αἰχμ-

165 4861 412 4925 αλωσίας
447 4862 670 4931 καιρῶν,
698 4861 764 4925 ἃς
795 4863 889 4915 καὶ
922 4861 1137 4932 πρῶτον
1172 4861 1450 4930 ἀπῴκισεν
1470 4860 1498 4911 ὁ
1533 4856 1750 4925 Σαλμα-

167 4955 351 5026 νασὰρ
381 4957 467 5018 είς
506 4956 825 5026 Ἀσσυρίους
863 4956 956 5008 καὶ
995 4954 1232 5024 Μήδους.
1265 4953 1403 5013 Τοὺς
1431 4949 1487 5003 δέ
1520 4966 1585 5016 γε
1617 4965 1748 5000 κατ-

166 5046 465 5109 οικοῦντας
503 5046 854 5118 Ἰερουσαλὴμ
887 5045 1128 5100 ἐκείνους
1164 5041 1301 5097 εἷναί
1328 5058 1460 5113 φησι
1490 5040 1582 5103 οὓς
1608 5033 1751 5091 εἷλεν

166 5138 195 5188 ὁ
228 5137 731 5208 Ναδουχοὸονόσορ,
775 5138 917 5192 κατὰ
947 5136 1040 5190 τὸν
1072 5135 1259 5206 καιρὸν
1305 5134 1406 5200 τῆς
1439 5130 1754 5194 τελευταίας

168 5232 589 5302 αἰχμαλωσίαςι
623 5234 1016 5305 κατεμπρήσας
1045 5231 1114 5285 τὰ
1149 5228 1517 5301 Ἰεροσόλυμα,
1542 5228 1634 5281 καὶ
1669 5224 1831 5279 αὐτὸν
1856 5223 1914 5277 δὲ
1943 5220 2035 5275 τὸν

1846 4578 2077 4665 iugavit,
2101 4541 2472 4638 llierosolvma
2504 4574 2558 4620 et
2584 4563 2699 4632 ipso
2726 4556 2906 4612 divino
2947 4547 3145 4618 templo
3167 4541 3425 4606 incensis,

1852 4635 1987 4743 huis
2019 4679 2073 4723 et
2123 4667 2175 4720 iu
2234 4635 2561 4733 Babylonem
2614 4651 2839 4707 abduxit
2868 4648 2937 4703 ὀ.
2968 4644 3202 4699 Accusat
3237 4635 3424 4703 igitur,

1855 4720 1985 4743 Ἰ---
2026 4720 2070 4723 --
2353 4720 2369 4733 _

1855 4762 1962 4815 imo
1992 4771 2117 4811 vero
2137 4768 2240 4807 non
2267 4750 2458 4805 leviter
2482 4760 2577 4801 eos
2610 4745 2909 4797 insectatur
2951 4731 3116 4805 quod,
3190 4720 3429 4782 dimissis

1855 4866 1921 4906 ex
1960 4848 2095 4903 Juda
2126 4843 2407 4904 uxoribus,
2436 4841 2517 4908 |;ex
2553 4831 2868 4903 alienigenis
2902 4832 3190 4897 prognatus
3227 4813 3430 4873 nefarie

1857 4942 2187 5002 asciverant,
2213 4932 2460 5005 quamvis
2490 4927 2732 4999 paternis
2770 4923 2884 4978 suis
2919 4917 3175 4975 muribus,
3210 4918 3268 4963 ut
3305 4915 3431 4961 ante

1858 5035 1991 5099 dixi,
2015 5029 2277 5086 tenaciter
2297 5026 2717 5084 adhzerenles,et
2740 5018 2792 5072 in
2817 5026 2976 5069 emno
2997 5000 3321 5064 idololatria!
3336 4996 3429 5052 ad-

1860 5129 1964 5181 huc
1999 5137 2120 5178 sese
2152 5119 2479 5174 volutantes.

2098 5217 2239 5270 θεῖον
2299 5212 2593 5283 ἐμπρήσας
2658 5206 2809 5268 ναὸν,
2842 5201 2935 5264 οὒς
2973 5196 3067 5252 καλ⁵
3099 5190 3432 5283 ἀπεκόμισεν

171 5274 589 5302 “Arnum-.-”
623 5274 753 5286 η-.-
811 5274 843 5285 ..
888 5274 1014 5296 .--ς
1056 5274 1114 5285 ...
1168 5274 1214 5284 .-
1263 5274 1409 5283 ---π
1464 5274 1517 5292 α,
1545 5274 1634 5281 ην-
1672 5274 1823 5279 η---
1866 5274 1905 5277 ρ

171 5320 253 5382 εἰς
289 5318 611 5373 Βαόυλῶνα.
641 5274 914 5384 Αίτιὲτάιξ
944 5318 1143 5390 μᾶλλον
1164 5274 1301 5371 δὲτοῠ
1336 5274 1561 5388 μεᾷίαν
1618 5312 1794 5367 αὐτῶν
1833 5312 2067 5364 ποιεῖται
2087 5306 2186 5378 τὴν
2208 5274 2486 5372 καταϐοὴν
2539 5299 2621 5352 ὅτι
2650 5296 2739 5366 δὴ,
2772 5290 3026 5364 μεθέντες
3051 5284 3146 5345 τὰς
3178 5277 3237 5343 ἐξ
3264 5274 3431 5329 Ἰούδα

227 5365 250 5382 ι
290 5365 611 5373 -τ--η--τ-
641 5365 911 5384 .--ην-η,
1169 5365 1218 5371 ν-
1249 5365 1296 5370 η
1625 5365 1648 5367 ν

173 5415 475 5480 γυναῖκας,
518 5413 849 5484 εἰσεδέχοντο
883 5410 1212 5482 παρανόμως
1252 5365 1358 5470 τάξ
1376 5411 1439 5460 ἐκ
1495 5405 1603 5459 τῶν
1645 5400 1977 5473 ἀλλοφύλων,
2010 5365 2209 5458 καίτοι,
2266 5365 2516 5461 καθάπερ
2567 5388 2667 5459 ήδη
2705 5365 3140 5456 γπῳεῖπονβῶν
3165 5365 3432 5441 πατρῴων

172 5505 325 5560 ἐθῶν
371 5505 541 5577 ἀπρὶξ
588 5480 873 5576 ἐχομένας,
925 5480 1021 5557 καὶ
1056 5504 1169 5566 τοῖς
1214 5500 1311 5571 τῆς
1360 5497 1802 5569 εἰδωλολατρείας
1841 5492 2124 5565 βορϐόροις
2153 5484 2641 5558 ἐγκυλινδουμὲνας
2673 5480 2774 5534 ἔτι.

250 5598 716 5672 Παραφυλακτέον
748 5598 801 5652 δέ
835 5599 925 5651 καὶ
954 5598 1084 5666 ἡμῖν
1109 5594 1291 5657 αὐτοῖς
1316 5595 1427 5655 τοῖς
1454 5592 1509 5644 ἐν
1533 5588 1755 5661 Χριστῷ

253 5778 300 5815 ι’
342 5775 536 5846 Ephes.
568 5792 641 5847 tv,
679 5776 730 5834 6.
809 5777 852 5807 "
888 5774 1042 5829 Deut.
1074 5788 1171 5839 ut,
1197 5771 1247 5835 5,
1284 5768 1333 5822 ι.

1451 5769 1489 5799 ’³
1518 5766 1577 5823 IV
1616 5765 1743 5835 [λικε.
1777 5779 1927 5826 xvtn,
1960 5759 1992 5816 9
2055 5774 2205 5830 seqq.

1932 5555 2236 5641 Cavendum
2261 5588 2441 5635 autem
2466 5587 2520 5631 et
2547 5572 2701 5629 nobis
2742 5570 2871 5640 ipsis
2904 5567 2955 5621 in
2982 5562 3201 5621 Christo
3228 5555 3433 5628 justiti--~

2287 5757 2330 5789 ³⁸
2352 5752 2419 5811 IV
2453 5753 2583 5821 Reg.
2624 5765 2746 5810 ην,
2779 5744 2811 5799 9
2841 5758 2992 5820 seqq.
