4070 6524
612 364 724 425 σεςδ
1625 369 1683 425 S.
1726 369 2005 427 CYRILLI
2044 366 2514 423 ALEXANDRINI
2555 368 2881 426 ARClllEP.
3771 367 3901 422 3‘20

609 478 748 534 catis
770 487 843 547 et,
872 493 967 549 per
996 479 1153 536 iidem
1182 480 1234 535 iu
1259 481 1454 551 ipsum,
1475 486 1646 539 sancti
1672 485 1906 556 Spiritus
1932 502 2175 541 comnm-

2294 483 2741 555 Ξεδικαιωμένοις,
2783 482 2877 536 καὶ
2905 481 2993 534 διὰ
3018 480 3113 550 τῆς
3163 481 3241 542 είς
3289 478 3454 533 αὑτὸν
3488 480 3726 543 πίστεως
3772 481 3899 550 τὴν

611 568 824 624 nionem
857 569 1161 625 consecutis
1197 571 1263 636 ",
1290 585 1356 623 ne
1388 571 1841 627 commisceantur
1864 574 2187 641 quibusdam

2294 573 2384 628 τοῦ
2445 575 2601 642 ἁγίου
2668 573 2985 643 Πνεύματος
3045 569 3270 640 λαχοῦσι
3341 569 3583 640 μέθεξιν,
3646 570 3711 623 τὸ
3762 574 3905 625 ἑπι-

611 674 772 714 sensu
801 662 1088 730 perversis,
1106 671 1357 733 etnteute
1384 662 1644 730 profanis,
1667 675 1720 719 et
1755 680 1783 717 a
1810 666 1913 720 lide
1932 682 2187 736 germana

2294 667 2587 737 μίσγεσθαί
2631 684 2794 727 τισιν.
2840 666 3001 733 οἵπερ
3048 664 3113 717 ἂν
3161 658 3273 716 εἶεν
3306 662 3737 732 διεστραμμένα
3791 664 3903 715 τὸν

612 748 828 806 alienis.
855 750 919 805 Hi
941 754 1084 806 enim
1108 755 1571 827 suntalienigena:
1617 768 1672 813 et
1707 758 1887 827 lingua
1943 758 2186 827 barbari,

2294 757 2415 810 νοῦν
2457 756 2675 827 βέϐηλοι
2704 774 2763 809 τε
2790 755 2891 818 τὰς
2921 754 3158 825 φρένας,
3188 753 3282 806 καὶ
3315 750 3415 822 τὴν
3449 752 3635 805 πίστιν
3664 751 3903 821 ἔχοντες

609 850 665 895 et
698 857 949 911 perversa
983 844 1295 915 loquuntur.
1321 850 1451 905 Cum
1475 852 1668 921 quibus
1684 852 1774 922 qui
1800 854 2186 908 commercium

2294 847 2389 898 οὐκ
2417 845 2602 916 ὀρθήν.
2624 845 2957 912 Ἀλλογενεῖς
2989 842 3096 914 γὰρ
3129 837 3277 896 οὗτοι
3313 842 3408 894 καὶ
3438 840 3899 912 βαρϐαρόφωνοι,

614 932 879 999 habuerit,
915 935 1216 994 fmdissime
1241 940 1530 1009 polluetur.
1568 941 1841 1012 Scriptum
1874 954 1962 997 est
1996 945 2141 998 enim
2170 958 2184 998 :

2294 938 2385 990 καὶ
2433 937 2722 999 λαλοῦντες
2782 933 3217 1004 διεστραμμένα.
3274 926 3372 994 Οἷς
3424 933 3475 983 εί
3532 931 3902 1017 ἑπιμίσγοιτό

617 1043 635 1073 ε
674 1023 773 1091 Qui
811 1028 1047 1098 tetigerit
1088 1032 1262 1098 picem
1309 1034 1676 1103 inquinabitur
1709 1037 1775 1089 ab
1820 1050 1884 1090 ea
1919 1038 1983 1088 ³⁸.
2053 1037 2185 1091 Cum

2294 1047 2395 1095 τις,
2461 1030 2635 1098 πάντη
2680 1046 2739 1081 τε
2799 1027 2895 1080 καὶ
2942 1026 3158 1089 πάντως
3209 1024 3742 1095 καταμιανθήσεται.
3800 1024 3847 1076 Γ
3851 1023 3902 1075 έ-

612 1129 741 1187 ergo
764 1117 1177 1176 liceatlructum
1232 1121 1374 1178 ferre
1432 1126 1787 1188 spiritualiter
1838 1128 1890 1181 iu
1925 1128 2187 1185 Ecclesiis

2294 1138 2533 1192 γραπται
2581 1120 2716 1191 γάρ’
2762 1140 2779 1171 ‹
2826 1121 2883 1173 Ὀ
2929 1118 3236 1188 ἁπτόμενος
3295 1117 3501 1187 πίσσης
3545 1115 3901 1187 μολυνθήσε-

613 1209 833 1276 Christi,
866 1226 986 1280 qua:
1014 1216 1148 1269 ratio
1174 1215 1335 1270 fuerit
1366 1218 1502 1273 velle
1528 1218 1687 1274 aliter
1740 1220 1886 1275 velut
1920 1221 2185 1290 copulari,

2294 1230 2398 1266 ται.
2436 1232 2454 1263 ι
2502 1211 2652 1278 Ἑξὸν
2702 1207 2795 1265 οὖν
2843 1210 2949 1281 ἄρα
3001 1210 3374 1309 καρποφορεῖν
3404 1206 3719 1309 νοητῶςέν
3758 1207 3901 1309 'Ex:

614 1312 667 1355 ct
693 1307 1091 1362 communicare
1127 1309 1368 1378 profanis
1396 1315 1709 1384 synagogis,
1735 1324 1790 1370 et
1810 1316 2184 1372 universorum

2294 1303 2538 1374 κλησίαις
2581 1302 2857 1374 Χριστοῦ,
2921 1302 3004 1364 τίς
3049 1300 3157 1370 γὰρ
3198 1301 3266 1353 ἂν
3314 1298 3523 1368 γένοιτο
3579 1298 3741 1366 λόγος
3793 1298 3902 1350 τοῦ

614 1392 780 1448 D:um
809 1397 1067 1454 adversus
1093 1414 1150 1455 se
1177 1405 1534 1472 exasperare?

2294 1396 2463 1448 θέλειν
2492 1395 2690 1466 ἑτέρως
2724 1394 2887 1448 οίονεί
2929 1412 3046 1458 πως
3072 1392 3443 1447 συνάπτεσθαι
3479 1393 3576 1446 καὶ
3601 1392 3901 1446 κοινωνεῖν

2289 1484 2554 1554 βεϐήλοις”
2585 1486 2929 1553 συναγωγαῖς
2998 1483 3095 1536 καὶ
3170 1482 3505 1553 καταθὴγειν
3544 1483 3631 1550 ἐφ’
3667 1482 3903 1541 ἑαυτοῖς

2287 1575 2376 1628 τὸν
2406 1574 2514 1628 τῶν
2543 1576 2680 1629 ὅλων
2704 1576 2836 1629 Θεόν
2859 1591 2873 1640 ;

680 1694 843 1767 843
880 1698 1041 1755 VERS.
1078 1702 1162 1767 ll,
1232 1704 1311 1757 12.
1387 1706 1524 1771 Quia
1584 1714 1959 1768 contaminavit
2010 1715 2184 1771 ludas

2359 1709 2512 1763 Διότι
2557 1708 2933 1777 ἐϐεϐιξλωσεν
2967 1708 3200 1774 Ἰούδας
3230 1705 3303 1760 τὰ
3334 1705 3473 1775 ἅγια
3506 1706 3755 1771 Kvpl'ov,
3794 1704 3902 1757 καί

611 1799 792 1839 sancta
819 1788 1044 1854 Domini,
1075 1804 1120 1845 et
1158 1795 1343 1864 quibus
1370 1798 1578 1863 dilexit,
1609 1811 1657 1854 et
1699 1803 1901 1858 studuit
1945 1807 1999 1860 in
2060 1809 2182 1862 deos

2294 1796 2378 1867 οἷς
2415 1799 2713 1869 ἠγάπησε,
2755 1799 2853 1853 καὶ
2886 1798 3297 1865 ἐπετήδευσεν
3340 1798 3428 1861 εἱς
3480 1795 3657 1859 θεοὺς
3698 1794 3901 1846 ἀλλο-

612 1878 829 1932 alienos.
865 1881 1133 1949 Disperdet
1171 1886 1424 1942 Dominus
1450 1892 1709 1946 hominem
1742 1896 1831 1963 qui
1884 1896 2014 1966 facit
2054 1900 2185 1965 Itwr,

2294 1894 2515 1963 τρίους.
2552 1891 2998 1959 Ἑξολοθρεύσει
3042 1892 3255 1958 Κύριος
3291 1889 3398 1943 τὸν
3426 1888 3753 1955 ἄνθρωπον
3790 1885 3857 1935 τέ
3871 1902 3907 1934 ι·

611 1970 775 2022 donec
822 1972 1128 2028 humi/ietur
1191 1995 1256 2032 ea:
1335 1983 1689 2038 tabernaculis
1744 1987 1932 2052 Jacob,
2007 2002 2053 2045 et
2128 2009 2187 2046 ea:

2294 1984 2580 2039 ποιοῦντα
2624 1983 2840 2048 ταῦτα,
2873 1983 2982 2048 ἕως
3021 1981 3115 2037 καί
3158 1976 3494 2045 ταπεινωθῇ
3535 1977 3604 2031 ἐκ
3652 1989 3906 2071 σκηνιυὶ

610 2060 691 2114 his
763 2066 853 2132 qui
933 2068 1161 2137 o/ferunt
1229 2075 1548 2144 sacriﬁcium
1656 2079 1877 2135 Domino
1953 2087 2187 2145 omnipo-

2294 2076 2490 2145 μάτων
2535 2072 2752 2136 Ἰακὼϐ,
2798 2073 2893 2126 καί
2935 2074 3003 2126 ἐκ
3056 2072 3489 2141 προσαγόντων
3532 2067 3763 2123 θυσίαν
3823 2080 3908 2125 τῳ

613 2154 760 2207 lenti.
2290 2168 2489 2235 Κυρίῳ
2526 2164 2982 2233 παντοκράτορι.

2365 2279 2508 2343 καθ.
2551 2275 2905 2347 Μεμισῆσθαί
2950 2292 3084 2346 φησι
3121 2277 3215 2329 τὸν
3252 2270 3474 2335 Ἰούδαν,
3501 2274 3563 2326 οὐ
3606 2272 3746 2342 παρ’
3774 2269 3903 2322 ἑτέ-

2294 2385 2385 2436 ρου
2411 2385 2502 2420 του
2532 2368 2641 2421 τῶν
2662 2366 2988 2435 ἀλλογενῶν,
3016 2366 3154 2420 ἀλλὰ
3188 2367 3320 2434 παρ’
3351 2363 3520 2419 αὑτοῦ
3554 2362 3652 2417 τοῦ
3693 2361 3901 2425 Ἰούδα,

2291 2459 2700 2529 βεϐηλώσαντος
2737 2459 2827 2512 τὸν
2861 2459 3045 2529 νόμον,
3077 2457 3167 2512 διὰ
3214 2474 3279 2525 γε
3322 2455 3416 2510 τοῦ
3458 2452 3904 2527 προσκεκλίσθαι

2290 2551 2463 2618 φιλεῖν
2494 2553 2757 2618 γυναῖκας
2788 2549 3025 2613 ὀθνείας,
3053 2548 3147 2602 καὶ
3179 2548 3248 2601 τὰ
3283 2547 3507 2600 ἐκείνων
3542 2543 3770 2598 ἑλέσθαι
3805 2543 3905 2612 ζη-

2287 2644 2423 2706 τεῖν,
2450 2641 2735 2710 ἀγαπῆσαί
2766 2658 2825 2693 τε
2853 2641 2952 2713 τὴν
2990 2640 3292 2694 ἀπόστασιν
3317 2637 3415 2709 τὴν
3455 2637 3564 2691 ἀπὸ
3603 2636 3699 2688 τοῦ
3731 2633 3903 2696 Θεοῦ,

2289 2731 2385 2785 καὶ
2419 2732 2537 2793 ταῖς
2579 2729 2688 2784 τῶν
2736 2728 2971 2783 εἰδώλων
3005 2726 3363 2800 προσκεῖσθαι
3408 2725 3713 2796 λατρείαις.
3762 2724 3902 2775 Ἀπ-

2290 2823 2609 2894 εκομίζοντο
2640 2822 2770 2893 γὰρ,
2795 2822 2872 2885 ώς
2909 2822 3070 2893 ἔφην,
3101 2822 3236 2892 πρὸς
3262 2819 3423 2873 τοῦτό
3455 2835 3599 2881 τινες
3626 2818 3759 2879 ταῖς
3790 2832 3903 2867 πα-

2291 2916 2541 2986 ρανόμως
2576 2914 3054 2986 συνηρμοσμέναις
3087 2913 3367 2983 ἑπόμενοι,
3392 2912 3487 2966 καὶ
3516 2912 3629 2974 τοῖς
3657 2907 3904 2962 ἐκείνων

2289 3006 2552 3078 θελήμασι
2604 3007 2779 3060 πάντα
2817 3006 3054 3069 σείοντες
3104 3004 3307 3058 κάλων.
3373 3001 3644 3071 Καθάπερ
3688 2998 3904 3068 ἀμέλει

2288 3097 2383 3149 καὶ
2415 3097 2472 3149 ἐν
2523 3096 2759 3159 Σεττεὶν,
2811 3096 3151 3166 συνήπτοντο
3211 3094 3312 3165 μὲν
3364 3096 3483 3155 ταῖς
3534 3088 3907 3146 Μαδιανιτῶν

1656 2079 1877 2135 Domino
1953 2087 2189 2154 omnipo-

682 2267 869 2325 XXVl.
896 2271 1151 2330 Odiosum
1185 2277 1382 2333 factum
1433 2283 1509 2336 ait
1561 2283 1777 2349 Judam,
1812 2304 1919 2342 non
1946 2291 2015 2345 ab
2081 2292 2188 2349 alio

609 2356 1061 2430 alienigenarum,
1096 2370 1191 2421 sed
1222 2369 1289 2422 ab
1330 2369 1445 2438 ipso
1467 2369 1627 2438 Juda,
1657 2376 1746 2443 qui
1782 2379 2083 2446 profanarit
2109 2381 2189 2437 le-

608 2465 751 2518 gem,
783 2461 839 2506 et
879 2453 1233 2511 declinaverit
1262 2460 1327 2513 ad
1366 2464 1625 2519 amandas
1664 2467 1917 2523 mulieres
1948 2473 2188 2541 peregri-

609 2555 724 2606 nas,
757 2550 811 2597 et
833 2543 899 2598 ad
930 2545 1120 2601 iisdem
1152 2552 1564 2618 gratiﬁcandum
1598 2556 1648 2609 iu
1706 2560 1979 2624 omnibus,
2034 2578 2186 2617 anta-

608 2633 852 2704 veritque
879 2637 1235 2695 defectionem
1266 2660 1295 2697 a
1324 2646 1454 2710 Deo,
1479 2656 1534 2701 et
1563 2662 1623 2702 se
1647 2650 1883 2706 cultibus
1918 2654 2187 2711 idolorum

609 2722 906 2782 devoverit.
957 2726 1190 2785 Adducti
1244 2743 1371 2787 sunt
1398 2736 1544 2790 enim
1601 2753 1666 2793 eo
1696 2740 1935 2809 quidam,
1967 2754 2026 2797 ut
2050 2745 2184 2811 dixi,

608 2826 895 2883 sequentes
920 2835 1059 2889 quas
1085 2824 1186 2880 sibi
1217 2826 1419 2896 iujusto
1454 2831 1800 2888 matrimonio
1818 2836 2184 2905 sociaverant,

608 2915 661 2956 et
691 2919 876 2960 earum
898 2910 1160 2968 voluntati
1193 2930 1287 2980 per
1304 2918 1482 2972 omnia
1501 2920 1956 2980 obsecundantes.
2028 2926 2185 2984 Sicut

612 2995 864 3051 nimirum
892 3001 1055 3057 etiam
1090 3005 1140 3059 in
1173 3005 1388 3073 Settim,
1442 3010 1809 3081 iungebantur
1858 3016 2185 3075 Madiauita-

613 3102 729 3140 rum
764 3088 878 3145 sive
901 3091 1255 3152 Moabitarum
1283 3100 1494 3157 ﬁliabus
1525 3104 1616 3173 qui
1643 3121 1706 3160 ex
1735 3105 1972 3178 Egypto
2026 3111 2182 3167 liberi

611 3180 861 3248 exibant;
896 3185 987 3253 qui
1016 3188 1176 3255 paulo
1201 3202 1319 3259 post
1342 3207 1406 3246 eo
1440 3193 1779 3251 delirationis
1809 3209 1863 3253 et
1888 3200 2186 3269 impietatis

2294 3190 2407 3260 ἤτοι
2438 3187 2745 3242 Μωαϐιτῶν
2778 3189 3023 3257 γυναιξὶν
3058 3189 3107 3240 οί
3137 3187 3198 3251 ἐξ
3231 3185 3508 3255 Αἰγύπτου
3540 3182 3908 3284 λελυτρωμέῗ

610 3272 883 3341 abierunt,
911 3288 968 3332 ut
996 3282 1523 3340 etiamiuitiarentur
1560 3286 1919 3360 Beelpbegor.
1959 3292 2187 3364 Propter

2294 3296 2390 3332 νοι.
2422 3278 2773 3333 Κατώλισθον
2799 3279 2855 3331 δὲ
2888 3277 3029 3331 κατὰ
3069 3277 3242 3348 βραχὺ
3273 3276 3467 3347 ληρίας
3499 3278 3578 3339 είς
3602 3274 3778 3328 τοῦτο
3809 3274 3906 3325 καὶ

612 3364 751 3419 istud
783 3367 986 3424 crimen
1020 3371 1200 3427 miseri
1230 3377 1571 3445 perierunt”.
1603 3378 1785 3448 Itaque
1816 3383 2186 3440 universorum

2294 3370 2512 3435 ἀνοσίας
2557 3371 2784 3443 φρενὸς,
2827 3370 2967 3423 ὥστε
3005 3370 3097 3423 mi.
3137 3369 3459 3439 τελεσθῆναι
3513 3367 3590 3439 τῷ
3644 3366 3901 3435 Βεελιρες

613 3452 753 3512 Deus
789 3459 900 3515 haec
932 3461 1217 3520 facientem
1248 3477 1297 3521 et
1332 3484 1552 3538 operum
1591 3473 1727 3529 adeo
1755 3474 2063 3531 illicitorum
2087 3479 2189 3533 im-

609 3548 693 3616 pie
717 3552 1017 3610 studiosum
1044 3569 1391 3627 exsecratur;
1417 3574 1470 3617 et
1490 3566 1534 3619 si
1559 3566 1777 3635 quidem
1817 3567 1979 3623 fuerit
2008 3570 2072 3625 de
2091 3585 2185 3640 po-

609 3641 754 3710 pulo,
784 3644 956 3701 donec
984 3651 1377 3735 exterminetur
1403 3671 1433 3710 a
1473 3657 1840 3714 tabernaculis
1863 3658 2059 3724 Israel,
2087 3663 2188 3717 hoc

609 3741 713 3797 est,
740 3735 910 3793 donec
940 3737 1179 3798 funditus
1229 3758 1435 3814 pereat,
1463 3759 1518 3803 et
1546 3766 1612 3804 ne
1652 3750 1931 3806 exstitisse
1965 3754 2186 3822 quidem

610 3826 839 3897 amplius
871 3833 1097 3890 sciatur.
1132 3836 1187 3891 Si
1212 3840 1335 3907 quis
1366 3851 1548 3895 autem
1576 3843 1643 3897 de
1696 3843 1891 3899 ordine
1929 3846 2190 3902 sacerdo-

610 3927 721 3971 tum
758 3920 942 3989 luerit,
970 3925 1142 3983 donec
1172 3931 1485 3989 bumilietur
1507 3949 1572 3990 ex
1600 3936 1685 3991 Itis
1711 3937 1799 4006 qui
1840 3937 2077 3994 oderunt
2104 3955 2188 3996 sa-

609 4011 872 4069 criticium
893 4018 1124 4078 Domino
1150 4026 1534 4096 omnipotenti,
1570 4029 1623 4084 id
1662 4041 1767 4098 est,
1787 4033 1959 4090 donec
2002 4044 2190 4103 pereat

608 4113 663 4158 et
702 4122 733 4161 e
775 4112 1018 4183 catalogo
1066 4119 1412 4174 sacerdotum
1462 4133 1821 4194 expungatur.
1877 4125 1990 4182 Una
2043 4129 2186 4184 enim

607 4198 921 4259 sacerdotes
971 4205 1213 4275 quidam,
1274 4218 1332 4264 ut
1384 4212 1513 4279 dixi,
1555 4229 1677 4269 cum
1723 4216 1845 4273 aliis
1897 4220 2085 4277 eodem
2130 4235 2189 4277 se

607 4288 818 4353 piaculo
846 4306 954 4361 quo
1021 4297 1248 4366 populus
1298 4301 1736 4371 obstrinxerunt,
1796 4308 2191 4382 mulierumque

610 4384 1017 4452 peregrinarum
1044 4393 1218 4447 amori
1249 4397 1690 4467 succumbentes,
1722 4402 1945 4457 oracula
2001 4403 2187 4461 divina

610 4485 827 4538 prorsus
860 4477 1278 4547 vilipenderunt.

681 4734 945 4802 Quocirca
978 4743 1023 4799 si
1055 4746 1372 4804 maledictus
1400 4760 1485 4808 est
1508 4754 1599 4821 qui
1630 4754 1796 4809 Deum
1828 4757 2005 4812 irritat
2037 4776 2191 4814 mun-

611 4826 888 4900 danasque
915 4836 1135 4895 delicias
1166 4840 1281 4909 ejus
1302 4843 1470 4913 jussis
1505 4846 1765 4916 praeferre
1796 4864 1902 4903 non
1934 4850 2188 4908 reformi-

610 4920 723 4986 dat,
751 4936 818 4978 ne
835 4924 1086 4984 virtutem
1113 4947 1504 5002 aspernemur;
1536 4939 1649 5003 sed,
1673 4937 1778 4992 illis
1808 4941 2029 4997 omnino
2056 4958 2190 4998 con—

614 5015 850 5083 templis,
906 5021 1220 5078 annitamur
1252 5028 1431 5095 potius
1469 5030 1804 5086 ornamentis
1865 5034 2191 5091 obedientire

610 5104 817 5162 animas
844 5120 1057 5169 nostras
1087 5115 1380 5172 illustrare.
1404 5119 1494 5174 Sic
1518 5121 1663 5175 enim
1712 5137 1742 5176 a
1773 5123 2058 5181 maledicto
2083 5126 2189 5181 im-

610 5212 800 5255 munes
831 5216 895 5257 ac
922 5204 1122 5262 liberos
1173 5223 1237 5263 ex
1279 5213 1694 5269 mansuetudine
1745 5230 1840 5271 sua
1884 5216 2040 5273 bonis
2089 5235 2191 5277 nos

610 5291 988 5351 universorum
1014 5297 1276 5357 Dominus
1310 5304 1595 5373 saginabit.

682 5494 846 5553 Vens.
882 5500 968 5557 l5.
1000 5502 1068 5557 Et
1118 5504 1229 5559 luet:
1255 5521 1373 5573 qua:
1400 5507 1610 5561 oderam
1647 5509 1943 5576 faciebatis.
1968 5513 2186 5582 Operie-

613 5587 743 5644 bolis
772 5589 1023 5661 lacrymis
1048 5600 1217 5650 altare
1252 5596 1484 5664 Domini,
1536 5611 1584 5653 et
1647 5601 1860 5668 planctu
1918 5613 1966 5658 et
1995 5606 2187 5674 gemitu

684 5772 725 5808 ¹²
751 5773 768 5829 l
798 5774 920 5832 Cor.
960 5793 1032 5843 τι,
1076 5779 1170 5843 ll;

1250 5777 1289 5831 ll
1320 5779 1446 5833 Cur.
1473 5796 1542 5845 ιν,
1596 5780 1680 5835 l5.
1759 5784 1801 5814 ¹¹
1838 5781 2003 5837 Ειεοιί.
2046 5798 2164 5849 xm,
2196 5783 2242 5837 l.

2290 3461 2427 3534 γώρ.
2455 3462 2669 3530 Ταύτης
2707 3462 2870 3515 ἕνεκα
2902 3462 3001 3526 τῆς
3043 3460 3224 3523 αἰτίας
3254 3461 3302 3512 οί
3352 3458 3578 3522 τάλανες
3624 3455 3903 3509 διολώλα-

2291 3570 2396 3606 σιν.
2433 3553 2734 3624 Ἐπαρᾶται
2768 3553 2832 3623 δὴ
2861 3548 2954 3606 οὖν
2980 3555 3008 3606 ὁ
3042 3552 3151 3605 τῶν
3178 3552 3314 3605 ὅλων
3341 3551 3474 3614 Θεὸς
3503 3550 3594 3603 τὸν
3622 3547 3904 3602 ποιοῦντα

2288 3644 2461 3698 ταῦτα
2491 3648 2584 3699 καὶ
2606 3646 2716 3699 τῶν
2742 3644 2913 3709 οὕτως
2936 3645 3184 3699 ἐκτόπων
3210 3644 3628 3716 ἐγχειρημάτων
3651 3642 3905 3704 ἀνοσίως

2290 3740 2675 3813 ἐπιηδευτὴν·
2710 3741 2803 3794 καὶ
2835 3742 2991 3811 εἴπερ
3021 3758 3105 3802 τις
3140 3739 3229 3810 εἴη
3261 3738 3433 3793 τελῶν
3476 3738 3534 3791 ἐν
3570 3737 3755 3800 λαοῖς,
3798 3736 3904 3796 ἑως

2289 3829 2355 3882 ἂν
2399 3830 2694 3902 ὀλοθρευθῇ
2740 3832 2805 3885 ἐκ
2852 3830 3229 3902 σκηνωμάτων
3274 3828 3524 3902 Ἰσραὴλ,
3574 3827 3904 3887 τουτέστιν,

2289 3921 2395 3986 ἓως
2423 3923 2488 3976 ἂν
2519 3923 2782 3988 ὀλοτελῶς
2813 3924 3100 3978 ἀπόλλοιτο
3137 3924 3232 3978 κα)⁸
3277 3923 3376 3994 τὴν
3415 3921 3511 3974 τοῦ
3552 3918 3904 3988 γεγενῆσθαι

2294 4014 2516 4085 μνήμην
2547 4014 2933 4086 ζημιούμενος.
2960 4017 3022 4069 Εἰ
3057 4016 3120 4087 δή
3150 4032 3234 4079 τις
3276 4013 3364 4085 εἴη
3392 4010 3503 4067 τῶν
3529 4010 3903 4079 τεταγμένων

2290 4108 2369 4166 εἰς
2416 4107 2776 4177 ίερουργείαν,
2804 4108 2910 4171 ἓως
2944 4107 3010 4162 ἂν
3038 4106 3354 4178 ταπεινωθῇ
3386 4107 3454 4160 ἐκ
3496 4102 3904 4176 προσαγόντων

2291 4197 2481 4252 θυσίαν
2512 4197 2593 4269 τῷ
2624 4198 2813 4270 Κυρίῳ
2854 4200 3282 4271 παντοκράτορι,
3316 4198 3586 4262 τουτέστι,
3620 4196 3805 4266 ἄχρις
3840 4196 3904 4249 ἂν

2290 4290 2575 4348 ἀπόλλοιτο
2603 4292 2697 4343 καὶ
2722 4291 2829 4344 τῶν
2856 4292 3141 4362 ίερατικῶν
3172 4293 3516 4362 ἑκπέμποιτο
3539 4289 3900 4359 καταλόγων.

2290 4383 2735 4456 Συγκατώλισθον
2763 4385 2871 4456 γὰρ
2892 4388 3004 4447 τοῖς
3031 4386 3209 4449 ἄλλοις
3240 4386 3335 4438 καὶ
3359 4384 3469 4438 τῶν
3501 4381 3690 4454 ἱερέων
3712 4384 3902 4447 τινὲς,

2290 4479 2365 4543 ώς
2390 4478 2547 4548 ἔφην,
2564 4479 2643 4540 εἰς
2664 4477 2734 4529 τὰ
2755 4477 2897 4530 λαῶν
2918 4478 3086 4550 ἑγκλή
3097 4496 3263 4549 ματα,
3288 4479 3382 4531 καὶ
3405 4476 3638 4545 γυναίων
3660 4474 3903 4528 ὀθνείων

2222 4560 2268 4615 Ῐ)
2296 4571 2557 4643 ἡττῶντο,
2588 4569 2694 4623 τῶν
2740 4568 2899 4623 θείων
2935 4570 3430 4642 χρησμῳδημάτων
3465 4569 3697 4623 είσάπαν
3728 4568 3902 4638 ὴφει-

2296 4662 2543 4726 ὀηκότες.

2328 4679 2574 4808 ηὲἒτίιὲν
2606 4757 2653 4808 εἰ
2693 4755 2963 4826 ἐπάρατος
2991 4754 3019 4806 ὁ
3065 4751 3421 4823 παροτρύνων
3454 4749 3586 4804 Θεὸν
3627 4750 3727 4802 καὶ
3784 4751 3901 4811 τοῖς

2297 4847 2426 4917 παρ’
2458 4845 2623 4899 αὑτοῦ
2665 4845 3027 4916 θεσπίσμασιν
3069 4843 3387 4911 ἀντεξάγειν
3437 4840 3733 4911 ἐπιχειρῶν
3801 4841 3901 4902 τὰς

2293 4940 2348 4991 ἑν
2382 4937 2572 5008 κόσμῳ
2605 4937 2834 5008 τρυφὰς,
2867 4937 2940 5008 μὴ
2973 4934 3371 5006 παραιτώμεθα
3402 4932 3499 5004 τὴν
3531 4930 3764 5001 ἀρετὴν,
3803 4931 3902 4983 καὶ

2292 5030 2448 5099 λόγος
2490 5032 2589 5103 μὲν
2638 5031 2863 5084 ἐκείνων
2896 5029 3134 5099 γενέσθω
3185 5026 3396 5099 μηδεὶς,
3443 5024 3813 5093 ἐπειγώμεθα
3843 5023 3900 5076 δὲ

2297 5124 2495 5193 μᾶλλον
2534 5126 2645 5187 τοῖς
2687 5124 2765 5187 είς
2814 5122 3126 5176 εὐπείθειαν
3184 5121 3472 5191 αὐχήμασι
3529 5117 3626 5182 τὰς
3675 5118 3899 5171 ἑαυτῶν

2294 5216 2749 5287 καταφαιδρύνειν
2808 5216 3006 5287 ψυχάς.
3064 5216 3440 5286 ’Λπρακτήσει
3489 5214 3596 5283 γὰρ
3631 5212 3789 5266 οὓτω
3837 5212 3899 5275 ἐξ

2297 5307 2457 5376 ἀρᾶς,
2486 5306 2722 5368 καὶτοῖς
2754 5304 2828 5375 eg
2878 5306 3014 5367 ίδίας
3058 5303 3398 5374 ἡμερότητος
3447 5302 3673 5369 ἀγαθοῖς
3713 5302 3743 5351 ὁ
3781 5298 3896 5350 τῶν

2297 5397 2432 5450 ὅλων
2465 5399 2612 5468 ἡμᾶς
2648 5401 2973 5451 καταπιανεῖ
3009 5396 3307 5465 Δεσπότης.

2368 5512 2476 5566 Καὶ
2527 5510 2713 5564 ταῦτα
2768 5509 2807 5564 ἂ
2850 5511 3104 5579 ἐμίσουν·
3158 5508 3431 5563 ἐποιεῖτε.
3486 5504 3897 5557 Ἐκαλύπτετε

2297 5605 2549 5674 δάκρυσι
2584 5603 2649 5657 τὸ
2689 5603 3125 5673 θυσιαστήριον
3161 5602 3404 5672 Κυδτλίου,
3441 5598 3535 5653 καὶ
3577 5594 3889 5666 κλαυθμῷ,

2319 5782 2367 5813 η
2399 5780 2559 5837 Num.
2596 5798 2720 5850 xxv,
2759 5782 2776 5835 ι
2816 5794 2966 5851 scqq.
