4070 6512
165 373 269 431 εει

1022 364 1575 421 COMMENTARIUS
1616 364 1681 419 IN
1726 364 2131 418 MALACIHAM
2173 364 2613 420 PROPIIETAM.

3323 374 3428 430 3'22

163 485 271 540 καί
318 480 626 551 στεναγμῷ
664 480 730 533 ἐκ
777 480 997 532 κόπων.
1046 481 1169 533 Ἔτι
1209 479 1382 543 ἄξιον
1418 479 1758 547 ’ἐπιϐλέψαι

1863 496 1926 532 ex
1952 478 2240 533 laboribus.
2272 480 2455 531 Adhuc
2482 479 2693 547 dignum
2723 478 2972 543 respicere
2999 480 3051 533 in
3086 484 3425 553 sacriﬁcium,

161 580 253 641 εις
309 576 545 637 θυσίαν,
598 574 637 641 ἣ
694 571 903 625 λαϐεῖν
954 570 1166 624 dexter
1226 571 1293 623 ἐκ
1352 569 1472 623 τῶν
1540 569 1754 640 χειρῶν

160 666 372 731 ὐμῶν;

404 756 652 810 Πλεῖστοι
689 754 791 826 μὲν
829 750 969 825 ἦσαν
1000 754 1143 807 κατά
1176 753 1268 806 τὸν
1308 753 1469 823 νόμον
1515 751 1622 804 τῶν
1656 751 1750 805 θυ-

165 850 297 905 σιῶν
336 851 385 901 οἱ
434 848 649 918 τρόποι.
703 849 766 900 Ai
804 847 903 917 μὲν
956 846 1066 916 γὰρ
1115 846 1581 915 προσεκομίζοντο
1628 843 1749 897 κατ’

163 941 331 1010 εὐχὴν
387 936 659 1001 ἑκούσιον,
703 937 759 990 αἱ
812 936 869 989 δέ
900 930 1041 1006 ἦσαν
1090 935 1465 1004 χαριστήριον,
1499 932 1594 986 καὶ
1642 934 1750 1003 μὴν

163 1033 255 1085 καὶ
297 1033 327 1083 δ
357 1030 488 1100 περὶ
522 1027 818 1100 ἁμαρτίας.
851 1027 1089 1081 Δεκάται.
1116 1026 1173 1079 δὲ
1207 1021 1298 1088 αὖ,
1330 1026 1424 1078 καὶ
1477 1025 1747 1095 ἀπαρχαὶ,

163 1123 256 1175 καὶ
299 1121 394 1175 τοῦ
430 1121 727 1191 διδράχμου
767 1119 973 1189 δασμὸς
998 1157 1012 1181 ,
1053 1117 1131 1179 ὼς
1172 1119 1239 1171 ἐκ
1269 1116 1509 1187 νομικῶν
1562 1117 1750 1169 ἐνταλ-

165 1214 350 1285 μάτων
378 1214 489 1275 τοῖς
517 1211 628 1264 τῶν
668 1210 858 1281 ἱερέων
892 1208 1294 1280 προσεφέροντο
1330 1206 1528 1274 λόγοις.
1569 1206 1747 1277 Προσ-

162 1306 387 1375 άγοντες
421 1303 604 1357 τοίνυν
644 1304 724 1365 είς
753 1300 943 1355 θυσίαν
970 1298 1048 1370 τῷ
1079 1300 1199 1371 Θεῷ
1233 1299 1302 1353 τὰ
1326 1299 1569 1362 ἑκούσια,
1604 1317 1747 1371 παρ-

160 1394 438 1467 εκόμιζον,
483 1394 559 1457 ὡς
600 1393 759 1465 ἔφην,
794 1393 863 1446 τὰ
895 1392 1044 1463 χωλά
1087 1393 1181 1445 καὶ
1215 1391 1393 1461 τυφλὰ
1426 1392 1521 1445 καὶ
1564 1390 1743 1463 ἀρπά-

160 1505 368 1559 γματα,
404 1486 473 1540 τὰ
527 1487 592 1540 ἐκ
635 1486 735 1556 τῆς
761 1484 1136 1555 αἰχμαλωσίας
1163 1482 1535 1551 ἀει).ογοῦντες
1575 1484 1741 1547 κακὰ,

158 1582 269 1633 ἀνω
296 1597 355 1632 τε
406 1578 500 1633 καὶ
534 1578 685 1631 κάτω
717 1576 815 1647 τὴν
847 1576 1051 1646 δῄωσιν
1099 1573 1455 1645 ὀνομάζοντες
1504 1574 1597 1628 καὶ
1644 1575 1743 1645 τὴν

158 1668 409 1722 ἐντεῦθεν
437 1669 620 1731 αὐτοῖς
646 1664 1083 1737 ἐπενηνεγμένην
1114 1665 1407 1734 πτωχείαν,
1441 1665 1618 1717 καίτοι
1647 1665 1740 1719 τοῦ

160 1758 337 1812 πάντα
374 1756 649 1827 ἰσχύοντος
690 1755 825 1809 Θεοῦ
862 1754 1000 1827 μετά
1041 1755 1142 1825 τὴν
1185 1756 1249 1807 ἐκ
1287 1754 1604 1817 Βαϐυλῶνος
1641 1758 1739 1807 ἐπ-

159 1850 340 1904 άνοδον
366 1826 683 1920 ἀσυγκρίτῳ
714 1849 811 1918 μέν
846 1849 1043 1912 αὐτοὺς
1076 1849 1373 1919 ήμερότητι
1410 1846 1743 1917 κατευφραί-
1776 1826 1816 1880 Β

160 1958 357 2007 νοντος,
384 1941 749 2011 ἀπονέμοντος
776 1940 834 1993 δέ
871 1939 1144 2002 πλουσίως
1173 1939 1242 1992 τὰ
1275 1934 1357 2002 οἷς
1397 1939 1543 2002 εἰκὸς
1570 1935 1638 2010 ἦν
1681 1940 1742 1991 οὑ

164 2034 400 2106 μετρίως
448 2034 739 2104 ἐντρυφᾷν.
796 2030 1199 2102 Προσεκόμιζον
1252 2030 1431 2083 τοίνυν
1481 2032 1745 2101 κατηφεῖς

161 2124 252 2179 καὶ
290 2124 705 2196 δεδακρυμένοι,
746 2122 1028 2193 μονονουχὶ
1068 2124 1180 2185 τοῖς
1224 2121 1460 2192 θύμασιν
1502 2121 1742 2192 ἐποιμώ-

161 2217 363 2283 ζοντες,
399 2216 650 2284 λέγοντές
676 2231 734 2268 τε
762 2217 875 2278 τοῖς
912 2215 1241 2285 ἱερουργοῖςο
1273 2213 1459 2267 Ταῦτά
1509 2215 1653 2267 ἐστιν
1680 2216 1742 2269 ἐκ

162 2309 362 2371 κόπων,
419 2307 719 2374 τουτέστιν,
772 2306 872 2360 οὐκ
917 2306 1179 2377 ἀμογητὶ,
1222 2306 1742 2377 προσπεπορισμένα

159 2399 211 2451 δέ
249 2399 409 2466 μόλις
434 2398 509 2462 ὡς
538 2399 597 2465 ἐξ
649 2397 871 2470 ἱδρῶτος
910 2397 1007 2450 καὶ
1052 2398 1235 2449 πόνου.
1285 2393 1440 2461 Εἶτα,
1477 2397 1593 2460 πῶς
1638 2396 1740 2465 ἔτι,

161 2490 315 2561 φησὶ,
372 2489 524 2555 ἀξιον
572 2488 864 2557 ἐπιϐλέψαι
910 2491 991 2552 είς
1050 2488 1260 2553 θυσίαν,
1308 2488 1341 2557 ἢ
1388 2489 1506 2552 πῶς
1555 2490 1623 2543 ἂν
1663 2490 1742 2544 ἔτι

161 2581 447 2652 ποιήσαιμι
485 2579 825 2652 παραδεκτὺν
853 2579 914 2632 τὸ
950 2579 1057 2632 ἀπὸ
1087 2578 1310 2649 γνώμης
1348 2579 1447 2632 οὐκ
1495 2580 1738 2651 ἀγαθῆς;

158 2672 312 2725 Θύειν
344 2672 460 2744 γάρ
509 2671 800 2725 ἀκόλουθον
836 2670 1069 2743 ἱλαρῶς,
1112 2670 1469 2741 ἑορτάζοντας
1510 2674 1604 2725 καὶ
1648 2674 1741 2726 εὐ-

160 2764 572 2833 φραινομένους.
600 2764 714 2817 Καὶ
744 2763 923 2826 τοῦτο,
953 2760 1124 2833 οἶμαι,
1155 2763 1271 2816 ἔστι
1306 2763 1368 2816 τὸ
1399 2762 1490 2816 διὰ
1518 2764 1619 2834 τῆς
1646 2765 1738 2818 τοῦ

160 2855 369 2908 Παύλου
409 2854 593 2924 φωνῆς
636 2853 813 2925 ὀρθῶς
844 2853 1155 2925 εἰρημένον,
1202 2856 1314 2917 τοῖς
1359 2856 1739 2926 συναγείρουσι

158 2947 248 3008 τὰς
276 2944 559 3009 διακονίας
577 2961 592 2975 ο
627 2963 645 2995 ι
666 2944 758 3015 Μὴ
787 2946 850 2997 ἐκ
876 2944 1071 3013 λύπης,
1104 2937 1221 3014 ἢ’ἐξ
1250 2946 1526 3016 ἀνάγκης·
1556 2947 1739 3019 ἱλαρὸν

162 3033 262 3104 γὰρ
295 3034 462 3104 δότην
490 3034 681 3104 ἀγαπᾷ
721 3036 946 3105 Κύριος.
973 3052 993 3085 ι
1026 3033 1234 3087 Οὐκοῦν
1276 3036 1325 3087 εἱ
1362 3035 1585 3106 θύοιμεν
1627 3037 1740 3091 ἱλα-

164 3126 293 3195 ρῶς,
340 3124 672 3178 ἐποπτεύσει
698 3141 757 3177 τε
786 3124 878 3177 καὶ
924 3123 1282 3194 παραδέξεται
1316 3124 1413 3178 καὶ
1463 3127 1738 3181 ἐπαινέσει
1765 3160 1808 3216 C

159 3216 301 3280 Θεὸς,
328 3215 778 3286 παραδεξάμενος
800 3215 856 3268 δὲ
885 3216 1101 3284 τιμήσει
1134 3215 1227 3269 καὶ
1251 3215 1555 3287 εύλογήσει.
1583 3216 1736 3272 Εἶναι

158 3309 210 3362 δέ
238 3325 372 3379 φησι
405 3307 514 3362 τῶν
550 3308 624 3377 (1)
655 3304 966 3375 ἀναγκαίων
1005 3305 1083 3368 είς
1110 3306 1296 3377 ὄνησιν
1329 3307 1390 3360 τὸ
1422 3308 1516 3361 καὶ
1549 3308 1739 3380 ἑτέραν

161 3403 264 3465 τοῖς
316 3399 705 3470 προκειμένοις
760 3397 1069 3468 ἐφαρμόσαι
1118 3397 1379 3451 διάνοιαν.
1436 3399 1739 3470 Ἐπάρατον

165 3492 255 3560 μέν
291 3489 408 3563 γὰρ
457 3490 711 3555 ἐποιεῖτο,
756 3488 851 3543 καὶ
888 3488 1030 3559 μάλα
1076 3487 1333 3554 δικαίως,
1381 3491 1410 3542 ό
1456 3489 1561 3544 ’τῶιν
1601 3490 1737 3544 ὅλων

162 3582 283 3645 Θεὸς
315 3581 416 3637 τὸν
448 3579 778 3651 βεϐηλοῦντα
808 3580 914 3634 τῶν
944 3580 1195 3652 πατέρων
1223 3581 1324 3652 τὴν
1360 3581 1623 3649 διάθεσιν,
1650 3583 1739 3636 διά

162 3673 213 3725 δέ
246 3689 307 3741 γε
342 3672 452 3725 τοῦ
495 3672 605 3725 δεῖν
648 3670 883 3735 όθνείαις
918 3671 1289 3725 συνάπτεσθαι
1340 3673 1608 3741 γυναιξὶν,
1648 3673 1736 3741 ἐξ·

162 3764 471 3836 ωθηθεισῶν
508 3763 614 3816 τῶν
652 3764 717 3815 ἐκ
748 3762 958 3831 γένους,
991 3761 1085 3816 καὶ
1114 3763 1201 3815 ἐπ’
1226 3762 1449 3834 οὐδεμιᾷ
1476 3764 1737 3828 πολλάκις

163 3856 299 3927 αἰτίᾳ
335 3853 829 3924 κατεγνωσμένων.
870 3854 1087 3926 ᾙτιᾶτο
1112 3853 1168 3907 δὲ
1206 3855 1343 3926 πρὸς
1384 3856 1593 3921 τούτοις
1628 3858 1738 3910 τῶν

165 3950 339 4019 ἱερέων
389 3946 564 4010 τινὰς,
601 3946 677 4009 ὡς
723 3944 1098 4016 λαμϐάνοντας
1139 3946 1430 4017 πρόσωπον
1468 3949 1525 4001 ἐν
1565 3949 1735 4019 νόμῳ.

164 4039 264 4092 Καὶ
305 4039 371 4109 δὴ
427 4037 523 4091 καὶ
574 4036 844 4105 ἔφασκενυ
891 4054 911 4087 ‹
954 4036 1353 4109 Ἐξολοθρεύσει
1400 4039 1606 4110 Κύριος
1645 4042 1738 4094 τὸν

163 4130 441 4202 ἀνθρωπον
470 4127 560 4182 τὸν
598 4127 855 4181 ποιοῦντα
899 4128 1106 4193 ταῦτα,
1152 4128 1257 4192 ἓως
1302 4129 1396 4182 καὶ
1429 4132 1735 4203 ταπεινωθῇ

163 4223 221 4273 ὲκ
249 4219 629 4291 σκηνωμάτων
664 4218 879 4289 Ἰσραὴλ
910 4218 1008 4273 καὶ
1036 4220 1099 4272 ἐκ
1138 4220 1520 4291 προσαγόντων
1548 4222 1737 4275 θυσίαν

162 4312 233 4380 τῷ
263 4312 459 4383 Κυρίῳ
487 4311 905 4381 παντοκράτορι.
930 4330 948 4362 ι
984 4307 1115 4364 Εἶτα
1148 4312 1359 4375 τούτοις
1401 4314 1738 4383 προσέθηκεν

164 4404 345 4467 εὐθύς·
381 4422 404 4455 α
443 4402 810 4457 Ἐκαλύπτετε
848 4402 1078 4473 δάκρυσι
1120 4405 1179 4456 τὸ
1214 4404 1591 4477 θυσιαστήριον
1624 4407 1738 4457 Κυ-

1857 582 1947 624 aut
1980 573 2241 639 suscipere
2266 570 2583 639 acceptabile
2608 574 2670 623 de
2704 572 2944 623 manibus
2966 572 3146 625 vestris
3166 573 3193 625 .’

1923 749 2089 822 844
2118 747 2329 803 XXVII.
2390 748 2527 804 Modi
2560 763 2654 803 seu
2703 764 2901 819 genera
2943 750 3339 805 sacriﬁciorum
3396 768 3424 805 a

1853 843 1970 913 lege
1996 841 2754 911 praescriptaerantplurima.
2805 843 2924 896 Alia
2991 843 3189 911 quippe
3231 842 3427 898 offere-

1852 933 2049 987 bantur
2077 947 2141 987 ex
2174 944 2301 988 veto
2336 934 2671 997 voluntario,
2698 933 2798 987 alia
2834 934 2900 987 ad
2920 934 3218 1001 gratiarum
3253 935 3424 989 actio-

1850 1038 1973 1077 nem
2003 1025 2355 1092 spectabant,
2392 1026 2495 1079 alia
2529 1041 2625 1095 pro
2666 1035 2907 1095 peccato.
2936 1027 3104 1082 Erant
3165 1028 3292 1082 item
3327 1029 3428 1083 de—

1850 1115 2022 1182 cimm,
2050 1116 2399 1185 etprimitiaa,
2441 1126 2493 1170 et
2519 1118 2817 1171 didrachmi
2844 1118 3124 1181 tributum,
3160 1133 3280 1187 qua:
3338 1133 3425 1171 ra-

1850 1209 1993 1261 tione
2014 1208 2353 1261 sacerdotum
2406 1209 2659 1262 mandato
2684 1208 2817 1277 legis
2875 1204 3266 1267 offerebantur.
3317 1209 3422 1276 Qui

1847 1312 1976 1367 ergo
2002 1298 2303 1353 voluntarie
2327 1298 2435 1354 Deo
2453 1298 2775 1365 offerebant,
2808 1300 3169 1365 adducebant,
3197 1309 3255 1354 ut
3289 1302 3420 1367 dixi,

1846 1388 2032 1442 clauda
2057 1398 2109 1443 et
2144 1404 2285 1444 caeca
2314 1400 2369 1444 et
2399 1405 2464 1445 ex
2499 1390 2901 1459 depraedatione
2941 1402 3280 1459 recuperata,
3304 1406 3422 1460 per-

1847 1488 2007 1546 petuo
2036 1478 2171 1532 mala
2200 1478 2251 1533 in
2285 1480 2487 1548 quibus
2524 1478 2755 1535 fuissent
2781 1489 2836 1535 et
2863 1481 3171 1537 vastitatem
3191 1485 3423 1553 indeque

1845 1569 2047 1624 illatam
2073 1570 2171 1624 sibi
2202 1579 2496 1641 egestatem
2529 1586 2682 1627 suam
2713 1581 3020 1642 crepantes,
3042 1576 3251 1630 tametsi
3301 1591 3420 1631 om-

1846 1662 2095 1730 nipotens
2126 1662 2265 1716 Deus
2294 1672 2415 1732 post
2439 1664 2674 1718 reditum
2706 1678 2737 1718 e
2770 1663 3041 1735 Babylone
3074 1666 3419 1737 incompara-

1845 1753 1934 1807 bili
1967 1769 2058 1807 eos
2088 1755 2425 1823 benignitate
2446 1755 3419 1820 exhilarasset,etabundanterdona-

1846 1846 2222 1913 vissetquibus
2270 1860 2364 1900 eos
2410 1860 2513 1899 non
2582 1848 2925 1903 mediocriter
2980 1849 3303 1904 oblcctatum
3354 1853 3419 1905 iri

1846 1946 2264 1993 consentaneum
2301 1946 2439 1992 erat.
2460 1934 2950 2006 Oﬁ‘erebantigitur
2979 1941 3155 1994 moesti
3205 1951 3258 1994 et
3284 1940 3417 1996 ﬁen-

1847 2041 1949 2094 tes,
1986 2039 2191 2083 tantum
2223 2044 2328 2084 non
2355 2044 2517 2098 super
2540 2029 2777 2085 victimis
2811 2030 3188 2094 lamentantes,
3247 2044 3300 2087 et
3329 2048 3421 2087 sa-

1844 2122 2044 2176 criﬁcis
2088 2120 2201 2176 haec
2230 2120 2511 2177 dicentes:
2547 2119 2672 2176 Haec
2715 2131 2840 2175 sunt
2906 2122 2972 2177 de
3022 2122 3295 2179 laboribus
3362 2135 3420 2180 et

1841 2209 2098 2264 mrumuis
2125 2211 2340 2274 nostris,
2376 2210 2478 2265 hoc
2503 2218 2605 2274 est,
2636 2224 2740 2263 non
2807 2210 2923 2265 sine
2969 2211 3175 2278 labore,
3227 2224 3280 2268 et
3332 2217 3416 2270 vix

1842 2315 1963 2355 cum
2003 2300 2200 2356 sudore
2218 2301 2502 2372 acquisita.
2536 2301 2756 2367 Deinde,
2783 2303 3074 2370 quomodo,
3107 2305 3300 2373 inquit,
3321 2321 3417 2375 par

1842 2401 1927 2447 est
1962 2392 2236 2461 respicere
2282 2392 2348 2445 ad
2386 2391 2733 2457 sacriﬁcium,
2774 2401 2866 2445 aut
2920 2395 3189 2462 quomodo
3241 2406 3414 2450 ratum

1842 2482 2070 2537 habeam
2106 2483 2246 2550 quod
2281 2498 2308 2535 a
2334 2485 2473 2537 bona
2508 2491 2688 2537 mente
2722 2498 2826 2539 non
2877 2485 3277 2553 proﬁciscitur?
3311 2487 3415 2543 De-

1842 2584 1927 2628 cet
1980 2576 2124 2629 enim
2182 2574 2492 2630 sacriﬁcare
2560 2575 2738 2629 animo
2786 2575 2965 2635 hilari.
3027 2578 3219 2630 festum
3271 2579 3412 2632 diem

1842 2675 2065 2737 agentes
2091 2675 2145 2722 et
2169 2667 2434 2721 Irelantes.
2464 2668 2531 2722 Et
2554 2668 2678 2732 hoc,
2711 2669 2921 2738 opinor,
2952 2677 3054 2733 est,
3099 2671 3242 2739 quod
3278 2671 3415 2726 bene

1842 2754 2040 2810 Paulus
2087 2754 2494 2809 conferentibus
2546 2755 2597 2809 in
2670 2756 3080 2811 ministerium:
3117 2775 3134 2808 ι
3182 2756 3298 2812 Νοη
3345 2773 3412 2814 ex

1842 2845 2077 2907 tristitia,
2108 2854 2200 2898 aut
2227 2860 2293 2898 ex
2331 2846 2651 2900 necessitate
2683 2862 2697 2899 :
2732 2847 2955 2900 hilarem
2983 2848 3125 2901 enim
3169 2850 3412 2904 datorem

1840 2932 2014 3003 diligit
2040 2934 2183 2988 Deus
2204 2933 2271 2988 “.
2310 2953 2329 2986 ι
2362 2934 2607 3000 Quare,si
2637 2936 3009 2992 sacriﬁcemus
3044 2937 3308 3005 hilariter,
3333 2955 3414 2994 re-

1839 3026 2051 3095 spiciet,
2083 3033 2135 3079 et
2166 3026 2519 3095 suscipiet,'et
2544 3027 2777 3084 laudabit
2810 3030 2975 3096 Deus,
3006 3040 3060 3085 et
3105 3045 3411 3104 susceptum

1843 3116 2127 3170 honorabit
2155 3132 2218 3170 ac
2242 3116 2541 3171 benedicet.
2579 3116 2712 3172 Puto
2738 3129 2915 3174 autem
2936 3121 3002 3175 ad
3030 3120 3262 3178 fructum
3280 3140 3412 3181 con-

1840 3209 2124 3261 ductorum
2153 3223 2494 3277 magnopere,
2523 3209 2566 3263 si
2607 3226 2672 3264 ex
2703 3211 2881 3265 verbis
2927 3217 3217 3283 prapositis
3247 3219 3410 3273 alium

1840 3313 2056 3354 sensum
2086 3298 2383 3354 eliciamus.
2419 3299 2688 3356 Maledicit
2719 3305 3095 3361 universorum
3146 3309 3305 3375 Deus,
3359 3322 3414 3366 et

1840 3390 2053 3459 quidem
2080 3391 2406 3460 aequissime,
2439 3391 2818 3460 profanantem
2880 3407 3091 3465 patrum
3116 3408 3411 3455 testamen-

1841 3488 1972 3544 tum,
2000 3488 2223 3549 propter
2246 3481 2513 3536 adhibitas
2533 3483 2585 3537 in
2633 3482 2944 3551 coniugium
3014 3496 3301 3545 extraneas
3332 3489 3410 3544 fc-

1840 3570 2035 3636 minas,
2055 3571 2295 3639 expulsis
2325 3588 2443 3641 qua:
2467 3583 2625 3627 erant
2672 3574 2913 3644 ejusdem
2965 3580 3158 3647 gentis,
3190 3590 3243 3634 et
3272 3596 3412 3650 sa‘pc

1841 3662 1983 3718 nulla
2009 3663 2078 3719 de
2113 3678 2274 3719 causa
2323 3666 2725 3724 condemnatis.
2783 3668 3048 3724 Praeterea
3104 3675 3411 3729 sacerdotes

1837 3754 2097 3823 quosdam
2133 3753 2426 3821 insimulat,
2448 3763 2507 3809 ut
2539 3757 2863 3827 accipientes
2894 3774 3177 3827 personam
3202 3761 3409 3832 inlege.

1839 3846 2017 3913 Quare
2039 3847 2200 3901 etiam
2224 3846 2437 3903 dicebat
2465 3864 2479 3901 :
2510 3868 2529 3900 ι
2554 3848 2835 3918 Disperdet
2855 3850 3114 3908 Dominus
3141 3854 3411 3911 hominem

1841 3939 2125 3993 facientem
2147 3940 2280 4005 hare,
2330 3942 2502 3996 donec
2569 3941 2882 3997 humilietur
2927 3958 2991 3998 ex
3056 3945 3410 4001 tabernaculis

1840 4030 2031 4097 Israel,
2059 4039 2114 4086 et
2141 4046 2206 4085 ex
2229 4030 2579 4089 offerentibus
2600 4034 2926 4089 sacriﬁcium
2969 4035 3195 4091 Domino
3234 4040 3409 4091 omni.

1842 4125 2067 4194 potenti.
2106 4142 2125 4175 ›
2150 4124 2241 4179 llis
2270 4125 2453 4179 statim
2482 4125 2753 4194 subjecit:
2808 4146 2826 4178 ι
2879 4127 3407 4199 Οροτίοὺειίειοοτγ-

1841 4216 1942 4271 mis
1970 4216 2138 4270 altare
2183 4229 2384 4281 meum,
2410 4226 2461 4271 et
2491 4217 2707 4286 planctu
2780 4227 2832 4274 et
2862 4220 3057 4289 gemitu
3110 4234 3175 4274 ex
3213 4219 3407 4275 labori-

1841 4308 1963 4360 bus.
1996 4325 2015 4358 ι
2055 4305 2386 4375 Operiebatis
2419 4307 2676 4377 intellige,
2704 4307 3011 4364 Faciebatis
3056 4318 3113 4363 ut
3161 4310 3407 4379 implere-

1843 4406 1927 4451 tur
1950 4397 2186 4451 divinum
2213 4397 2381 4452 altare
2396 4395 2521 4451 ﬁetu
2542 4406 2596 4451 et
2616 4397 2886 4453 lamentis.
2906 4397 3155 4454 Mulieres
3178 4416 3407 4470 namque

166 4492 295 4560 ρίου,
322 4493 423 4546 καὶ
452 4490 737 4561 κλαυθμῷ,
766 4491 861 4543 καὶ
888 4490 1177 4561 στεναγμῷ
1200 4493 1264 4544 ἐκ
1290 4492 1525 4544 κόπων.»
1560 4492 1631 4545 Τὸ
1659 4493 1736 4557 δὲ,

1845 4497 2030 4543 contra
2049 4487 2219 4559 legent
2251 4487 2506 4557 expulsae,
2534 4498 2589 4543 et
2616 4488 2705 4557 qui
2739 4491 3078 4545 sacerdotum
3105 4502 3405 4546 vestrorqu

164 4582 556 4646 ὲκαλύπτετε,
601 4580 821 4651 νοητέον
873 4581 994 4634 ἀντὶ
1044 4581 1139 4634 τοῦ
1195 4581 1540 4654 Πληροῦσθαι
1593 4600 1735 4655 παρ-

164 4669 518 4735 εσκευάςεσθε
567 4670 784 4742 θρήνων
825 4670 920 4723 καὶ
963 4671 1211 4741 οἱμωγῆς
1257 4672 1319 4725 τὸ
1358 4672 1499 4725 θεῖον
1549 4673 1736 4728 θυσια-

168 4763 400 4833 στήριον.
444 4763 643 4818 Γύναιά
666 4781 728 4816 τε
766 4766 876 4835 γὰρ
910 4763 1237 4834 παραλόγως
1269 4764 1597 4835 ἐξεωσμένα,
1639 4767 1736 4819 καὶ

163 4853 210 4904 οἱ
248 4854 430 4924 κρίσιν
453 4852 636 4907 ἄδικον
667 4855 766 4925 τὴν
797 4852 927 4924 παρ’
954 4854 1108 4923 ὑμῶν
1133 4853 1245 4907 τῶν
1274 4854 1462 4925 ἱερέων
1492 4856 1736 4920 ἐκτόπως

168 4943 641 5015 ὑπομεμενηκότες
677 4944 1026 5016 περιίσταντο
1063 4944 1125 4997 τὸ
1165 4944 1569 5017 θυσιαστήριον,
1612 4948 1739 5010 τοὺς

166 5035 254 5104 τῆς
279 5037 494 5100 ἀδικίας
521 5034 914 5107 ἀνοιμώζοντες
937 5036 1171 5108 τρόπους
1200 5035 1295 5089 καὶ
1323 5037 1388 5089 ἐκ
1417 5038 1601 5091 κόπων
1630 5037 1738 5090 τῶν

167 5127 337 5203 αὐτοῖς
364 5127 813 5198 ἐπενηνεγμένων
827 5126 1290 5199 δακρυρροοῦντες
1315 5127 1577 5197 ἀσχέτως.
1605 5124 1735 5182 Εἶτα

169 5216 278 5280 πῶς
320 5219 470 5285 ἀξιον
519 5218 839 5287 ἐπιϐλέψαι,
879 5219 1067 5289 φησὶν,
1108 5220 1187 5281 είς
1231 5219 1441 5282 θυσίαν,
1483 5219 1516 5288 ἢ
1552 5219 1736 5274 λαϐεῖν

167 5303 343 5361 cum
372 5309 439 5361 ἐκ
468 5307 576 5361 τῶν
614 5308 815 5379 χειρῶν
844 5309 1029 5378 ύμῶνς
1058 5309 1270 5380 Ὥσπερ
1298 5310 1405 5380 γάρ
1433 5312 1578 5364 ἐστιν
1605 5312 1738 5381 ἀλη-

171 5393 252 5459 θὲς
277 5397 337 5451 τὸ
368 5400 426 5453 ἐν
454 5399 620 5470 βίϐλῳ
646 5399 964 5469 Παροιμιῶν
997 5399 1405 5470 γεγραμμένον,
1436 5400 1547 5471 Ούχ
1572 5402 1732 5471 ἁγναὶ

232 5595 275 5624 ’⁵
306 5595 345 5649 II
377 5597 502 5652 Cor.
532 5615 583 5656 ιχ
610 5599 664 5652 7.
740 5600 785 5633 ⁸⁸
810 5599 921 5653 lmo
952 5600 1107 5654 Deut.
1140 5615 1300 5666 χχιιι,
1324 5600 1409 5654 ⁴8.

1839 4581 2354 4650 iniquumjudicium
2375 4581 2726 4651 pertulerant,
2758 4582 3180 4637 circumstabant
3211 4582 3404 4643 altare,

1837 4689 1974 4744 quas
2007 4673 2345 4743 pertulerant
2372 4674 2595 4744 injurias
2653 4674 2994 4743 deplorantes
3038 4682 3092 4728 et
3130 4674 3200 4729 ob
3234 4674 3406 4728 illatas

1839 4767 2459 4823 vexationesimmodice
2514 4766 2895 4836 lacrymantes.
2947 4763 3251 4836 8&51am
3300 4780 3406 4834 quo

1838 4866 1995 4927 pacto
2022 4856 2237 4927 dignum
2270 4868 2372 4922 est,
2401 4858 2593 4927 inquit,
2631 4857 2900 4925 respicere
2940 4858 3005 4909 ad
3059 4856 3404 4919 sacriﬁcium,

1839 4950 2195 5019 autaccipere
2225 4950 2553 5019 acceptabile
2580 4951 2645 5003 de
2670 4950 2917 5004 manibus
2973 4949 3204 5004 vestris?
3258 4948 3404 5002 Sicut

1838 5040 1981 5095 enim
2008 5056 2192 5094 verum
2230 5051 2314 5097 est
2338 5042 2480 5111 quod
2512 5042 2563 5094 iu
2588 5041 2726 5094 libro
2750 5040 3162 5095 Proverbiorum
3188 5039 3403 5109 legitur,

1841 5132 1957 5189 Non
1994 5142 2120 5189 sunt
2148 5144 2293 5189 casta
2313 5143 2437 5189 vota
2458 5137 2522 5188 de
2578 5130 2921 5189 mercedibus
2975 5133 3278 5188 meretricis
3310 5133 3354 5163 ’⁵
3386 5146 3411 5197 ,⁷

1840 5222 1917 5275 sic
1946 5237 2052 5275 non
2081 5223 2392 5277 censebitur
2427 5226 2658 5277 mundus
2692 5232 2747 5279 et
2777 5225 2930 5293 culpa
2988 5236 3189 5276 vacans
3218 5232 3398 5275 sacer-

1840 5313 1958 5373 dos,
1993 5313 2036 5366 si
2087 5314 2230 5367 dicat
2295 5315 2491 5368 divinis
2548 5313 2845 5384 Scripturis
2896 5326 2957 5365 se
3005 5310 3417 5379 quodammodo

1840 5404 2249 5459 corroboratum
2285 5421 2346 5460 ac
2375 5406 2671 5461 stabilitum
2698 5421 2835 5468 csse,
2872 5414 2918 5458 et
2955 5404 3069 5471 lege
3103 5402 3402 5458 sacrificio-

238 5772 314 5843 (l)
342 5773 479 5848 Lege
506 5772 658 5846 οἶμαι
680 5776 735 5829 δὲ
760 5776 885 5845 τῶν,
928 5784 1035 5832 etc.
1067 5776 1269 5833 omisso
1304 5775 1457 5846 φησί,
1491 5775 1757 5832 inculcata

1844 5778 2081 5832 librario.
