4070 6506
239 361 350 422 335

1086 357 1638 414 (ΣΟΜΜῘΞΝΤΑΒῘΕΒ
1678 358 1742 411 IN
1789 355 2192 411 MALACHIAM
2238 353 2679 409 PllOPHETAM.

3381 355 3486 413 326

144 474 149 475 ί
238 475 513 546 γαμήσας.
543 472 848 541 ttulimus
885 470 1193 544 Ἐρομένοις
1220 474 1275 528 δὲ
1300 475 1410 536 τοῖς
1441 471 1810 525 Σαδδουκαίων

1922 470 2113 525 chatur
2141 470 2206 525 ³⁸.
2242 488 2260 523 t
2291 468 2755 540 luterrogantibus
2778 476 2957 522 autem
2984 442 3294 526 Sadducasis
3307 471 3487 527 curio-

239 566 649 636 φιλοζητηταῐς·
686 584 703 615 ι
749 562 890 617 Ἀνθ“
912 563 1033 617 ὅτου
1060 565 1268 635 Μωσῆς
1295 563 1596 619 ἐνετείλατο
1630 562 1812 618 δοῦναι

240 653 441 725 βιϐλίον
491 650 823 706 ἀποστασίου
857 652 952 705 καὶ
999 651 1436 707 ἀπαλλάττεσθαι
1473 652 1762 721 γυναικός;
1791 671 1806 703 ι

240 746 343 817 ἔφη
378 743 571 799 πάλιν
607 761 625 796 ι
657 744 779 797 Ὀτι
811 742 1018 813 Μωσῆς
1052 742 1150 814 μέν
1185 744 1321 814 πρὸς
1349 743 1448 815 τὴν
1483 743 1816 815 σκληροκαρ-

237 836 356 891 δίαν
389 835 541 907 ὑμῶν
574 834 909 889 ἐνετείλατο·
946 834 1042 888 ἀπ’
1076 834 1256 906 ἀρχῆς
1285 835 1342 889 δέ
1377 835 1435 888 οὐ
1468 835 1687 904 γέγονεν
1724 833 1814 887 οὗ.

237 944 379 992 τως·
406 930 434 982 ὁ
476 926 586 996 γὰρ
614 926 855 990 πλάσας,
901 929 1068 998 ἄρσεν
1108 929 1201 981 καὶ
1230 926 1364 997 θῆλυ
1411 928 1666 998 ἐποίησεν
1714 928 1813 980 αὐ-

237 1019 383 1084 τούς.
415 1020 481 1072 Ὅ
525 1014 620 1073 οὖν
651 1017 781 1081 Θεὸς
828 1018 1164 1083 συνέζευξεν,
1210 1018 1494 1088 ἄνθρωπος
1531 1018 1604 1089 μὴ
1648 1034 1813 1089 χωρι-

238 1109 434 1175 ζέτω.»
455 1138 525 1150 ——
546 1108 686 1162 «Καὶ
710 1108 1018 1178 φυλάξασθε
1036 1112 1094 1162 ἐν
1122 1109 1201 1180 τῷ
1230 1109 1499 1180 πνεύματι
1527 1109 1701 1181 ὑμῶν,
1724 1111 1815 1163 καὶ

237 1203 300 1255 οὒ
330 1201 404 1272 μὴ
432 1200 889 1271 ἐγκαταλίπητε.»
924 1200 1030 1253 Τοῦ
1062 1201 1226 1272 νόμου
1258 1200 1314 1254 δέ
1351 1200 1536 1269 σαφῶς
1569 1201 1665 1255 καί⁵
1695 1202 1818 1255 ἀνα-

238 1290 438 1360 φανδδν
473 1290 885 1361 διηγορευκότος
933 1288 1129 1354 ἐξεῖναι
1161 1293 1273 1354 τοῖς
1314 1290 1557 1344 ἐθέλουσι
1593 1292 1817 1362 προσρί-

238 1398 396 1436 πτειν
442 1383 566 1445 ταῖς
609 1381 1086 1452 συνηρμοσμέναις
1117 1380 1319 1451 βιϐλίον
1351 1383 1683 1436 ἀποστασίου
1724 1366 1817 1436 καὶ

237 1472 587 1545 ἀνεγκλήτως
606 1470 1038 1526 ἀπαλλάττεσθαι
1063 1471 1163 1542 τῆς
1187 1474 1617 1544 συνῳκισμένης,
1644 1473 1817 1527 ἐδόκει

239 1581 359 1629 πως
390 1563 776 1636 ἀντιφέρεσθαι
803 1567 915 1629 τοῖς
943 1564 1109 1619 πάλαι
1137 1565 1581 1637 τεθεσπισμένοις
1602 1565 1690 1619 διὰ
1721 1565 1819 1637 τῆς

236 1655 333 1711 τοῦ
386 1658 665 1727 προφήτου
709 1656 919 1727 φωνῆς,
959 1654 1182 1725 ἄγοντος
1223 1656 1327 1710 ὑπὸ
1371 1656 1527 1728 δίκην
1585 1658 1679 1710 καὶ
1706 1673 1813 1710 πα-

240 1747 505 1820 ρανομίας
560 1746 809 1817 ἔγκλημα
878 1747 1322 1820 καταγράφοντος
1376 1748 1469 1801 τοῦ
1510 1748 1814 1818 τολμῶντος

1917 563 2031 617 sis:
2069 582 2087 615 ι
2130 562 2265 630 Quid
2294 576 2424 631 ergo
2455 561 2730 616 mandavit
2760 558 2937 615 Moses
2971 560 3101 615 dare
3134 558 3368 617 libellum
3402 576 3486 616 re—

1917 655 2061 725 pudii
2088 666 2138 710 et
2159 655 2432 710 dimittere
2449 653 2708 708 uxorem?
2725 652 3001 722 respondit
3020 668 3033 706 :
3054 650 3227 707 Moses
3267 661 3487 722 prapter

1917 747 2169 802 duritiam
2195 746 2375 801 cordis
2406 745 2567 800 vestri
2598 746 2699 801 hoc
2719 745 2962 815 permisit
2983 762 2999 811 ;
3019 744 3085 800 ab
3115 743 3273 799 initio
3306 755 3487 800 autem

1918 852 2023 891 non
2045 848 2161 892 erat
2185 836 2547 901 sic;Creator
2577 837 2721 891 enim
2767 835 3065 892 masculum
3119 845 3174 889 et
3230 834 3485 891 feminam

1920 924 2047 981 fecit
2098 942 2215 981 eos.
2244 926 2395 992 Quod
2453 927 2617 996 igitur
2660 925 2804 981 Dens
2850 925 3151 995 conjunxit,
3204 924 3365 981 homo
3422 939 3490 980 ne
3607 929 3612 932 ’

1918 1028 2131 1087 separet
2161 1019 2227 1072 ³¹.
2278 1017 2560 1073 Custmlite
2611 1018 2726 1072 illas
2756 1018 2807 1071 in
2848 1018 3039 1088 spiritu
3072 1028 3270 1082 vestro,
3317 1026 3373 1072 et
3422 1033 3488 1072 ne

1921 1110 2224 1181 relinquite.
2292 1109 2582 1174 Caeterum,
2606 1124 2730 1163 cum
2762 1108 2845 1162 lex
2871 1118 3054 1176 aperte
3094 1116 3151 1164 et
3207 1106 3491 1164 manifeste

1919 1206 2123 1255 sanciat
2158 1200 2320 1255 licere
2343 1200 2645 1256 volentibus
2668 1198 2938 1268 objectare
2968 1199 3203 1255 libellum
3253 1200 3490 1268 repudii,

1918 1295 2159 1363 citraque
2189 1291 2660 1361 reprehensionem
2715 1306 2911 1345 uxores
2957 1291 3248 1354 dimittere,
3282 1290 3493 1345 videtur

1920 1386 2068 1454 quasi
2089 1383 2541 1453 antiqquoraculo
2566 1397 2860 1452 repugnare
2880 1397 2977 1434 vox
2998 1380 3291 1450 prophetat.
3313 1393 3488 1450 poena:

1920 1473 2255 1541 subjicienlis
2286 1483 2340 1529 et
2376 1473 2672 1543 iniquitatis
2731 1472 2936 1527 crimen
2995 1470 3343 1540 impingentis
3392 1486 3492 1525 auo

1919 1566 2067 1622 denti
2087 1567 2289 1621 ducere
2310 1580 2533 1620 uxorem
2552 1574 2606 1620 et
2624 1564 2885 1633 separari.
2900 1560 3377 1618 Providentissime
3395 1562 3492 1633 igi-

1925 1669 2009 1713 tur
2030 1658 2114 1713 his
2137 1658 2313 1712 verbis
2331 1657 2561 1712 ostendit
2585 1656 2845 1726 propheta
2870 1654 3177 1709 mandatum
3205 1663 3359 1708 vetus
3383 1668 3487 1707 non

1922 1763 2043 1805 esse
2065 1749 2320 1819 quiddam
2343 1748 2601 1813 otiosum,
2625 1761 2726 1801 nec
2752 1746 2933 1801 sinere
2959 1754 3014 1800 ut
3047 1744 3186 1799 hanc
3209 1743 3310 1799 sibi
3332 1758 3491 1799 occa-

237 1838 536 1910 προσάγειν
584 1838 678 1891 καὶ
722 1837 1183 1906 ἀπονοσφίζεσθαι
1220 1840 1497 1907 γυναικός.
1531 1841 1816 1912 Οίκονομι-

1924 1841 2131 1896 sionem
2167 1841 2428 1895 scelerate
2466 1838 2696 1893 faciendi
2750 1837 2969 1907 quidam
3033 1837 3321 1905 accipiant.
3375 1832 3490 1888 Non

236 1928 459 1985 κώτατα
483 1926 663 1982 τοίνυν
687 1926 776 1980 διὰ
805 1924 914 1978 τῶν
948 1927 1362 1998 προσκειμένων
1388 1927 1510 1982 οὔτε
1540 1929 1819 2000 ἄπρακτον

1924 1930 2089 1994 enim,
2126 1929 2323 1998 inquit,
2344 1928 2599 1997 quoniam
2626 1928 2871 1996 permisit
2890 1926 3042 1981 vobis
3073 1926 3156 1980 lex
3179 1926 3307 1980 dare
3342 1922 3493 1979 libel-

236 2020 530 2090 ἀποφαίνει
576 2017 675 2088 τὴν
706 2015 936 2089 ἀρχαίαν
982 2016 1220 2088 ἐντολὴν,
1265 2016 1390 2071 οὔτε
1439 2018 1546 2091 μὴν
1590 2020 1818 2074 ἀνοσίων

1924 2020 2035 2075 lum
2059 2021 2289 2090 repudii,
2320 2020 2440 2075 ideo
2457 2029 2609 2075 extra
2638 2017 2847 2087 culpam
2874 2018 3032 2083 estis,
3063 2018 3151 2086 qui
3178 2017 3379 2071 idcirco
3404 2016 3498 2070 da-

236 2110 654 2185 ἐγχειρημάτων
695 2108 865 2179 αὐτὴν
904 2109 1175 2164 ποιεῖσθαι
1221 2110 1495 2181 πρόφασιν
1538 2112 1824 2185 ἐπιτρέπει

233 2204 400 2258 τισίν.
427 2203 502 2258 οὐ
533 2202 640 2273 γὰρ
672 2201 988 2273 ἐπειδῆπερ,
1033 2203 1216 2273 φησὶν,
1256 2203 1463 2273 ἐφῆκεν
1487 2204 1515 2257 ὁ
1558 2204 1720 2273 νόμος
1746 2203 1823 2256 δίο

234 2294 430 2349 δοσθαι
464 2294 526 2347 τὸ
561 2287 789 2363 βιϐλίον,’
812 2292 902 2346 διὰ
939 2291 1100 2346 τοῦτο
1138 2292 1234 2346 καί⁵
1266 2292 1550 2347 ἀνεύθυνοι
1591 2293 1824 2357 διδόντες

236 2388 431 2456 ὑμεῖς,
472 2386 561 2440 ἶνα
602 2387 722 2447 ταῖς
767 2384 1086 2453 ἀλλοφύλοις
1136 2384 1495 2457 προσκέοισθε
1554 2384 1823 2454 γυναιξὶν,

235 2475 353 2528 ἀλλ’
380 2477 431 2529 εί
458 2476 549 2529 καὶ
583 2475 794 2541 ἔξεστιν
825 2474 1127 2545 ἀποστῆναι
1178 2474 1421 2543 γυναίου,
1452 2475 1546 2530 καὶ
1573 2478 1826 2545 νομικαῖς

1921 2113 1991 2168 tis
2050 2122 2110 2168 ut
2141 2128 2263 2168 cum
2290 2112 2482 2167 alienis
2532 2111 2876 2182 copulemini.
2958 2110 3066 2165 Sed
3116 2108 3364 2180 quamvis
3430 2106 3499 2163 ab

1921 2205 2380 2261 uxorediscedere
2405 2203 2585 2269 liceat,
2618 2205 2780 2275 idque
2834 2203 2950 2273 lege
2997 2204 3350 2273 approbante,
3402 2216 3498 2257 ca-

1920 2306 2042 2351 vete
2061 2306 2248 2350 tamen
2286 2314 2305 2348 ι
2339 2296 2392 2350 in
2420 2296 2614 2365 spiritu
2673 2305 2853 2349 vestro
2903 2294 3209 2361 relinquere
3265 2308 3491 2348 uxorem

1925 2387 2302 2443 adolescentiae
2321 2396 2540 2442 vestrae.
2580 2405 2598 2437 ι
2639 2385 2753 2441 lloc
2784 2385 2926 2440 enim
2984 2394 3224 2454 praestat,
3285 2384 3498 2440 etiamsi

1921 2476 2009 2531 lex
2040 2477 2331 2532 divortium
2388 2477 2695 2531 volentibus
2719 2475 3020 2529 indulserit.

233 2562 398 2618 τοῦτο
438 2562 767 2637 πράττεσθαι
795 2562 1017 2635 ψήφοις,
1051 2562 1355 2634 φυλάξασθε
1406 2586 1424 2617 ι
1456 2567 1515 2619 ἐν
1581 2582 1851 2637 πνευματι
1890 2564 2044 2637 ὑμῶν
2069 2566 2130 2619 τὸ
2154 2565 2476 2634 καταλεῖψαι
2535 2569 2766 2635 γυναῖκα
2792 2565 2889 2636 τὴν
2913 2566 2976 2618 ἐκ
3001 2564 3302 2635 νεότητος.»
3330 2562 3499 2617 Τοῦτο

232 2655 345 2729 γάρ
385 2655 625 2727 ἄμεινον,
671 2655 763 2709 καὶ
804 2656 1005 2725 ἐφῆκεν
1033 2658 1060 2708 ὁ
1088 2656 1249 2726 νόμος
1286 2658 1398 2718 τοῖς
1431 2654 1672 2709 ἐθέλουσι
1715 2655 1812 2727 τὴν
1851 2658 2171 2711 ἀπόστασιν.

317 2774 478 2827 Ἀλλ’
498 2772 605 2826 ἐὰν
629 2771 903 2840 μισήσας
931 2771 1388 2838 ἐξαποστείλῃς,
1419 2768 1576 2839 λέγει
1605 2773 1820 2839 Κύριος

236 2866 269 2917 ὁ
305 2862 455 2929 Θεὸς
491 2860 749 2931 Ἰσραήλ.

303 2974 442 3030 ΚΘ.
485 2973 791 3037 Τουτέστιν,
816 2975 864 3027 εί
898 2972 1129 3043 πιθανὴν
1168 2970 1261 3026 καὶ
1287 2971 1595 3042 εὐάφορμον
1636 2972 1816 3026 ποιού-

2000 2772 2165 2827 Vens.
2204 2772 2286 2828 16.
2319 2771 2428 2828 Sed
2446 2771 2492 2825 si
2523 2771 2645 2826 odio
2668 2770 2862 2827 habens
2885 2770 3176 2834 dimiseris,
3214 2771 3342 2825 dicit
3382 2769 3490 2822 Do-

1926 2844 2096 2897 minus
2124 2842 2261 2897 Deus
2282 2841 2468 2897 Israel.

1995 2973 2188 3034 XXIX.
2222 2976 2332 3034 Hoc
2357 2985 2462 3043 est,
2494 2976 2537 3032 si
2557 2978 2884 3049 probabilem
2914 2976 3117 3033 faciens
3153 2986 3207 3033 et
3233 2978 3374 3047 iusta
3400 2993 3496 3035 oc-

239 3082 406 3136 μενος
435 3065 531 3136 τὴν
575 3063 912 3135 ἀποπομπὴν
950 3062 1027 3134 τῷ
1062 3061 1249 3149 βιϐλίῳ
1296 3061 1689 3135 προσγράψας,
1734 3065 1816 3117 ὅτι

1924 3067 2142 3122 casione
2163 3080 2342 3122 natam
2367 3068 2740 3124 dimissionem
2771 3068 3019 3124 indicans
3048 3069 3387 3140 ascripseris,
3448 3082 3499 3125 te

238 3154 565 3227 μεμίσηκάς
597 3171 655 3207 τε
685 3154 781 3206 καὶ
823 3153 1151 3208 ἀπεστείλω.

306 3265 423 3321 Καί
447 3264 706 3333 καλύψει
742 3262 987 3317 ἀσέϐεια
1020 3260 1118 3317 ἐπὶ
1144 3260 1214 3314 τὰ
1255 3260 1640 3331 ἐνθυμήματα
1680 3246 1817 3325 σου,

232 3355 403 3425 λέγει
453 3356 666 3423 Κύριος
717 3350 1159 3421 παντοκράτωρ,
1214 3350 1311 3405 καί
1348 3350 1695 3421 φυλάξεσθε
1751 3351 1822 3404 ἐν

236 3444 312 3511 τῷ
338 3444 636 3515 πνεύματι
666 3442 849 3512 ὑμῶν,
877 3440 977 3495 καί
1001 3443 1073 3495 οὐ
1106 3439 1192 3511 μὴ
1220 3441 1674 3510 ἐγκαταλίπητε.

305 3557 392 3609 Δ’.
432 3553 748 3616 Τουτέστιν,
793 3551 841 3603 εί
887 3550 1229 3622 περιγένοιτο
1272 3549 1383 3603 τῶν
1426 3549 1536 3603 σῶν
1566 3549 1822 3621 ἐνθυμηο

238 3645 427 3716 μάτων
462 3643 666 3713 ἀσεϐὴς
706 3643 801 3697 καὶ
850 3641 1077 3713 βέϐηλος
1112 3643 1146 3714 ή
1184 3642 1351 3714 δορὰ,
1398 3643 1491 3697 καὶ
1548 3643 1820 3714 πρόφασις

238 3740 334 3807 μὶν
365 3737 554 3792 είκαία
580 3737 639 3790 τὸ
674 3735 901 3807 μισῆσαί
943 3737 1111 3801 ἐστιν,
1139 3735 1365 3807 εὑρίσκῃ
1399 3734 1457 3788 δὲ
1487 3735 1587 3805 τῆς
1618 3736 1820 3806 ἐτέρων

233 3829 383 3899 ὺρας
414 3827 719 3898 ἡττώμενος
751 3827 846 3880 καὶ
884 3825 1127 3894 γυναίοις
1153 3827 1266 3889 τοῖς
1294 3825 1522 3890 ὀθνείοις
1562 3828 1823 3896 προσκεῖ-

237 3920 356 3974 σθαι
394 3920 585 3985 θέλων,
625 3937 644 3971 t
672 3917 924 3989 φύλαξαι,
957 3918 1034 3989 μὴ
1062 3917 1457 3989 ἐγκαταλίπῃς,
1486 3937 1504 3969 ›
1539 3919 1571 3990 ἢ
1614 3919 1821 3987 ἐπάρα-

233 4028 320 4074 τος
367 4010 471 4081 Eon
513 4009 693 4079 πάντη
734 4025 794 4061 τε
841 4007 937 4062 καὶ
982 4006 1218 4071 πάντως.
1262 4007 1408 4077 Ἔφη
1459 4007 1604 4077 γάρ’
1648 4026 1665 4058 ι
1696 4008 1819 4061 Ὅτι

235 4101 611 4174 ἐξολοθρεύσει
665 4099 871 4173 Κύριος
928 4100 1019 4152 τὸν
1074 4098 1363 4170 ἄνθρωπον
1414 4100 1507 4152 τὸν
1560 4098 1821 4153 ποιοῦντα

232 4194 431 4258 ταῦτα,
457 4192 686 4256 ἓωςίκαὶ
720 4190 1029 4261 ταπεινωθῇ
1068 4191 1132 4244 ἐκ
1165 4189 1539 4261 σκηνωμάτων
1584 4190 1817 4263 Ἰσραὴλ,

232 4284 295 4336 ἐκ
326 4282 715 4354 προσαγόντων
747 4279 939 4333 θυσίαν
968 4279 1159 4350 Κυρίῳ
1200 4281 1624 4351 παντοκράτορι.
1656 4300 1675 4332 ι
1710 4281 1821 4335 Καὶ

231 4374 391 4428 ταυτὶ
432 4374 528 4444 μὲν
569 4373 691 4426 ὅσον
718 4372 798 4434 είς
840 4370 1056 4441 ἐμφανῆ
1083 4387 1142 4423 τε
1188 4371 1281 4424 καὶ
1315 4370 1608 4441 πρόχειρον
1640 4371 1818 4439 λόγον.

1850 3143 1894 3201 ο
1926 3159 2202 3224 odisse,et
2240 3159 2317 3215 ita
2357 3160 2655 3215 dimittere.

1994 3269 2154 3323 Vens.
2183 3270 2267 3325 16.
2295 3270 2459 3342 847
2484 3270 2547 3324 Et
2577 3273 2767 3336 aperiet
2789 3270 3027 3339 impietas
3043 3287 3200 3340 super
3219 3272 3496 3341 cogitatio-

1922 3376 2010 3412 nes
2036 3370 2177 3425 tuas,
2222 3361 2346 3413 dicit
2392 3359 2648 3414 Dominus
2692 3361 3116 3427 omnipotens.“
3161 3362 3416 3431 custodite
3442 3362 3497 3416 in

1921 3450 2110 3516 spiritu
2145 3458 2336 3515 oestro,
2374 3459 2423 3504 et
2457 3465 2520 3504 ne
2552 3449 2947 3519 derelinquatis.

1996 3560 2162 3616 XXX.
2205 3560 2318 3618 lloc
2359 3570 2466 3628 est,
2498 3561 2541 3616 si
2575 3560 2935 3632 cogitationes
2970 3571 3089 3617 tuas
3119 3560 3360 3617 obvolvit
3394 3563 3498 3617 im-

1921 3653 2007 3722 pia
2036 3662 2091 3709 et
2120 3652 2346 3723 profana
2380 3653 2558 3722 pellis,
2605 3661 2659 3707 et
2695 3652 2879 3707 odium
2916 3651 2970 3707 in
3015 3651 3159 3707 illam
3199 3651 3329 3707 falso
3361 3668 3498 3723 prte-

1923 3747 2163 3809 texitttr,
2213 3744 2511 3799 invenieris
2571 3753 2751 3798 autem
2801 3743 3027 3798 aliarum
3096 3744 3498 3813 pulchritudine

1922 3838 2209 3901 subactus,
2239 3846 2294 3891 et
2344 3836 2479 3891 velle
2526 3834 2863 3890 mulierculis
2915 3835 3214 3903 peregrinis
3263 3835 3494 3906 alligari,

1928 3949 1946 3982 ι
1976 3930 2210 3995 custodi,
2238 3944 2305 3983 ne
2335 3927 2704 3997 derelinquas,
2735 3944 2755 3979 s
2802 3936 2903 3982 aut
2934 3940 3157 3998 prorsus
3184 3926 3499 3983 maledictos

1922 4020 2051 4075 eris.
2093 4020 2240 4074 Dixit
2277 4020 2419 4075 enim
2456 4038 2469 4075 :
2501 4037 2518 4071 t
2554 4019 2690 4086 Quia
2731 4018 3000 4087 disperdet
3028 4017 3287 4073 Dominus
3325 4016 3498 4073 homi-

1923 4126 2044 4166 nem
2066 4112 2155 4179 qui
2190 4111 2322 4166 l’acit
2353 4110 2490 4175 hate,
2520 4112 2692 4164 donec
2723 4109 3039 4164 humilietur
3069 4108 3496 4177 extabernacu-

1922 4202 1987 4257 lis
2023 4198 2211 4266 Israel,
2251 4216 2317 4257 ex
2349 4199 2708 4256 offerentibus
2752 4198 3077 4253 sacrificium
3123 4197 3349 4252 Domino
3379 4212 3496 4252 om-

1926 4289 2258 4359 nipotenti»
2313 4287 2379 4342 Et
2437 4287 2541 4343 hoc
2602 4288 2818 4357 quidem
2864 4288 3006 4357 quod
3056 4290 3125 4342 ad
3181 4288 3394 4359 planam
3442 4296 3497 4341 et

1920 4378 2133 4433 obviam
2156 4378 2593 4448 explanationem
2622 4378 2838 4431 attinet.

300 4462 765 4538 Παραφυλακτέον
799 4461 857 4515 δέ
887 4462 981 4517 καὶ
1015 4465 1126 4525 τοῖς
1151 4461 1238 4513 διὰ
1272 4461 1509 4524 πίστεως
1548 4460 1818 4531 κεκλημέ-

1994 4467 2304 4524 Cavendum
2336 4478 2515 4521 autem
2549 4474 2604 4520 et
2638 4481 2734 4534 per
2762 4465 2922 4520 ﬁdem
2955 4465 3160 4521 vocatis
3191 4463 3244 4518 in
3284 4463 3490 4518 sanctio

239 4572 338 4620 θοις
370 4558 453 4619 είς
485 4554 779 4624 άγιασμὸν,
814 4552 889 4624 μὴ
931 4552 1040 4624 ἄρα
1064 4569 1179 4615 πως
1206 4550 1555 4622 ἀπενεχθεὴν
1580 4552 1655 4615 ὠς
1682 4552 1818 4623 πρὸς

234 4650 499 4715 γυναῖκας
539 4646 932 4718 ἀπηχθημένας
960 4643 1078 4715 Θεῷ
1125 4642 1221 4698 καί⁵
1250 4642 1559 4712 ἀλλογενείς
1601 4644 1681 4707 είς
1719 4643 1815 4707 τάς

235 4736 498 4809 βεϐήλους
534 4735 794 4808 αἱρέσεις.
834 4733 1077 4804 Ἀπόχρη
1112 4730 1222 4803 γὰρ
1247 4732 1449 4796 αὐτοῖς,
1482 4734 1560 4795 είς
1603 4749 1812 4804 καρπο-

232 4828 429 4900 φορίαν
474 4825 870 4899 πνευματικὴν,
910 4823 1015 4877 τῶν
1052 4821 1153 4893 τῆς
1192 4820 1517 4892 Ἐκκλησίας
1564 4822 1818 4877 διδασκά-

230 4920 335 4973 λων
361 4920 401 4991 η
442 4917 659 4990 καθαρά
685 4915 781 4970 καὶ
820 4913 1123 4986 ἀμώμητος
1152 4912 1499 4981 παιδαγωγία
1531 4913 1814 4985 μονονουχὶ

232 5012 323 5066 καὶ
359 5010 570 5065 τέκνων
623 5008 819 5070 αὐτοὺς
872 5003 1109 5074 εὐγενῶν
1164 5004 1484 5073 ἀποφαίνειν
1534 5003 1812 5076 πατέρας,

230 5102 515 5164 τίκτοντας
541 5097 748 5171 νοητῶς
782 5096 841 5162 ἐξ
869 5095 1079 5167 ἀγαθῆς
1107 5096 1335 5167 καρδίας
1360 5094 1430 5149 τὰ
1455 5094 1553 5166 τῆς
1579 5097 1657 5159 είς
1683 5095 1815 5149 Θεὸν

232 5192 453 5261 ἀγάπης
482 5192 622 5263 αὒχή
631 5206 796 5262 ματα.

475 5313 859 5401 ΤΟΜΟΣ
954 5309 1558 5397 ΔΕΥΤΕΡΟΣ.

305 5492 371 5544 οι
426 5487 872 5556 παροξύνοντες
927 5482 1035 5538 τὸν
1087 5482 1237 5536 Θεὸν
1301 5482 1373 5535 ἐν
1426 5481 1551 5549 τοῖς
1604 5483 1809 5552 λόγοις

231 5581 418 5650 ἡμῖν’,
448 5578 547 5633 καὶ
574 5577 811 5632 εἴπατε·
851 5577 948 5630 ‘Er
978 5575 1095 5631 τίνι
1127 5574 1562 5644 παρωξύναμεν
1584 5574 1770 5629 αὐτόν
1793 5591 1813 5639 ;

303 5758 349 5793 ⁸³
383 5756 568 5814 Matth.
599 5773 651 5824 v,
682 5756 771 5812 33.

884 5755 928 5789 ”
959 5752 1150 5809 Matth.
1185 5768 1296 5821 ιιι,
1326 5752 1383 5824 7,
1409 5752 1464 5822 8;
1494 5752 1658 5810 Marc.
1692 5768 1747 5821 x,
1772 5752 1827 5820 2,
1852 5757 1907 5811 9.

1924 4559 2252 4625 ficationem,
2286 4573 2353 4614 ne
2396 4560 2536 4613 forte
2582 4558 2729 4613 velut
2765 4558 2831 4612 ad
2879 4557 3107 4611 feminas
3136 4555 3248 4610 Deo
3276 4555 3493 4611 odiosas

1923 4662 1978 4707 et
2035 4650 2365 4719 alienigenas
2417 4649 2469 4704 in
2543 4648 2799 4720 profanas
2862 4648 3095 4703 haereses
3155 4647 3491 4703 auferantur.

1923 4741 2109 4796 Potest
2151 4743 2294 4795 enim
2338 4740 2481 4804 illos,
2510 4749 2706 4809 praeter
2754 4738 3089 4810 spi‘ritualent
3138 4738 3489 4801 fertilitatem,

1922 4830 2176 4886 Ecclesia
2203 4829 2582 4901 magistrorum
2611 4829 2826 4886 sincera
2851 4840 2904 4885 et
2933 4829 3203 4900 inculpata
3227 4827 3494 4883 institutio

1924 4933 2131 4977 tantum
2176 4936 2285 4978 non
2328 4922 2560 4977 liliorum
2589 4935 2808 4991 quoque
2850 4919 3112 4976 nobilium
3159 4928 3341 4989 patres
3373 4916 3496 4972 red-

1921 5014 2072 5079 dere,
2104 5028 2172 5069 ex
2221 5012 2386 5069 corde
2430 5012 2572 5068 bono
2604 5012 2800 5067 divinae
2846 5010 3133 5067 charitatis
3169 5010 3363 5064 decora
3404 5021 3491 5063 se-

1922 5107 2158 5160 cundum
2188 5103 2516 5160 intellectum
2542 5112 2884 5175 generautes.

2095 5310 2503 5403 TOMUS
2594 5304 3315 5403 POSTERIOR.

1996 5483 2154 5538 Vsus.
2197 5481 2282 5535 l7.
2336 5480 2440 5546 Qui
2489 5482 2809 5550 provocastis
2856 5476 3022 5532 Deum
3066 5477 3120 5531 in
3165 5473 3488 5530 sermonibus

1922 5576 2130 5645 vestris,
2168 5584 2216 5630 et
2257 5574 2465 5629 dixistis
2496 5589 2515 5627 :
2541 5570 2607 5627 In
2640 5589 2742 5643 quo
2784 5569 3174 5642 provocarintus
3220 5566 3379 5622 aut?
3419 5561 3488 5618 In
