4070 6520
598 361 698 417 5‘27

1611 361 1671 417 S.
1714 362 1988 417 CYRILH
2029 364 2491 419 ΑΗΞΧᾹΝΗΗΜ
2533 365 2840 422 ΑΙὶΕῐῐΙῐίΡ.

3760 379 3871 432 ses

599 493 660 530 eo
686 476 823 546 quod
846 474 1024 528 dicitis
1054 487 1072 526 :
1109 472 1295 529 Omnis
1326 476 1418 547 qui
1454 477 1581 543 facit
1637 478 1858 543 malum,
1895 480 2084 532 bonum
2125 481 2177 532 in

2297 484 2392 533 Ἐν
2414 482 2492 546 τῷ
2520 482 2722 551 λέγειν
2750 481 2901 551 ὑμᾶς
2925 499 2937 511 ·
2978 483 3099 549 Πᾶς
3138 483 3321 539 ποιῶν
3357 490 3640 557 πονηρὸν,
3680 493 3872 545 καλὸν

599 576 875 635 conspectu
914 567 1145 633 Domini,
1182 577 1231 622 et
1262 569 1316 623 in
1356 571 1483 639 ipsis
1512 572 1610 640 ipsi
1638 572 1972 639 complacuit,
2012 582 2059 625 et
2092 574 2182 625 ubi

598 671 672 712 est
704 659 841 713 Deus
861 659 1131 728 justitiw?

676 788 866 845 XXXI.
911 790 1083 861 Supra
1116 793 1398 858 annotavi,
1440 808 1543 846 non
1577 808 1702 856 uno,
1734 793 1825 847 sed
1858 792 2041 846 multis
2070 774 2183 847 mo-

602 883 685 937 dis
743 883 1122 937 universorum
1178 881 1343 935 Deum
1392 893 1579 937 contra
1626 894 1871 952 posteros
1918 884 2046 939 Levi
2093 901 2185 939 ex-

604 975 917 1028 acerbatum
951 989 1092 1028 esse.
1120 973 1187 1027 Et
1210 975 1551 1029 sacerdotum
1586 974 1825 1029 imbelles
1857 977 2064 1030 animas
2094 992 2185 1031 ca-

603 1067 833 1134 stigans,
884 1067 1105 1120 aiebat:
1144 1085 1163 1117 ι
1196 1067 1260 1120 Ει
1304 1067 1618 1122 iuferehalis
1649 1083 1767 1136 quae
1810 1078 1957 1137 rapta
2005 1079 2181 1133 erant,

604 1165 659 1209 et
681 1156 894 1221 clauda,
928 1167 981 1211 et
1006 1156 1204 1211 debilia
1230 1156 1294 1210 ³³.
1329 1175 1347 1209 ι
1384 1157 1449 1210 Et
1477 1157 1703 1211 addebat
1737 1158 1819 1210 his
1850 1175 1862 1211 :
1897 1177 1916 1208 ι
1948 1158 2014 1212 Ει
2041 1159 2184 1213 acci-

605 1247 835 1316 piebatis
886 1263 1172 1317 personam
1226 1249 1277 1303 in
1334 1248 1449 1317 lege
1474 1248 1537 1302 3‘.
1572 1267 1590 1301 ι
1636 1247 1970 1303 Ilonorantes
2015 1251 2180 1314 enim,

606 1349 663 1392 ut
702 1338 958 1394 credibile
982 1350 1082 1406 est,
1108 1351 1163 1396 et
1193 1341 1565 1411 intempestive
1592 1350 1895 1394 reverentes
1922 1344 2180 1410 quosdam

603 1447 724 1486 sese
772 1434 1185 1497 convenientes,
1231 1434 1511 1489 tenuiores
1561 1438 1823 1493 scelerate
1857 1439 2182 1492 condemna-

603 1523 755 1588 bant,
809 1532 863 1577 et
898 1525 1218 1591 premebant
1254 1523 1540 1593 quosdam,
1592 1542 1699 1582 non
1752 1544 1817 1583 ex
1868 1528 2183 1598 praescripto

598 1612 733 1682 legis
758 1614 899 1682 justa
923 1612 1234 1683 judicantes
1262 1614 1306 1645 ³⁵
1333 1653 1348 1679 ,
1380 1616 1473 1669 sed
1500 1617 1551 1669 in
1584 1626 1789 1686 partem
1824 1618 2180 1688 potentiorem

599 1711 657 1755 et
689 1702 927 1771 iniquam
957 1706 1282 1758 sententiam
1314 1704 1652 1773 proferentes
1685 1723 1697 1757 :
1734 1716 1825 1759 aut
1856 1708 1993 1761 forte
2016 1708 2180 1759 etiam

2285 572 2542 625 ἐνώπιον
2575 572 2818 641 Κυρίου,
2858 571 2954 625 καὶ
2989 573 3059 625 ἐν
3099 574 3303 640 αὐτοῖς
3339 577 3520 642 αὐτὸς
3545 579 3866 648 εὐδόκησε,

2286 664 2381 717 καὶ
2420 663 2535 717 ποῦ
2564 664 2735 717 ἔστιν
2760 666 2794 716 o'
2821 664 2965 730 Θεὸς
2992 664 3101 732 τῆς
3141 665 3566 736 δικαιοσύνης

2354 802 2478 854 AA'.
2520 800 2735 863 Φθέισας
2765 800 2922 871 ἔφην,
2970 800 3045 864 ὡς
3074 802 3133 854 οὐ
3164 802 3286 856 καθ’
3322 802 3416 855 ἕνα
3458 804 3679 873 τρόπον,
3729 820 3871 858 κατα

2286 891 2513 954 πολλοὺς
2558 891 2615 944 δὲ
2656 891 2952 960 μᾶλλλον,ὀ
2993 892 3101 945 τῶν
3149 893 3283 946 ὅλων
3330 894 3463 956 Θεὸς
3503 895 3599 947 ἐπὶ
3641 897 3767 960 τοὺς
3808 900 3867 966 ἐξ

2285 987 2513 1055 αἵματος
2540 983 2634 1036 τοῦ
2676 983 2807 1036 Λευὶ
2836 985 3302 1054 κατεπικραίνετο.
3348 985 3458 1038 Καὶ
3501 989 3621 1049 ταῖς
3651 987 3759 1039 τῶν
3792 990 3863 1041 ia-

2287 1076 2535 1150 ρουργῶν
2565 1075 2824 1145 ἀθυμίαις
2864 1077 3236 1145 ἐπισκήπτων,
3277 1077 3511 1144 ἔφασκε·
3553 1096 3572 1127 ‹
3605 1078 3717 1131 Καὶ
3752 1081 3867 1131 εἰσ-

2284 1170 2507 1239 εφέρετε
2550 1169 2619 1222 τὰ
2662 1169 3035 1239 ἁρπάγματα,
3077 1167 3170 1221 καὶ
3201 1169 3270 1221 τὰ
3306 1169 3486 1239 χωλὰ,
3525 1172 3621 1223 καὶ
3665 1171 3735 1224 τά
3778 1174 3865 1225 ὲν-

2284 1261 2603 1332 οχλούμενα.
2630 1281 2646 1312 ι
2686 1261 3038 1331 Προσεπῆγεν
3062 1260 3119 1313 δὲ
3151 1261 3358 1323 τούτοις
3377 1278 3390 1291 ·
3434 1281 3451 1313 ‹
3483 1262 3593 1314 Καὶ
3622 1264 3863 1332 ὲλαμόἀ·

2283 1371 2404 1406 νετε
2441 1353 2731 1424 πρόσωπον
2770 1354 2827 1404 ἐν
2860 1353 3027 1421 νόμῳ.
3056 1370 3074 1403 ι
3112 1352 3388 1421 Τιμῶντες
3440 1353 3569 1424 γὰρ,
3624 1354 3766 1407 κατά
3804 1356 3864 1407 τὸ

2284 1445 2451 1507 εἰκὸς,
2496 1448 2591 1498 καὶ
2620 1445 2684 1497 δι’
2722 1443 2901 1506 αἰδοῦς
2929 1443 3158 1514 ἀκαίρου
3188 1445 3501 1514 ποιούμενοι
3540 1445 3651 1498 τῶν
3691 1464 3862 1517 προσ-

2287 1537 2472 1590 ιόντων
2512 1536 2683 1599 τινάς,
2720 1535 3072 1600 κατεδίκαζον
3106 1535 3203 1605 μὲν
3238 1537 3335 1605 οὐχ
3364 1536 3525 1601 ὁσίως
3555 1537 3664 1590 τῶν
3702 1538 3861 1591 ἀσθε-

2284 1629 2577 1699 νεστέρων,
2609 1629 2704 1681 καὶ
2738 1627 3049 1691 πλεονεξίας
3068 1626 3271 1694 ἐπῆγον
3300 1644 3457 1691 τισιν,
3488 1628 3548 1680 οὺ
3577 1627 3646 1681 τὰ
3679 1627 3860 1681 δίκαια

2284 1718 2593 1787 κρίνοντες,
2641 1718 2783 1770 κατὰ
2826 1734 2890 1784 γε
2940 1716 3030 1770 τὸν
3072 1717 3255 1786 νόμον,
3298 1717 3413 1770 ἀλλ’
3458 1717 3727 1788 ἑτεραλκῆ
3767 1720 3860 1771 καὶ

602 1794 919 1865 diripientes
953 1795 1297 1851 haereditates
1324 1798 1631 1866 neutiquam
1666 1798 1731 1853 ad
1759 1814 1816 1854 se
1850 1800 2175 1853 attincntes:

2280 1809 2460 1862 ἄνισον
2486 1806 2581 1877 τὴν
2614 1806 2793 1875 ψῆφον
2830 1806 3149 1876 ἐκφέροντες
3170 1823 3183 1836 ο
3213 1806 3245 1877 ἢ
3278 1807 3419 1877 τάχα
3448 1825 3553 1860 που
3582 1810 3676 1861 καὶ
3703 1809 3857 1880 διαρ-

602 1888 900 1955 gaudentes
927 1897 1107 1941 autem
1160 1904 1324 1956 super
1361 1888 1517 1943 donis
1546 1898 1600 1942 et
1641 1904 1700 1942 ea
1745 1890 2088 1958 accipientes,
2121 1898 2178 1943 et

602 1977 891 2031 sacerdotii
943 1977 1240 2034 honoribus
1271 1978 1579 2043 abutentes,
1612 1993 1664 2032 et
1703 1995 1864 2048 supra
1908 1978 2177 2048 subjectos

600 2078 660 2118 se
691 2064 995 2121 ell'erentes.
1034 2066 1185 2119 llunc
1230 2069 1280 2120 in
1315 2068 1529 2121 modum
1565 2070 1726 2120 vitam
1760 2070 2011 2137 degentes
2044 2071 2175 2124 adeo

603 2154 857 2209 infamem
904 2165 957 2209 et
1001 2156 1206 2226 legibus
1240 2157 1705 2221 adversissimam,
1738 2157 1907 2227 848
1936 2158 2176 2213 videntes

603 2248 823 2316 quidam
877 2246 1131 2316 injuriam
1169 2246 1335 2317 passi,
1373 2259 1576 2301 tantum
1624 2264 1727 2300 non
1760 2248 1972 2302 attoniti
2017 2249 2179 2302 mira-

600 2337 823 2390 bantur.
870 2335 980 2392 Nec
1038 2338 1184 2391 enim
1240 2339 1779 2406 reprehendebantur
1828 2354 1857 2392 a
1917 2339 2045 2403 Deo,
2079 2354 2177 2393 nec

600 2428 997 2496 puniebantur,
1059 2440 1116 2483 ut
1164 2430 1342 2484 solent
1393 2430 1682 2500 aliquando
1736 2441 2171 2500 contemptores;

599 2521 727 2588 quin
779 2522 955 2590 potius
1003 2524 1163 2577 rebus
1208 2525 1463 2578 secundis
1506 2525 1813 2589 utebantur,
1840 2535 1893 2579 et
1927 2525 2179 2578 vivebant

599 2628 721 2665 cum
769 2612 1058 2683 voluptate.
1106 2615 1312 2670 Idcirco
1355 2630 1497 2685 aegre
1528 2614 1783 2682 ferentes,
1831 2616 2177 2672 immensam-

599 2717 704 2771 que
732 2702 824 2757 Dei
865 2705 1252 2774 benignitatem
1287 2704 1426 2759 l'orte
1457 2706 1695 2775 amplius
1722 2708 1959 2774 cogitare
1994 2707 2177 2762 nolen-

604 2803 707 2859 tes,
739 2799 1121 2863 propemodum
1148 2796 1310 2851 etiam
1336 2810 1403 2850 ex
1429 2798 1810 2866 desperatione
1835 2797 2173 2852 clamabant:

608 2904 626 2936 ι
656 2885 846 2941 Omnis
871 2888 962 2957 qui
996 2889 1129 2945 facit
1157 2891 1384 2957 malum,
1421 2890 1621 2945 bonmn
1666 2888 1720 2942 in
1749 2896 2040 2957 conspectu
2070 2888 2177 2943 Do-

604 2979 762 3045 mini,
792 2990 846 3035 et
878 2981 932 3035 in
965 2981 1095 3051 ipsis
1120 2983 1220 3051 ipsi
1252 2982 1610 3052 complacuit;
1646 3000 1664 3033 ι
1691 2981 1790 3036 hoc
1814 2990 1915 3047 est,
1954 2981 2175 3036 forsitan

600 3081 658 3126 et
707 3083 1046 3141 perpetrator
1103 3075 1366 3130 malorum
1416 3075 1590 3129 bonus
1653 3082 1737 3126 est
1787 3074 1840 3127 in
1888 3083 2175 3141 conspectu

2277 1899 2542 1961 πάζοντες
2572 1899 2696 1961 τοὺς
2739 1898 3035 1968 οὐδαμόθεν
3077 1898 3258 1961 αὐτοῖς
3295 1900 3669 1969 προσήκοντας
3730 1900 3858 1969 κλή-

2279 2007 2439 2061 ρους·
2479 1989 2799 2059 ὲιρηδὸμενοι
2845 1989 2900 2041 δὲ
2933 1988 3027 2041 καὶ
3064 1988 3443 2059 δωροδοκίαις,
3479 1991 3573 2042 καὶ
3606 1993 3726 2053 ταῖς
3763 1992 3854 2059 τῆς

2280 2088 2577 2161 ἱερωσύνης
2602 2090 2785 2159 τιμαῖς
2808 2085 3296 2156 κατακεχρημένοι,
3321 2085 3415 2139 καὶ
3436 2085 3544 2138 τῶν
3568 2084 3672 2137 ὑπὸ
3701 2088 3857 2155 χεῖρα

2279 2181 2753 2252 κατεπαιρόμενοι.
2796 2179 3011 2248 Ταύτην
3040 2177 3253 2247 ἔχοντες
3280 2174 3374 2229 τοῦ
3423 2176 3538 2245 βίου
3569 2176 3667 2245 τὴν
3712 2177 3855 2242 ἀγω-

2277 2272 2380 2341 γὴν
2420 2269 2516 2340 τὴν
2555 2268 2699 2322 οὕτω
2734 2266 2969 2321 δυσκλεᾶ
2996 2267 3090 2318 καὶ
3129 2266 3548 2335 ἐκνομωτάτην,
3579 2264 3853 2318 καταθεώ-

2280 2362 2428 2432 μενοί
2480 2376 2623 2422 τινες
2656 2358 2763 2412 τῶν
2810 2358 2907 2418 τὰς
2945 2356 3156 2418 ἀδικίας
3201 2355 3716 2425 ὑπομεμενηκότων,
3760 2371 3853 2424 μο-

2277 2451 2489 2521 νονουχὶ
2521 2449 2919 2519 κατεθήπεσαν,
2952 2446 3028 2500 Οὐ
3057 2445 3165 2516 γὰρ
3192 2440 3260 2515 ἦν
3289 2462 3374 2508 τις
3406 2446 3491 2497 ἐπ’
3522 2445 3703 2508 αὐτοῖς
3740 2446 3854 2497 ἑπέ-

2279 2542 2472 2608 πληξις
2508 2540 2659 2609 παρὰ
2700 2536 2835 2591 Θεοῦ
2886 2536 2982 2590 καὶ
3021 2536 3089 2588 τὰ
3123 2535 3182 2600 ἐξ
3218 2534 3417 2604 ὀργῆς,
3455 2534 3567 2586 ἔσθ’
3594 2535 3680 2587 ὅτε
3717 2551 3850 2603 συμ-

2278 2633 2527 2686 ϐαίνοντα
2562 2634 2673 2695 τοῖς
2708 2627 2923 2683 εἰωθόσι
2956 2628 3312 2696 καταφρονεῖν
3334 2641 3349 2656 ⁸
3385 2620 3525 2694 ἦσαν
3559 2625 3615 2677 δὲ
3657 2626 3850 2697 μᾶλλον

2278 2723 2336 2773 ἐν
2378 2720 2643 2789 εὐπαθείᾳ
2674 2719 2767 2771 καὶ
2802 2720 3055 2788 τρυφαῖς.
3107 2716 3250 2785 Πρὸς
3288 2714 3353 2784 δὴ
3405 2715 3472 2767 τὰ
3505 2714 3728 2767 τοιαῦτα
3770 2716 3855 2766 δε-

2278 2815 2706 2886 δυσφορηκότες,
2750 2810 2847 2865 καὶ
2881 2812 2978 2882 τὴν
3022 2810 3354 2879 ἀσύγκριτον
3402 2806 3713 2878 ἡμερότητα
3762 2808 3852 2860 τοῦ

2279 2906 2415 2959 Θεοῦ
2445 2907 2584 2975 τάχα
2624 2922 2725 2957 που
2759 2903 2937 2956 λοιπὸν
2987 2904 3065 2965 εἰς
3103 2901 3227 2954 νοῦν
3259 2900 3402 2970 ἔχειν
3450 2901 3552 2952 οὐκ
3593 2900 3853 2970 ἀνεχόμεο

2280 3015 2380 3064 νοι,
2420 2997 2699 3068 μονονουχὶ
2741 2995 2835 3049 καὶ
2865 2992 3351 3064 κατακεκράγασιν
3384 2993 3447 3043 ὲκ
3491 2990 3856 3062 μικροψυχίας

2280 3090 2554 3158 λέγοντες’
2598 3107 2615 3139 ι
2652 3089 2764 3149 Πᾶς
2799 3085 2966 3139 ποιῶν
3006 3084 3262 3155 πονηρὸν,
3294 3081 3458 3136 καλὸν
3503 3081 3734 3135 ἐνώπιον
3765 3084 3857 3134 αὺ-

605 3161 854 3231 Domini;
898 3173 953 3218 ct
985 3179 1148 3235 super
1194 3168 1328 3218 adeo
1360 3164 1643 3217 inhoneste
1677 3162 1983 3216 viventibus
2026 3162 2173 3215 laeta-

2280 3181 2393 3247 τοῦ,
2425 3182 2518 3232 καὶ
2548 3182 2603 3232 ὲν
2642 3180 2825 3241 αὐτοῖς
2854 3176 3012 3239 αὐτὸς
3045 3175 3335 3246 ηὐδόκησε,
3364 3191 3383 3223 ι
3418 3172 3685 3236 τουτέστι,
3723 3174 3856 3242 τάχα

604 3264 711 3310 tttr.
744 3254 879 3310 Nam
921 3258 964 3311 si
1012 3258 1112 3311 hoc
1157 3271 1345 3311 verum
1378 3271 1485 3310 non
1533 3263 1637 3321 est,
1677 3255 1870 3325 inquit,
1907 3273 1926 3306 ι
1963 3254 2061 3309 Ubi
2092 3265 2177 3309 est

603 3348 744 3402 Deus
768 3346 1038 3416 iustitiae?
1072 3368 1091 3401 ι
1121 3349 1417 3417 Oportebat
1442 3348 1610 3411 enim,
1644 3348 1931 3416 oportebat
1955 3344 2177 3414 justitia:

601 3440 1027 3509 dispensatorem
1064 3455 1169 3494 non
1206 3441 1340 3494 adeo
1377 3438 1700 3493 tolerantem
1741 3454 1862 3494 esse
1906 3439 1958 3492 in
1991 3454 2172 3493 sacer-

601 3533 818 3586 dotibus
855 3532 1055 3595 avaris,
1102 3540 1155 3585 et
1198 3531 1368 3584 altare
1402 3528 1782 3599 polluentibus,
1813 3538 1868 3583 et
1901 3529 2081 3598 iniqua
2113 3543 2177 3582 ac

603 3623 871 3679 scelerata
909 3632 963 3677 et
992 3622 1093 3691 legi
1123 3620 1417 3692 pugnantia
1449 3621 1791 3675 committere
1824 3635 2033 3674 summo
2062 3629 2177 3673 stu-

601 3718 693 3770 dio
739 3715 1082 3770 conantibus.
1145 3714 1209 3767 Et
1261 3714 1377 3768 htec
1429 3713 1646 3782 quidem
1700 3712 1926 3767 crimina
1981 3710 2178 3765 fuerint

602 3806 998 3877 desperationis
1048 3803 1285 3873 ipsorum
1336 3802 1657 3858 incessentis
1709 3803 1938 3857 animos.
1992 3800 2177 3856 Scien-

601 3897 729 3951 dum
782 3905 986 3960 autem,
1026 3894 1182 3964 juxta
1217 3896 1554 3964 propositam
1596 3894 1885 3948 verborum
1933 3908 2174 3958 sensum,

600 3989 823 4043 irritare
849 3986 1039 4054 Deum,
1071 3987 1164 4058 qui
1202 3988 1338 4041 adeo
1378 3987 1643 4054 imperitis
1672 3985 1894 4041 vocibus
1930 3994 2173 4041 utuntur.

600 4080 794 4135 Fertne
824 4081 968 4135 enim
993 4092 1046 4135 et
1073 4081 1356 4149 increpare
1380 4087 1629 4149 statuunt
1648 4077 1964 4132 tolerantem
1989 4077 2174 4143 Deum,

598 4176 692 4239 qui
747 4175 1048 4231 errantium
1097 4173 1511 4228 conversionem
1564 4171 1953 4242 benignissime
1998 4180 2053 4225 et
2085 4185 2177 4225 eo-

599 4282 717 4321 rum
765 4266 857 4335 qui
898 4267 952 4320 in
1005 4273 1285 4336 peccatum
1338 4262 1575 4333 prolapsi
1622 4272 1766 4327 sunt,
1805 4262 1871 4317 ad
1920 4261 2176 4316 salutaria

605 4373 883 4412 recursum
929 4366 1230 4427 exspectat.
1269 4356 1494 4410 Divinus
1534 4355 1715 4423 itaque
1771 4353 1969 4407 Paulus
2015 4368 2177 4422 super

2279 3290 2382 3325 που
2420 3273 2515 3325 καὶ
2555 3271 2757 3339 ἀγαθὸς
2788 3271 2844 3321 ὲν
2885 3268 3184 3338 ὀφθαλμοῖς
3218 3266 3309 3319 τοῦ
3339 3263 3483 3341 Θεοῦ
3508 3267 3537 3318 ὁ
3566 3266 3674 3318 τῶν
3705 3283 3856 3336 πονη-

2281 3364 2389 3434 ρῶν
2418 3363 2682 3432 ἐργάτης·
2726 3359 2984 3429 ὲφήδεται
3020 3359 3076 3411 δὲ
3113 3360 3226 3420 τοῖς
3271 3356 3446 3417 οὕτως
3477 3358 3717 3427 αἰσχρῶς
3748 3359 3853 3410 δια-

2279 3455 2427 3508 ϐιοῦν
2460 3452 2774 3524 ᾑρημένοις.
2820 3452 2881 3503 Εἰ
2912 3451 3019 3521 γὰρ
3063 3450 3136 3521 μὴ
3187 3449 3365 3515 τοῦτο,
3399 3451 3586 3519 φησὶν,
3636 3449 3849 3519 ἀληθὲς,

2286 3569 2303 3600 ι
2342 3547 2448 3601 Ποῦ
2498 3547 2644 3599 ἐστιν
2685 3546 2714 3597 ό
2754 3542 2886 3605 Θεὸς
2933 3545 3031 3612 τῆς
3073 3540 3453 3610 δικαιοσύνηςς
3484 3559 3502 3591 ι
3544 3539 3693 3592 Ἔδει
3730 3541 3850 3610 γὰρ,

2277 3639 2383 3691 ἔδει
2403 3639 2500 3707 τῆς
2524 3633 2867 3703 δικαιοσύνης
2893 3632 2984 3685 τὸν
3015 3633 3277 3704 πρύτανιν
3304 3632 3378 3704 μὴ
3402 3630 3656 3685 τοσοῦτον
3692 3631 3853 3696 ἀνεξι-

2280 3731 2517 3800 κακῆσαι
2575 3724 2955 3779 πλεονεκτοῦσι
3018 3726 3351 3795 ἱερουργοίς,
3410 3724 3505 3776 καὶ
3569 3724 3853 3792 καταμιαί-

2278 3834 2427 3870 νουσι
2454 3816 2514 3868 τὸ
2554 3814 2957 3885 θυσιαστήριον,
2990 3814 3150 3868 ἄδικά.
3180 3831 3240 3865 τε
3285 3814 3378 3865 καὶ
3422 3815 3616 3866 ἀνόσια
3661 3815 3753 3867 καὶ
3791 3814 3853 3866 τά

2279 3907 2385 3974 ἔξω
2444 3907 2608 3976 νόμου
2662 3906 2793 3975 δρᾷν
2842 3905 2924 3957 ὅτι
2977 3904 3213 3973 μάλιστα
3263 3903 3700 3957 διεσπουδακὸσι.
3752 3905 3852 3957 Καὶ

2278 4000 2432 4053 ταυτὶ
2463 4000 2563 4068 μὲν
2597 3994 2706 4051 εἷεν
2738 3998 2803 4051 ἂν
2832 3996 2931 4065 τῆς
2962 3995 3345 4067 ἑπισυμϐἀσης
3376 3996 3561 4059 αὐτοῖς
3602 3996 3852 4065 μικροψυ·

2279 4092 2401 4160 χίας
2451 4091 2795 4161 ἐγκλήματα.
2847 4087 3042 4141 ’ἰστέον
3079 4087 3136 4139 δὲ
3169 4088 3279 4152 ὃτι,
3316 4087 3458 4140 κατά
3504 4102 3570 4154 γε
3611 4087 3713 4155 τὴν
3753 4086 3851 4137 τῶν

2280 4183 2654 4253 προκειμένων
2680 4180 2929 4249 δύναμιν,
2964 4177 3359 4249 παροτρύνουσι
3391 4176 3480 4231 τὸν
3503 4176 3638 4229 Θεὸν
3668 4178 3717 4230 οἱ
3744 4180 3849 4239 ταῖς

2279 4274 2449 4335 οὕτως
2474 4271 2819 4333 ἀπαιδεύτοις
2840 4269 3168 4341 κεχρημένοι
3190 4271 3411 4338 φωναῖς.
3434 4269 3734 4337 Μονονουχὶ
3754 4270 3849 4337 γὰρ

2281 4366 2375 4420 καὶ
2408 4366 2665 4435 ἐπιτιμᾷν
2706 4362 3009 4431 ἐγνώκασιν
3042 4361 3452 4427 ἀνεξικακοῦντι
3480 4361 3600 4431 Θεῷ
3633 4363 3851 4432 περιμέ-

603 4450 941 4517 torpentibus
976 4457 1030 4503 et
1072 4464 1102 4502 a
1147 4448 1466 4519 pceriitentia
1522 4446 1915 4517 refugientibus
1944 4446 2171 4499 dolens:

2281 4458 2425 4511 νοντί
2458 4473 2517 4509 τε
2551 4456 2646 4510 καὶ
2683 4455 2827 4525 μάλα
2876 4454 3128 4525 χρηστῶς
3159 4454 3267 4508 τῶν
3303 4453 3734 4524 πεπλανημένων
3762 4452 3849 4523 τὴν

604 4561 625 4593 ι
655 4540 789 4593 Num
834 4540 1051 4595 divitias
1094 4540 1355 4595 bonitatis
1402 4540 1520 4609 ejus
1553 4550 1604 4593 et
1650 4538 1924 4607 patientiae
1970 4547 2027 4593 et
2066 4538 2177 4592 lon-

2288 4545 2645 4616 ἐπιστροφὴν,
2670 4544 2779 4599 τῶν
2802 4545 2880 4610 εἰς
2911 4543 3185 4615 ἁμαρτίαν
3212 4543 3619 4614 ὼλισθηκότων,
3650 4543 3749 4614 τὴν
3780 4545 3850 4605 εις

601 4633 935 4702 ganintitatis
1004 4630 1326 4698 contemnis,
1392 4631 1646 4700 ignorans
1693 4630 1818 4698 quia
1870 4629 2175 4698 benignitas

604 4727 695 4779 Dei
742 4726 809 4779 ad
850 4723 1227 4795 paenitentiam
1260 4732 1312 4777 te
1346 4721 1535 4777 ducit?
1568 4722 1874 4776 Secundum
1922 4721 2175 4774 duritiam

603 4827 780 4871 autem
825 4826 880 4871 et
930 4816 1276 4885 impmnitens
1315 4831 1411 4871 cor
1457 4826 1642 4878 tuum,
1695 4812 2029 4867 tbesaurizas
2081 4811 2175 4866 libi

602 4909 702 4976 ipsi
737 4910 871 4960 iram
910 4910 965 4962 in
1011 4907 1097 4962 die
1134 4906 1229 4962 irae
1259 4916 1314 4963 et
1363 4905 1709 4963 revelationis
1742 4913 1796 4957 et
1817 4903 1948 4971 justi
1984 4903 2176 4972 judicii

602 5000 693 5054 Dei
718 5000 785 5053 ³⁸.
821 5017 839 5050 ι
876 5000 1061 5069 Itaque
1107 5000 1271 5054 etiam
1316 5007 1481 5069 atque
1512 4999 1679 5053 etiam
1722 4997 2174 5066 vehementerque

603 5092 766 5144 Deum
813 5090 1092 5146 offendunt
1123 5092 1216 5161 qui
1250 5093 1387 5146 adeo
1433 5090 1685 5145 inanibus
1711 5088 1842 5142 dant
1884 5103 2075 5145 manus
2118 5098 2173 5144 et

598 5181 778 5251 lingua
809 5180 1067 5237 etfrenata
1106 5183 1208 5251 ipsi
1243 5182 1636 5244 convitiautur,
1674 5189 1729 5234 et
1768 5190 1991 5249 peccato
2025 5189 2172 5236 tene-

602 5274 799 5327 butttur
830 5277 922 5343 qui
963 5274 1139 5329 morbi
1167 5273 1488 5329 occasiones
1520 5271 1649 5341 ipsis
1673 5272 1953 5325 dederunt.

2284 4640 2353 4693 τὰ
2382 4639 2588 4708 ἀμείνω
2616 4637 2978 4708 μεταδρομήν.
3003 4636 3115 4689 Καὶ
3145 4636 3317 4703 γοῦνό
3340 4635 3624 4699 Θεσπέσιος
3654 4634 3851 4697 Παῦλος

2282 4733 2394 4792 τοῖς
2417 4728 2631 4782 ὀκνοῦσί
2657 4744 2715 4780 τε
2749 4729 2841 4780 καὶ
2862 4726 3245 4797 ἀναδυομένοις
3273 4725 3351 4778 ἔτι
3385 4725 3485 4795 τὴν
3515 4725 3848 4794 μετάγνωσιν

2285 4821 2539 4889 ἐπετίμα,
2570 4818 2742 4886 λέγων
2763 4834 2775 4845 °
2816 4837 2834 4867 ι
2867 4817 2927 4869 Ei
2958 4816 3051 4869 τοῦ
3092 4814 3324 4869 πλούτου
3362 4815 3463 4885 τῆς
3495 4814 3851 4885 χρηστότητος

2282 4908 2447 4964 αὑτοῦ
2470 4910 2563 4962 καὶ
2590 4909 2687 4979 τῆς
2711 4908 2913 4977 ἀνοχῆς
2939 4908 3031 4960 καὶ
3051 4905 3150 4975 τῆς
3175 4906 3557 4977 μακροθυμίας
3588 4921 3843 4975 καταφρο

2281 5004 2410 5065 νείς,
2442 4999 2651 5068 ἀγνοῶν
2681 5000 2764 5052 ὅτι
2795 4999 2856 5050 τὸ
2892 4998 3125 5069 χρηστὸν
3161 4997 3254 5049 τοῦ
3285 4994 3418 5049 Θεοῦ
3450 4998 3530 5059 είς
3569 4996 3851 5065 μετάνοιαν

2281 5110 2339 5146 σε
2366 5092 2521 5162 ἄγεις
2554 5091 2695 5145 κατὰ
2726 5090 2782 5143 δὲ
2809 5089 2907 5161 τὴν
2935 5088 3278 5160 σκληρότητά
3313 5105 3405 5141 σου
3439 5088 3533 5142 καὶ
3558 5088 3850 5158 ἀμετανόη-

2279 5201 2370 5237 τον
2404 5182 2652 5253 καρδίαν,
2702 5180 3048 5251 θησαυρίζεις
3108 5177 3317 5249 σεαυτῷ
3366 5177 3534 5248 ὀργὴν
3572 5180 3629 5230 ὲν
3674 5177 3847 5246 ἡμέρᾳ

2281 5275 2450 5345 ὀργῆς
2482 5274 2575 5326 καὶ
2594 5271 2983 5341 ἀποκαλύψεως
3007 5270 3102 5324 καὶ
3122 5270 3517 5339 δικαιοκρισίας
3539 5269 3633 5322 τοῦ
3652 5268 3801 5321 Θεοῦ.
3824 5285 3840 5316 ι

600 5362 808 5416 Οὐκοῦν
851 5364 1287 5436 προσκρούσουσι
1324 5363 1421 5434 μὲν
1452 5361 1626 5432 πάντη
1659 5364 1753 5415 καὶ
1790 5363 2001 5428 πάντως
2039 5366 2087 5417 οἱ
2115 5368 2232 5430 ταῖς
2273 5366 2414 5419 οὕτω
2440 5365 2675 5435 ψυχραῖς
2715 5362 3014 5434 ἡττώμενοι
3043 5362 3137 5416 καὶ
3173 5362 3425 5431 ἀχάλινον
3470 5360 3564 5414 ἐπὶ
3602 5358 3722 5429 Θεῷ
3755 5358 3843 5428 τὴν

598 5454 842 5522 γλῶτταν
868 5456 1111 5522 ἀνέντες,
1142 5456 1313 5526 ἔνοχοι
1337 5454 1393 5507 δὲ
1432 5455 1811 5526 πλημμελείας
1843 5451 1951 5509 εἶεν
1987 5456 2052 5511 ἂν
2084 5460 2132 5510 οἱ
2159 5460 2257 5531 τῆς
2289 5458 2601 5530 ἀρρωστίας
2628 5457 2811 5519 αὐτοῖς
2836 5455 3067 5519 διδόντες
3095 5455 3192 5519 τὰς
3228 5454 3500 5525 ἀφορμάς.

676 5546 967 5603 Vivendum
1004 5549 1166 5618 igitur
1197 5558 1382 5603 sancte
1411 5555 1466 5601 et
1506 5558 1650 5602 recta
1689 5549 1771 5601 via
1809 5548 2161 5604 incedendum

732 5752 773 5781 ³³
802 5751 1029 5805 Mttluclt.
1072 5768 1114 5819 l,
1149 5751 1233 5806 13.
1345 5751 1388 5783 ³³
1425 5749 1645 5807 Malaclt.
1697 5765 1753 5816 11,

1952 5752 1994 5783 ³³
2031 5751 2184 5807 Deut.
2224 5765 2261 5815 ι,
2293 5750 2377 5805 16.

2342 5551 2459 5623 Χρὴ
2505 5550 2568 5620 δὴ
2605 5544 2698 5602 οὖν
2729 5548 2837 5619 ἄρα
2879 5547 3068 5617 διαζῇν
3117 5545 3281 5614 ἁγίως
3317 5545 3411 5599 καὶ
3450 5541 3756 5615 ὀρθοποδεῖν
3788 5538 3839 5592 ἐν

2488 5750 2532 5779 ³⁸
2566 5748 2719 5802 Rom.
2759 5764 2821 5815 tt,
2861 5748 2915 5814 4,
