4070 6546
170 454 262 510 329

1010 450 1561 508 COMMENTARIUS
1599 451 1666 508 IN
1706 450 2109 511 MALACHIAM
2155 452 2597 511 PROPIIETAM.

3308 458 3411 514 350

182 558 459 636 Ἐκκλησία
510 562 636 627 τοὺς
688 563 1022 629 ἀπολέκτους
1077 564 1395 637 ίερουργοῦς
1440 566 1560 638 ἦτοι
1611 568 1738 632 τοὺς

1848 569 1894 624 in
1929 567 2169 624 Ecclesia
2197 568 2384 624 electis
2415 566 2789 624 sacerdotibus
2812 570 2924 625 sive
2955 571 3022 626 ad
3048 573 3413 629 sacerdotium

170 656 520 730 κεκλημένους
548 656 629 720 εἰς
671 655 993 728 ἱερωσύνην.
1020 657 1273 710 Ἔσονται
1309 657 1419 729 γὰρ
1457 657 1630 722 οὕτως
1659 661 1738 723 εἰς

170 746 505 803 ὑποτύπωσιν
536 745 837 817 εὐκοσμίας
873 746 968 800 καὶ
1005 746 1225 818 ἀπάσης
1253 747 1453 817 ἀρετῆς
1493 751 1604 811 τοῖς
1635 749 1739 802 ὑπὸ

168 843 311 914 χεῖρα
352 836 528 903 λαοῖς,
571 835 621 889 οἳ
654 837 750 892 καὶ
800 836 892 890 τὸν
942 836 1052 890 τῶν
1090 836 1228 890 ὅλων
1274 838 1738 910 καταγεραίρουσι

169 934 306 995 Θεὸν,
350 929 449 1000 τῆς
496 927 606 984 τῶν
662 929 854 1001 ίερέων
905 928 1182 993 πολιτείας
1231 929 1293 982 τὸ
1339 929 1593 1001 λαμπρὸν
1647 930 1742 984 καὶ

170 1023 430 1094 ἐξαίρετον
476 1019 882 1090 καταθεώμενοι
916 1021 1130 1085 κάλλος.
1160 1021 1273 1076 Καὶ
1319 1020 1501 1087 τοῦτο,
1546 1016 1736 1090 οἶμαι,

171 1116 272 1170 ἐστὶ
293 1113 354 1167 τὺ
381 1111 468 1166 διὰ
491 1111 593 1182 τῆς
615 1110 709 1164 τοῦ
732 1111 984 1183 Σωτῆρος
1011 1113 1196 1184 φωνῆς
1220 1111 1394 1183 ὀρθῶς
1420 1113 1538 1183 είρη
1549 1111 1706 1182 μένον
1721 1127 1735 1142 ο

173 1229 190 1261 ι
219 1204 494 1278 Λαμψάτω
518 1204 580 1258 τὸ
612 1202 728 1274 φῶς
758 1204 912 1274 ὑμῶν
937 1203 1250 1275 ἔμπροσθεν
1278 1204 1390 1258 τῶν
1413 1203 1736 1276 ἀνθρώπων,

168 1304 298 1363 ὅπως
346 1297 593 1351 ἴδωσιτά
633 1296 775 1350 καλά
801 1296 938 1368 ἔργα
972 1297 1157 1368 ὑμῶν,
1197 1299 1292 1352 καὶ
1333 1297 1598 1362 δοξάσωσι
1646 1297 1739 1351 τὸν

166 1389 374 1460 Πατέρα
417 1387 572 1460 ὑμῶν
628 1387 720 1442 τὸν
761 1390 820 1441 ἐν
863 1391 977 1452 τοῖς
1019 1390 1287 1460 οὐρανοῖς.
1316 1410 1334 1444 ι
1371 1391 1581 1463 Ὥσπερ
1629 1392 1739 1465 γὰρ

166 1479 596 1545 σκανδαλίζονται
632 1479 770 1542 λαοὶ,
805 1479 905 1550 ζῇν
939 1479 1212 1550 ἑλομένων
1243 1481 1485 1546 ἐκτόπως
1516 1482 1626 1537 τῶν
1668 1485 1741 1537 is-

169 1573 319 1645 ρέων.
367 1569 508 1624 οὓτω
539 1569 799 1641 πλείστην
847 1586 906 1622 τε
955 1570 1086 1642 ὅσην
1136 1571 1231 1625 καὶ
1280 1571 1398 1625 λίαν
1448 1573 1736 1644 ἀμφιλαφῆ

166 1663 473 1736 κερδανοῦσι
499 1662 596 1734 τὴν
622 1661 828 1734 ὄνησιν,
858 1663 906 1715 εί
936 1663 1000 1734 δή
1021 1682 1122 1716 που
1155 1664 1441 1717 θεάσαιντο
1475 1665 1740 1736 πληροῦν-

164 1775 252 1820 τας
293 1757 356 1810 τὸ
407 1754 630 1826 ἀγαθὸν,
661 1753 755 1807 καὶ
803 1753 992 1825 διαζῇν
1027 1755 1363 1826 ἡγουμένους
1406 1756 1482 1820 ὡς
1523 1756 1738 1813 ἁνδάνει

164 1847 288 1918 Θεῷ.

758 1981 1010 2038 ΚΕΦΑΛ.
1056 1982 1131 2035 Γ¹.

237 2117 391 2173 Ἰδοὺ
429 2116 545 2189 ἐγὼ
595 2116 915 2173 ἀποστελῶ
961 2117 1224 2188 ἄγγελόν
1266 2135 1404 2187 μου,
1463 2118 1559 2172 καί
1611 2119 1740 2172 em-

161 2209 438 2278 ὄλέψεται
471 2207 615 2264 ὀδόν
645 2209 761 2278 πρὸ
793 2209 1118 2277 προσώπου
1135 2227 1276 2279 μου.
1309 2210 1418 2265 Καὶ
1449 2210 1742 2279 ἐξαίφνης

164 2302 285 2369 ἣξει
315 2303 409 2367 είς
454 2299 562 2354 τὸν
597 2300 752 2354 ναὸν
792 2300 1010 2355 ἑαυτοῦ
1055 2301 1295 2368 Κύριος,
1340 2299 1414 2354 ὃν
1445 2301 1614 2370 ὑμεῖς
1647 2299 1741 2368 ζη-

163 2391 320 2458 reita,
353 2392 456 2447 καί
479 2395 513 2446 ὀ
540 2393 828 2463 Ἀγγελος
859 2392 970 2463 τῆς
1001 2391 1318 2460 διαθήκης,
1351 2391 1425 2446 ὃν
1452 2391 1620 2461 ὑμεῖς
1653 2391 1745 2447 θέ-

161 2486 308 2541 lere.

225 2575 344 2630 ΑΒ.
393 2573 738 2646 Εύαφόρμως
777 2575 899 2629 λίαν
935 2576 1028 2630 ἐπὶ
1055 2575 1232 2631 τὸτοῦ
1268 2578 1507 2649 Χριστοῦ
1542 2581 1745 2651 μυστή-

166 2683 270 2736 ριον
302 2667 330 2720 ὁ
376 2666 481 2732 τῆς
514 2667 885 2738 προκειμένης
938 2668 1069 2738 ἡμῖν
1117 2669 1456 2739 προφητείας
1508 2687 1747 2740 μεταπε-

163 2758 383 2829 φοίτηκε
417 2758 593 2828 λόγος.
631 2758 829 2827 Γέγονε
863 2759 972 2829 γὰρ
1003 2760 1136 2830 ἡμῖν
1166 2758 1316 2830 παρά
1353 2759 1446 2812 τοῦ
1481 2759 1616 2813 Θεοῦ
1647 2761 1744 2815 καὶ

161 2849 366 2918 Πατρὺς
399 2849 428 2902 ό
470 2848 818 2921 Ἐμμανουὴλ
854 2867 873 2902 ι
908 2848 1226 2918 δικαιοσύνη
1254 2867 1314 2902 τε
1346 2850 1441 2903 καὶ
1474 2851 1746 2921 ἁγιασμὸς

162 2941 250 2995 καὶ
276 2939 678 3012 ἀπολύτρωσις,
719 2961 738 2995 ι
774 2942 872 2996 καὶ
907 2941 1080 3014 ῥύπου
1111 2943 1309 3007 παντὸς
1342 2944 1744 3016 ἀποκάθαρσις,

162 3033 253 3090 καὶ
276 3033 566 3106 ἁμαρτιῶν
592 3033 873 3100 ἀπόθεσις,
911 3034 1006 3088 καὶ
1032 3033 1140 3087 τῶν
1168 3034 1454 3104 αἰσχιόνων
1481 3035 1745 3108 ἀποϐολὴ,

165 3125 254 3182 καὶ
281 3127 405 3190 ὁδὸς
433 3129 512 3191 είς
535 3127 604 3182 τά
633 3128 840 3199 ἀμείνω
864 3128 961 3182 καὶ
1011 3128 1456 3200 πρεπωδέστερα,
1484 3128 1576 3182 καὶ
1605 3127 1748 3198 θύρα

163 3233 243 3280 τις
270 3215 466 3289 ὥσπερ
505 3218 600 3272 καὶ
629 3218 848 3289 εἰσϐολὴ
882 3219 1019 3290 πρὸς
1047 3218 1194 3290 ζωὴν
1227 3217 1465 3285 αἰώνιον,
1503 3220 1654 3274 πᾶσά
1684 3236 1745 3273 τε

1768 1943 1815 2004 Β

1839 659 2066 715 vocalis.
2101 659 2193 716 Sic
2223 661 2366 715 enim
2400 660 2629 716 subditis
2670 661 2917 732 exemplo
2946 671 3106 717 erunt
3153 673 3208 718 et
3241 663 3413 720 forma

1840 751 2146 807 honestatis
2189 752 2479 821 omnisque
2521 752 2762 816 virtutis,
2803 753 2892 824 qui
2940 762 2996 808 et
3038 754 3413 811 universorum

1841 843 1950 896 Deo
1990 841 2354 912 gratulantur,
2405 859 2526 897 cum
2581 842 2792 898 illusue
2838 855 2894 900 et
2933 846 3207 916 singulare
3254 849 3419 902 decus

1841 948 2032 988 eorum
2082 936 2206 990 vitae
2254 934 2714 1004 contemplantur.
2771 939 2835 991 Et
2870 937 2971 993 hoc
3021 947 3126 1003 est,
3166 947 3224 993 ut
3265 949 3415 1009 puto,

1840 1025 1980 1091 quod
2013 1039 2146 1080 voce
2181 1024 2479 1081 Salvatoris
2524 1028 2689 1096 probe
2719 1027 2923 1082 dictum
2959 1028 3193 1100 legimus
3223 1047 3236 1084 :
3276 1048 3294 1081 ι
3328 1032 3419 1084 Sic

1841 1115 2022 1171 luceat
2079 1117 2171 1172 lux
2231 1126 2409 1172 vestra
2461 1134 2643 1174 coram
2700 1119 3045 1184 hominibus,
3091 1130 3150 1175 ut
3201 1120 3420 1175 videant

1839 1223 2003 1278 opera
2030 1222 2207 1265 vestra
2242 1211 2379 1266 bona
2409 1219 2462 1266 et
2488 1211 2790 1279 gloriﬁcent
2817 1211 3035 1267 Patrem
3059 1222 3299 1268 vestrum
3326 1212 3417 1281 qui

1842 1300 1894 1353 in
1924 1301 2081 1355 caelis
2111 1312 2196 1356 est
2220 1302 2286 1356 ³⁷.
2326 1320 2344 1354 ι
2381 1303 2840 1369 Quemadmodum
2888 1305 3033 1359 enim
3062 1304 3231 1377 849
3261 1321 3420 1360 scan-

1841 1390 2108 1447 dalizatur
2147 1393 2395 1464 popttlus,
2434 1409 2554 1449 cum
2590 1395 2898 1450 sacerdotes
2930 1411 3118 1465 parum
3162 1397 3423 1451 innocen-

1841 1488 1926 1536 ter
1965 1482 2185 1549 vivunt,
2225 1485 2298 1538 ita
2346 1484 2769 1541 emolumentum
2820 1487 2974 1558 longe
3023 1489 3318 1542 maximum
3370 1497 3424 1542 et

1841 1575 2076 1644 amplam
2118 1577 2404 1630 utilitatem
2455 1580 2828 1649 consequitur.
2865 1582 2908 1634 si
2955 1580 3211 1636 bonitatis
3248 1577 3424 1634 cilicio

1841 1665 2130 1734 fungentes
2173 1666 2341 1730 videt,
2389 1676 2444 1721 et
2485 1667 2862 1724 existimantes
2916 1670 2987 1722 ita
3033 1668 3319 1722 vivendum
3369 1676 3426 1720 ut

1841 1755 1952 1812 Deo
1978 1756 2171 1827 placet.

2484 1981 2635 2036 CAP.
2697 1983 2781 2037 ΙΙΙ.

1916 2111 2081 2165 Vsus.
2126 2113 2178 2167 l.
2225 2112 2360 2168 Ecce
2391 2131 2484 2185 ego
2509 2117 2657 2170 mitto
2689 2120 2929 2189 angelum
2956 2138 3146 2187 meum,
3181 2134 3227 2177 et
3248 2141 3428 2192 specu-

1843 2201 2043 2255 labitur
2071 2202 2210 2256 viam
2247 2214 2367 2258 ante
2393 2205 2583 2273 faciem
2609 2224 2797 2263 meam.
2830 2209 2898 2263 Et
2931 2212 3107 2265 statim
3151 2215 3316 2269 veniet
3357 2217 3425 2268 ad

1845 2294 2098 2362 templum
2140 2311 2294 2350 suum
2331 2295 2612 2363 Dominus,
2650 2316 2802 2368 quem
2841 2318 2930 2356 vos
2960 2305 3222 2372 quaeritis,
3250 2316 3298 2360 et
3328 2309 3430 2360 Αιι-

1842 2385 1989 2454 gelus
2033 2390 2352 2454 testamenti,
2385 2406 2533 2456 quem
2569 2409 2655 2446 vos
2688 2394 2863 2447 vultis.

1918 2565 2132 2626 XXXII.
2169 2568 2521 2641 Perapposite
2559 2575 2627 2627 ad
2662 2572 2863 2628 Christi
2915 2576 3232 2646 mysterium
3264 2580 3424 2632 verba

1848 2658 1948 2714 ista
1977 2663 2296 2731 prophetica
2327 2664 2678 2718 transierunt.
2709 2665 2907 2722 Factus
2933 2675 3017 2722 est
3040 2668 3184 2723 enim
3211 2670 3365 2726 nobis
3396 2688 3426 2724 a

1848 2751 1960 2807 Deo
1994 2761 2050 2806 et
2095 2752 2259 2808 Patre
2320 2755 2640 2810 Eirtmanuel
2690 2755 2924 2824 iustitia,
2969 2766 3024 2812 et
3071 2761 3430 2817 sanctiﬁcatio

1847 2853 1904 2900 et
1935 2844 2238 2917 redemptio
2262 2847 2329 2879 ³⁷·
2348 2887 2364 2911 ,
2395 2857 2450 2902 et
2487 2848 2666 2903 omnis
2694 2848 3050 2906 immunditiae
3077 2855 3390 2910 emundatio
3412 2894 3428 2921 ,

1846 2948 2308 3008 peccatorumque
2339 2940 2625 3010 depositio,
2651 2950 2702 2995 et
2728 2942 3138 2999 inhonestorum
3171 2946 3426 3016 abjectio,

1847 3036 1904 3085 et
1947 3029 2015 3084 ad
2065 3031 2288 3086 meliora
2345 3046 2410 3086 ac
2451 3033 2760 3088 decentiora
2807 3037 3052 3103 quaedam
3097 3036 3203 3103 via,
3255 3047 3312 3094 et
3361 3041 3428 3094 ad

1847 3129 2109 3176 ater-nam
2167 3122 2334 3176 vitam
2387 3137 2484 3176 ceu
2538 3124 2701 3193 janua
2759 3135 2814 3178 et
2869 3125 3166 3195 ingressus,
3227 3137 3283 3183 et
3333 3145 3430 3199 per

1849 3211 2024 3282 ipsum
2064 3223 2307 3268 correcta
2344 3223 2471 3267 sunt
2501 3215 2704 3280 omnia,
2742 3225 2790 3270 et
2827 3231 3050 3272 eversus
3084 3218 3284 3274 diaboli
3327 3223 3426 3275 do-

163 3309 228 3364 δι’
257 3309 429 3364 αὑτοῦ
468 3311 690 3379 γέγονεν
721 3311 1114 3392 ἐπανόρθωσις,
1146 3312 1242 3367 καὶ
1273 3312 1586 3378 πλεονεξίας
1619 3313 1748 3366 ἀνα-

1853 3305 2110 3370 minatus,
2142 3315 2196 3359 et
2235 3305 2451 3359 inventa
2492 3305 2726 3374 justitia.
2758 3306 2964 3373 Quibus
2993 3309 3135 3362 enim
3167 3311 3428 3365 mirabili-

164 3400 351 3470 τροπὴ,
390 3399 488 3453 καὶ
509 3400 857 3472 δικαιοσύνης
883 3400 1122 3473 εὕρεσις.
1154 3403 1264 3456 Καὶ
1288 3401 1340 3455 τί
1367 3403 1476 3474 γὰρ
1495 3402 1615 3472 οὐχὶ
1640 3401 1750 3454 τῶν

163 3491 630 3564 τεθαυμασμένων
676 3493 744 3547 δι’
773 3493 938 3548 αὑτοῦ
985 3493 1476 3565 πεπλουτήκαμεν;
1532 3513 1550 3547 ι
1618 3494 1748 3548 Ἰδοὺ

163 3581 354 3647 τοίνυν,
397 3583 554 3652 φησι,
603 3583 884 3638 ἀποστελῶ
915 3583 1007 3640 τὸν
1045 3584 1276 3652 ἄγγελόν
1315 3601 1438 3654 μου,
1489 3583 1584 3638 καὶ⁸
1626 3585 1749 3637 ὲπι-

161 3673 418 3744 ϐλέψεται
447 3675 568 3730 ὁδὸν
599 3676 706 3747 πρὸ
756 3674 1051 3746 προσώπου
1101 3693 1224 3746 μου.
1271 3694 1290 3730 ι
1343 3676 1527 3738 Ἐοικε
1572 3675 1629 3729 δὲ
1657 3674 1749 3730 διὰ

158 3766 355 3822 τούτων
421 3767 522 3838 τὴν
571 3765 668 3821 τοῦ
717 3767 876 3836 ἁγίου
935 3766 1244 3822 Βαπτιστοῦ
1288 3766 1557 3821 ποιεῖσθαι
1609 3784 1744 3838 προ-

162 3858 530 3931 αναφὼνησιν.
571 3861 715 3931 Ἔφη
751 3861 863 3932 γάρ
909 3876 1014 3913 που
1067 3859 1164 3913 καὶ⁸
1205 3858 1368 3922 αὐτὸς
1415 3861 1443 3913 ὁ
1475 3858 1745 3930 Χριστός⁹

168 3967 186 4002 ι
222 3945 392 4016 Οὗτός
429 3952 545 4005 ἐστι
580 3953 710 4022 περὶ¹
747 3947 808 4007 οὖ
839 3951 1187 4023 γέγραπται·
1231 3969 1250 4004 ι
1302 3951 1432 4006 Ἰδοὺ
1473 3951 1584 4021 ἐγὼ
1614 3951 1749 4005 ἀπο-

166 4039 330 4093 στελῶ
357 4040 458 4094 τὸν
499 4041 732 4109 ἄγγελόν
766 4058 868 4112 μου
904 4041 1011 4113 πρὸ
1034 4040 1327 4112 προσώπου
1356 4058 1471 4107 σου,
1501 4041 1561 4114 ὃς
1590 4059 1749 4096 καταο

165 4131 423 4186 σκευάσει
457 4130 555 4202 τὴν
582 4131 700 4186 ὁδόν
733 4149 828 4186 σου
857 4132 1166 4204 ἔμπροσθέν
1199 4150 1316 4187 σου.
1358 4152 1377 4186 ι
1412 4133 1598 4197 Οὕτως
1619 4136 1752 4204 ἡμῖν

162 4221 317 4276 αὐτὸν
365 4223 470 4277 καὶ
514 4225 543 4277 ὁ
596 4223 880 4288 θεσπέσιος
947 4224 1178 4289 Ἡσαΐας
1228 4227 1492 4297 ἐσήμηνε,
1537 4224 1748 4294 λέγων·

165 4333 181 4367 ι
231 4316 392 4388 Φωνὴ
447 4315 678 4388 βοῶντος
722 4319 780 4371 ὲν
830 4319 894 4390 τῇ
953 4318 1184 4390 ἐρήμῳ·
1237 4317 1598 4389 Ἑτοιμάσατε
1652 4317 1751 4389 τὴν

161 4405 272 4459 ὁδὸν
311 4408 550 4478 Κυρίου,
594 4408 810 4473 εὐθείας
859 4411 1063 4464 ποιεῖτε
1108 4411 1208 4472 τάς
1239 4408 1454 4482 τρίϐους
1492 4408 1585 4464 τοῦ
1615 4409 1750 4463 Θεοῦ

159 4498 336 4569 ἡμῶν.
391 4518 416 4553 ι
468 4494 544 4554 Οὗ
589 4501 654 4572 δὴ
701 4501 1008 4570 γεγονότος,
1057 4503 1210 4572 φησι,
1252 4501 1348 4556 καὶ
1392 4487 1528 4573 Διίρὸς
1578 4501 1751 4573 βραχὺ

157 4589 566 4664 δεδραμηκότος
603 4590 698 4646 τοῦ
726 4592 1009 4662 ἀγγέλλειν
1031 4593 1101 4648 τὰ
1125 4591 1304 4649 τοιάδε
1341 4593 1752 4667 προστεταγμέ-

157 4697 267 4746 νου,
331 4701 352 4735 ι
424 4682 712 4757 Ἐξαίφνης
755 4684 898 4756 ἥξει,
942 4685 1095 4758 φησι,
1142 4686 1223 4750 είς
1273 4684 1366 4740 τὸν
1410 4684 1538 4740 ναὸν
1581 4684 1746 4741 αὑτοῦ

158 4770 379 4846 Κύριος,
413 4773 476 4828 δν
507 4775 664 4848 ὑμεῖς
692 4775 926 4848 ζητεῖτε,
958 4776 1053 4831 καὶ
1085 4777 1114 4831 ό
1147 4777 1378 4847 ἄγγελος
1415 4776 1518 4847 τῆς
1550 4774 1744 4848 διαθή-

157 4879 278 4934 κης,
309 4864 375 4919 ὃν
408 4865 568 4937 ὑμεῖς
601 4865 834 4926 θέλετε.»
872 4866 1275 4940 Διισχυρίζεται
1302 4867 1359 4922 δὲ
1386 4872 1482 4923 καὶ
1508 4869 1536 4923 ό
1562 4866 1743 4938 μακά-

160 4967 274 5021 ρεος
335 4952 617 5026 Ἰωάννης,
667 4954 842 5025 λέγων
887 4959 1001 5021 τοῖς
1049 4956 1364 5030 ἐρχομένοις
1411 4956 1507 5013 hri.
1547 4957 1610 5013 τὸ
1645 4956 1742 5029 τῆς

160 5046 458 5110 μετανοίας
512 5044 831 5118 βάπτισμςν
889 5064 909 5102 ι
979 5045 1120 5117 Ἐγὼ
1182 5047 1432 5120 βαπτίζω
1489 5049 1634 5120 ὑμᾶς
1693 5049 1753 5102 ὲν

158 5132 312 5190 ὕδατι
331 5152 345 5165 ο
381 5138 564 5192 ὀπίσω
593 5155 695 5210 μου
726 5138 950 5212 ἔρχεται
981 5141 1143 5213 ἀνὴρ,
1169 5133 1231 5194 οὗ
1258 5141 1360 5198 οὐκ
1399 5140 1516 5212 ειμι
1569 5140 1753 5204 me;

157 5224 242 5280 ἶνα
279 5226 469 5295 κύψας
498 5228 645 5285 λύσω
687 5231 778 5286 τὸν
808 5232 1010 5303 ίμάντα
1040 5234 1134 5288 τοῦ
1169 5235 1516 5306 ὑποδήματος
1548 5232 1750 5290 αὐτοῦ’

157 5317 366 5381 ἐκεῖνος
399 5320 545 5390 ὑμᾶς
573 5321 824 5392 βαπτίσει
850 5325 910 5378 ὲν
938 5323 1217 5396 Πνεύματι
1251 5326 1390 5398 ἀγίῳ
1416 5331 1512 5384 καὶ
1535 5325 1687 5397 πυρί.
1720 5344 1740 5379 ι

157 5407 357 5481 Συνίης
389 5406 506 5476 οὖν,
535 5413 681 5477 ὅπως
712 5415 942 5479 κατόπιν
971 5414 1133 5481 εὐθὺς
1167 5418 1260 5470 καὶ
1294 5417 1574 5487 μονονουχὶ
1607 5417 1748 5471 κατά

155 5500 328 5566 πόδας
355 5502 455 5556 τοῦ
483 5506 940 5576 προαγγέλλοντος
960 5507 1203 5572 ἐϐάδιζεν
1223 5510 1251 5561 ό
1277 5509 1528 5580 Χριστὸς,
1558 5509 1748 5563 ἑαυτὸν

156 5594 342 5666 ἀφανῆ
379 5597 642 5663 καθιστὰς
671 5604 784 5666 τοῖς
814 5603 917 5656 ἀνὰ
962 5604 1142 5657 πᾶσαν
1185 5605 1285 5676 τὴν
1341 5593 1618 5668 Ἰουδαίαν,
1655 5603 1747 5657 κα)⁵

156 5678 268 5737 οἷον
289 5686 557 5761 ἐξαίφνης
585 5692 678 5745 καὶ
705 5693 983 5758 ἀδοκήτως
1013 5695 1453 5767 ἐπιφαινόμενος.
1483 5695 1747 5765 ’Δγγελόν

232 5863 278 5894 ³⁷
319 5863 515 5920 Matth.
546 5882 601 5932 ν,
636 5868 718 5922 16.
811 5870 878 5901 ³⁷·
910 5867 1079 5925 ICor.
1107 5888 1145 5936 ι,
1197 5872 1284 5927 50.
1362 5872 1406 5905 ³⁸
1438 5870 1626 5930 Matth.
1672 5888 1748 5942 ιι,

1848 5871 1891 5929 λ.
1961 5873 2125 5930 "lsa.
2149 5890 2238 5944 XL,
2271 5875 2324 5943 3,
2353 5891 2366 5941 ;
2399 5871 2593 5931 Matth.
2630 5889 2712 5937 ιιι,
2748 5870 2803 5927 5.

585 5960 857 6025 ΡΑτιιοι..
893 5962 1010 6024 Gn.
1047 5964 1278 6025 LXXII.

1851 3394 1952 3449 bus
1986 3409 2082 3464 per
2133 3396 2309 3465 ipsum
2353 3396 2664 3462 locupletati
2716 3413 2821 3452 non
2871 3401 3100 3454 sumus?
3135 3403 3224 3454 Ait
3251 3417 3431 3474 ergo:

1856 3503 1875 3537 ι
1906 3485 2046 3542 Ecce
2079 3499 2178 3555 ego
2212 3487 2417 3540 mittam
2450 3488 2698 3558 angelum
2739 3505 2940 3556 memn,
2974 3501 3030 3546 et
3061 3494 3432 3562 speculabitur

1849 3576 1992 3630 viam
2027 3586 2153 3632 ante
2194 3577 2386 3632 faciem
2427 3595 2624 3633 meam.
2659 3598 2678 3632 ι
2719 3579 2928 3648 Quibus
2965 3584 3146 3639 verbis
3181 3596 3429 3641 sanctum

1851 3667 2148 3739 Baptistam
2199 3671 2412 3725 videtur
2456 3674 2840 3741 pranuntiare.
2897 3674 3032 3730 Nam
3083 3687 3136 3731 et
3184 3677 3433 3733 Christus

1853 3761 1969 3832 ipse
2004 3761 2207 3828 alicubi
2239 3779 2254 3816 :
2295 3781 2314 3814 ι
2351 3763 2450 3818 Hic
2484 3772 2567 3820 est
2603 3765 2669 3820 de
2698 3781 2806 3836 quo
2839 3767 3100 3835 scriptum
3139 3778 3222 3823 est
3251 3783 3266 3822 :
3295 3769 3434 3825 Ecce

1853 3867 1955 3922 ego
1997 3854 2209 3908 mittam
2257 3854 2509 3925 angelum
2546 3870 2725 3910 meum
2777 3865 2904 3912 ante
2935 3857 3129 3914 faciem
3162 3870 3329 3928 tuam,
3376 3871 3436 3914 ut

1852 3954 2120 4016 praparet
2149 3945 2294 4000 viam
2328 3955 2472 4000 tuam
2507 3956 2633 4001 ante
2662 3957 2716 4002 te
2736 3947 2800 4003 ⁸⁸.
2831 3967 2848 3999 ι
2882 3947 2961 4006 De
2989 3952 3179 4006 eodem
3217 3953 3431 4007 divinus

1853 4036 2061 4096 Isaias:
2097 4057 2116 4092 ι
2151 4037 2260 4094 Vox
2316 4041 2602 4097 clamantis
2651 4041 2703 4095 in
2758 4041 2975 4097 deserto
3007 4060 3021 4098 :
3053 4043 3247 4099 Parate
3288 4044 3431 4101 viam

1855 4131 2091 4196 Domini,
2134 4141 2314 4188 rectas
2351 4132 2514 4188 facite
2557 4134 2781 4188 seruitus
2826 4132 2920 4188 Dei
2954 4135 3126 4189 nostri
3154 4134 3219 4189 ³ο.
3253 4153 3273 4189 ι
3309 4135 3429 4203 Quo

1855 4222 2018 4287 Iacto,
2043 4224 2240 4296 inquit,
2269 4233 2465 4280 etcum
2491 4224 2764 4294 paululum
2790 4225 3096 4280 cucurrerit
3118 4226 3208 4294 qui
3232 4228 3298 4280 ad
3327 4227 3432 4283 ista

1855 4317 2153 4372 nuntianda
2190 4317 2517 4372 constitutus
2547 4325 2631 4372 est
2660 4337 2672 4372 :
2709 4333 2728 4368 ι
2763 4317 2956 4372 Statim
2993 4317 3172 4373 veniet
3205 4319 3273 4373 ad
3303 4328 3434 4373 tem-

1855 4407 2000 4478 plum
2035 4423 2192 4463 suum
2234 4407 2516 4474 Dominus,
2549 4423 2708 4478 quem
2740 4423 2835 4463 vos
2861 4409 3127 4478 quaeritis,
3173 4421 3229 4464 et
3255 4411 3434 4478 Ange-

1854 4498 1937 4555 lus
1973 4502 2306 4566 testamenti,
2342 4515 2502 4572 quem
2547 4515 2644 4556 vos
2673 4501 2856 4555 vultis.
2890 4518 2909 4551 ι
2941 4499 3243 4557 Confirmat
3288 4503 3431 4558 idem

1859 4600 1914 4649 et
1945 4594 2135 4649 beatus
2160 4589 2420 4658 Joannes,
2454 4592 2521 4648 ad
2554 4591 2878 4661 baptismum
2920 4593 3254 4662 paenitentiae
3289 4593 3435 4649 acci-

1856 4685 2111 4757 piendum
2142 4681 2475 4740 conﬂuentes
2503 4683 2582 4739 sic
2615 4683 2948 4754 compellans
2974 4701 2989 4739 :
3023 4703 3041 4737 ι
3075 4684 3186 4756 Ego
3213 4685 3430 4757 baptizo

1853 4791 1949 4831 vos
1981 4776 2033 4832 in
2073 4790 2236 4846 aqua,
2291 4786 2410 4846 post
2441 4790 2527 4829 me
2561 4784 2740 4831 autem
2775 4776 2955 4832 veniet
2990 4778 3094 4841 vir,
3127 4776 3280 4845 cujus
3322 4793 3428 4833 non

1851 4880 1972 4925 sum
2007 4865 2203 4934 dignus
2243 4875 2302 4920 ut
2345 4865 2707 4935 procumbens
2749 4865 2956 4920 solvam
2999 4865 3286 4936 corrigiam
3314 4867 3433 4937 ejus

1855 4957 2209 5015 ealceamenti
2243 4975 2255 5010 :
2285 4957 2375 5013 ille
2404 4952 2500 5012 vos
2549 4957 2844 5028 baptizabit
2891 4956 2947 5012 in
2994 4955 3200 5025 Spiritu
3241 4967 3430 5013 sancto

1851 5061 1907 5107 et
1933 5050 2042 5122 igni
2064 5048 2129 5104 “.
2163 5067 2182 5102 ι
2208 5047 2482 5120 Perspicis
2511 5048 2674 5120 igitur
2726 5048 3000 5120 quomodo
3025 5057 3144 5118 post
3173 5048 3354 5103 statim
3377 5056 3430 5102 et

1853 5151 2063 5198 tantum
2109 5156 2215 5198 non
2247 5155 2280 5196 e
2309 5140 2539 5210 vestigio
2574 5140 2828 5196 Christus
2865 5141 3230 5211 praenuntium
3271 5152 3429 5195 secu-

1851 5242 1938 5289 tus
1971 5234 2065 5298 sit,
2098 5247 2172 5289 se
2194 5234 2371 5304 ipsum
2419 5233 2680 5287 hactenus
2714 5232 2969 5287 latentem
3004 5231 3204 5285 sistens
3226 5226 3427 5282 Iudaeis

1851 5325 2144 5391 universis,
2175 5324 2343 5396 850
2370 5333 2423 5380 et
2453 5325 2607 5394 quasi
2636 5322 2917 5393 repentino
2952 5333 3017 5374 ac
3042 5319 3108 5373 de
3137 5314 3428 5386 improviso

1855 5432 2145 5487 apparens.
2200 5416 2462 5487 Angelum
2517 5425 2695 5471 autem
2753 5412 3088 5468 nominatum
3142 5421 3430 5462 sacrosan-

1851 5517 2000 5563 ctum
2033 5505 2332 5576 Baptistam
2359 5507 2610 5573 dicimus,
2645 5521 2749 5559 non
2785 5512 3006 5573 propter
3026 5509 3273 5555 naturam
3304 5497 3426 5569 qui-

1852 5601 1997 5667 dem,
2060 5616 2126 5655 ex
2167 5599 2392 5654 muliere
2419 5599 2562 5652 enim
2598 5608 2755 5652 natus
2790 5597 2953 5650 homo
2978 5592 3205 5665 proinde
3235 5599 3292 5645 ut
3323 5601 3423 5644 nos

1853 5693 1987 5757 fuit,
2027 5692 2122 5748 sed
2157 5693 2413 5763 quoniam
2444 5691 2522 5746 illi
2556 5689 2683 5745 talia
2723 5690 2876 5744 nobis
2901 5682 3230 5759 praedicandi
3287 5694 3428 5735 nun.-

2916 5868 2960 5900 “
2998 5865 3182 5922 Matth.
3221 5878 3306 5931 ιιι,
3339 5863 3428 5919 Η.

2999 5958 3057 6020 ll
