4070 6524
718 444 817 501 351
1714 430 1771 487 S.
1812 428 2089 488 CYRILLI
2127 423 2597 481 ALEXANDRINI
2639 421 2956 477 ARCHlEPs
3814 435 3895 493 πει

704 533 1000 626 ἰὶοἰιιίἰιιιιε
1049 563 1245 607 munus
1291 557 1377 605 est
1430 546 1766 617 impositum.
1816 544 1902 601 Ab
1935 542 2110 599 olIicio
2143 542 2305 612 igitur

2285 556 2305 595 r
2333 546 2380 605 Α
2419 556 2480 608 γε
2519 539 2625 611 μὴν
2654 537 2971 610 ὡνομᾶσθαι
3014 552 3195 606 φαμεν
3231 535 3322 589 τον
3352 533 3623 591 θεσπέσιον
3652 539 3892 621 Βαττιστὴν

720 625 1044 706 vocabulum
1072 643 1298 709 inditur,
1336 655 1436 697 nec
1467 648 1717 695 naturam
1759 633 2301 708 angelorumsignili-

2287 662 2301 674 .
2402 630 2466 683 ού
2499 629 2588 683 διά
2615 646 2679 698 γε
2712 627 2813 699 τὴν
2835 627 2996 698 φύσιν
3036 625 3348 698 (γεγένηται
3378 626 3485 698 γὰρ
3510 626 3571 681 ἐκ
3596 634 3811 699 γυναικὸς
3832 642 3894 693 καί

725 752 833 801 cat.
866 742 1163 797 Venturum
1200 751 1364 808 porro
1398 736 1463 790 ad
1506 732 1764 804 templum
1808 746 1965 786 suum
2007 728 2160 792 dicit,
2206 735 2299 782 aut

2287 735 2299 780 ι
2400 717 2469 793 ἦν
2501 720 2788 793 ἄνθρωπος
2821 720 2942 775 καθ’
2973 719 3173 791 ἡμᾶς),
3208 718 3323 771 ἀλλ’
3348 718 3430 772 ὅτι
3458 719 3555 790 τὴν
3576 719 3664 774 τοῦ
3686 723 3746 778 τὰ
3770 728 3894 784 retiis

724 834 849 907 quia
899 833 1135 888 Verbum
1182 843 1312 885 caro
1358 828 1560 881 factum
1610 833 1695 879 est
1718 822 1786 890 δ’,
1836 829 1889 875 et
1942 829 2198 888 tanquam
2247 817 2300 871 in

2289 832 2300 870 ι
2402 812 2782 884 διακηρύττειν
2830 812 2925 866 καὶ
2980 809 3347 880 ἀπαγγέλλειν
3396 812 3525 880 ἡμῖν
3579 812 3896 888 ἐγκεχείρισται

717 901 924 998 templo
954 925 1097 996 quod
1141 936 1173 978 e
1214 919 1521 977 castissimo
1570 923 1772 971 sanctae
1798 911 2036 979 Virginis
2076 924 2303 981 corpore

2286 926 2303 963 ε
2403 903 2767 975 λειτουργίαν.
2819 901 3030 959 Οὐκοῦν
3067 902 3176 956 ἀπὸ
3215 902 3311 956 τοῦ
3354 907 3662 974 πράγματος
3688 908 3717 976 ή
3742 908 3893 979 κλῆσις,

729 992 1062 1088 susceperat,
1100 1012 1399 1069 habitavit:
1436 1017 1522 1064 aut
1565 1007 1617 1062 in
1649 1004 1871 1061 homine
1903 1002 2169 1071 perfecto,
2209 1002 2301 1070 qui

2289 1002 2301 1054 i
2404 996 2498 1047 καὶ
2529 994 2631 1047 οὐκ
2656 994 2844 1058 οὐσίας
2876 992 3123 1064 ἀγγέλων
3151 993 3305 1049 ἔσται
3339 998 3653 1067 σημαντική.
3687 998 3835 1065 Ἥξειν
3855 1020 3895 1071 γε

728 1126 791 1164 ex
822 1085 1070 1178 corpore,
1098 1104 1341 1172 inquam,
1368 1109 1423 1154 et
1462 1096 1643 1152 anima
1691 1092 2006 1148 immediate
2039 1100 2094 1145 et
2122 1089 2302 1142 divina

2291 1103 2302 1140 I
2407 1087 2516 1156 μὴν
2549 1088 2629 1149 εἰς
2662 1085 2753 1140 τὸν
2800 1087 2927 1140 ναὸν
2956 1086 3124 1141 αὑτοῦ
3157 1103 3313 1158 φησι,
3362 1088 3395 1158 ἦ
3440 1088 3519 1141 ὅτι
3547 1089 3719 1157 γέγονε
3750 1093 3850 1164 σὰρξ
3879 1100 3898 1150 il

718 1198 1064 1272 providentia
1118 1198 1532 1263 coagmentatus
1582 1200 1706 1242 esse
1756 1184 2001 1239 creditus
2050 1190 2162 1246 est;
2213 1187 2307 1234 aut

2291 1187 2307 1232 ι
2406 1179 2741 1272 ᾼόγοςᾍκαὶ
2779 1178 3067 1250 κατῴκησε
3115 1179 3367 1251 καθάπερ
3411 1180 3469 1232 ἐν
3506 1180 3613 1252 ναῷ
3654 1181 3721 1253 τῷ
3758 1185 3807 1237 ἐκ
3835 1188 3898 1258 τῆς

730 1268 986 1363 templum
1029 1285 1361 1356 simpliciter
1420 1281 1665 1335 nominat
1720 1273 2055 1339 Jerusalem,
2121 1279 2306 1340 utpote

2291 1286 2306 1324 ξ
2409 1269 2569 1363 ἁγίας
2603 1269 2881 1340 Παρθένου
2913 1269 3172 1340 πανάγνῳ
3219 1268 3467 1340 σώματι·
3512 1271 3666 1341 ήγουν
3701 1273 3898 1345 ἀνθρώπμ

727 1360 968 1439 sanctam
996 1388 1048 1433 et
1077 1377 1177 1433 sibi
1200 1375 1503 1429 dedicatam
1537 1369 1814 1423 civitatem
1839 1383 1854 1432 ;
1886 1373 1981 1418 aut
2006 1360 2303 1418 Ecclesiam

2291 1377 2303 1414 I
2408 1361 2621 1433 τελείῳ,
2647 1361 2725 1433 τῷ
2747 1363 2812 1416 ἐκ
2838 1362 3038 1435 ψυχῆς,
3073 1363 3237 1431 λέγω,
3262 1363 3356 1417 καὶ
3395 1362 3639 1435 σώματος
3668 1364 3842 1434 ἀμέσως
3861 1387 3898 1422 τε

726 1475 874 1530 velut
909 1474 959 1525 in
990 1480 1115 1540 typo
1146 1482 1265 1521 suo.
1301 1465 1567 1519 Caeterum
1612 1460 1903 1513 adventum
1940 1471 2036 1511 seu
2070 1469 2308 1526 praesen-

2292 1481 2308 1496 -
2399 1451 2505 1505 ,καὶ
2564 1453 2924 1523 οἰκονομικῶς
2971 1452 3217 1525 ἡνῶσθαι
3265 1454 3699 1525 πεπιστευμένῳο
3743 1458 3771 1526 ἢ
3819 1462 3899 1513 valui

728 1568 857 1621 tiam
896 1576 1046 1617 suam
1079 1555 1449 1628 compluribus
1479 1551 1743 1607 mirandis
1780 1549 2037 1619 operibus
2066 1546 2308 1618 promul-

2292 1576 2308 1585 -
2407 1543 2597 1608 ’ἁπλῶς
2632 1544 2886 1615 ὀνομάζει
2907 1545 3006 1616 τὴν
3024 1543 3134 1601 οἷον
3158 1545 3311 1618 ἰερὰν
3332 1546 3426 1600 καὶ
3458 1547 3785 1619 ἀνακειμένην
3803 1552 3899 1623 αὐτῷ

726 1656 892 1723 gavit,
926 1671 943 1702 ι
985 1649 1301 1704 Prmdicans
1337 1641 1691 1712 Evangelium
1729 1640 1900 1710 regni,
1936 1652 2139 1693 sanans
2189 1651 2308 1692 om-

2292 1664 2308 1677 -
2412 1634 2585 1699 πόλιν,
2621 1634 2777 1705 δῆλον
2815 1635 2875 1689 δέ
2920 1637 3002 1690 ὅτι
3041 1636 3141 1708 τὴν
3182 1636 3581 1709 Ἰερουσαλήμ·
3614 1639 3755 1708 ήγουν
3788 1640 3899 1703 ὡςὲν

720 1764 824 1803 nes
868 1746 1087 1800 morbos
1128 1750 1181 1797 et
1225 1752 1441 1795 omnem
1488 1735 1801 1804 languorem
1846 1732 1897 1785 in
1935 1729 2157 1800 populo,
2190 1746 2210 1782 ι
2252 1737 2309 1784 ut

2293 1737 2309 1783 I
2409 1727 2566 1799 τύπῳ
2597 1727 2675 1798 τῷ
2704 1728 2840 1800 πρὸς
2870 1727 3085 1799 ἐκείνην
3115 1727 3214 1799 τὴν
3257 1728 3598 1799 Ἐκκλησίαν.
3638 1729 3900 1786 Ἑποιεῑτοδὲ

733 1843 993 1907 scriptum
1047 1847 1127 1894 est
1148 1838 1216 1890 ".
1274 1832 1465 1889 Veniet
1512 1831 1679 1901 igitur
1745 1825 2038 1889 Dominus,
2098 1821 2307 1891 inquit,

2293 1860 2307 1888 ,
2413 1820 2511 1887 τῆς
2560 1819 2753 1873 ἐαυτοῦ
2800 1819 3103 1892 παρουσίας
3142 1820 3242 1890 τὴν
3290 1821 3590 1892 ἀνάρρησιν
3634 1822 3900 1894 πολυτρόπως

728 1952 889 2007 quem
946 1947 1039 1986 vos
1081 1927 1354 1999 quaeritis,
1410 1939 1475 1978 cx
1524 1919 1971 1992 pusillanimilate
2025 1917 2306 1971 dicentes:

2295 1929 2306 1967 :
2342 1915 2382 1973 Β
2411 1911 2814 1983 τερατουργῶν,
2848 1931 2866 1963 ‹
2907 1911 3214 1983 Κηρύσσων
3245 1912 3306 1965 τὸ
3335 1911 3659 1981 Εύαγγέλιον
3683 1913 3766 1985 τῆς
3801 1914 3902 1984 βασι-

736 2004 764 2079 «τ
793 2028 890 2084 llbi
920 2034 1001 2081 est
1031 2025 1172 2078 Deus
1200 2016 1464 2088 iustitiae?
1498 2033 1516 2067 ›
1557 2012 1753 2067 Veniet
1787 2020 1963 2064 autem
2005 2022 2068 2062 ac
2097 2004 2311 2060 docebit

2295 2011 2311 2058 ι
2412 2004 2581 2071 λείας,
2624 2004 2715 2058 καὶ
2747 2004 3064 2075 θεραπεύων
3108 2006 3290 2059 πᾶσαν
3344 2004 3502 2060 νόσον
3542 2004 3632 2058 καὶ
3672 2006 3817 2059 πᾶσαν
3838 2023 3902 2076 μα-

727 2132 850 2186 quze
878 2129 1039 2184 supra
1074 2112 1246 2179 legem
1288 2117 1342 2163 et
1377 2119 1538 2174 supra
1579 2102 1819 2157 umbras
1856 2115 1930 2154 ac
1965 2107 2128 2169 typus
2163 2104 2309 2152 sunt.

2295 2131 2309 2149 .
2411 2097 2604 2150 λακίαν
2635 2099 2692 2150 ἐν
2725 2097 2802 2168 τῷ
2832 2096 2966 2168 λαῷ,
3005 2115 3024 2149 ι
3061 2098 3202 2153 καθὰ
3243 2099 3576 2168 γέγραπται.
3611 2096 3752 2164 Ἥξει
3782 2098 3902 2153 τοίνυν

718 2211 850 2265 νηίἰτῐι
900 2208 1101 2277 quippe
1141 2200 1378 2271 Angelus
1422 2194 1772 2258 testamenti,
1820 2192 1961 2261 quod
2011 2191 2139 2246 olim
2181 2203 2313 2245 voce

2294 2203 2313 2245 Β
2412 2190 2441 2242 6
2476 2188 2701 2260 Κύριος,
2748 2191 2902 2261 φησί,
2946 2189 3005 2242 δν
3041 2189 3198 2259 ὑμεῖς
3233 2190 3467 2259 ζητεῖτε,
3509 2188 3737 2257 λέγοντες
3764 2189 3815 2243 ἐκ
3846 2208 3901 2260 μι-

725 2303 825 2356 Dei
862 2309 915 2353 et
940 2295 1131 2351 Patris
1156 2290 1573 2361 praenuntiatum
1612 2295 1716 2339 est.
1748 2284 1991 2349 Quodam
2017 2281 2161 2335 enim
2194 2280 2313 2335 loco

2291 2295 2313 2333 υ
2414 2279 2716 2351 κροψυχίας
2737 2298 2750 2311 ·
2791 2298 2810 2333 ‹
2854 2279 2964 2333 Ποῦ
3012 2280 3159 2334 ἔστιν
3186 2282 3215 2334 6
3244 2280 3381 2345 Θεὸς
3418 2281 3518 2352 τῆς
3550 2279 3898 2351 δικαιοσύνης;ι

730 2403 1012 2448 sacrorum
1062 2387 1340 2439 doctorem
1389 2380 1567 2433 Mosen
1612 2377 1694 2431 sic
1745 2374 2085 2443 alloquitur:
2130 2390 2148 2423 ι
2180 2370 2313 2425 Pro-

2293 2399 2313 2411 -
2416 2372 2572 2439 Ἥξει
2606 2372 2663 2425 δὲ
2699 2371 2967 2425 διδάσκων
3012 2372 3081 2426 τὰ
3129 2373 3268 2443 ὑπὲρ
3303 2373 3469 2443 νόμον
3512 2370 3698 2426 καὶτὰ
3721 2370 3900 2424 ἐπέκεινα

735 2488 952 2557 phetam
990 2478 1096 2536 illis
1123 2474 1397 2532 suscitabo
1420 2472 1485 2525 de
1512 2469 1771 2524 fratribus
1805 2468 2039 2537 ipsorum
2068 2465 2209 2518 sicut
2237 2472 2309 2528 te,

2296 2504 2309 2528 ,
2417 2466 2575 2528 σκιᾶς
2608 2464 2702 2518 καί
2734 2463 2941 2518 τύπων.
2972 2464 3168 2518 Ἔσται
3191 2463 3300 2535 γὰρ
3327 2463 3591 2535 διαθήκης
3618 2462 3823 2532 ἄγγελος,
3842 2461 3903 2531 τῆς

734 2553 783 2631 et
814 2586 1009 2647 ponam
1045 2568 1209 2623 verba
1258 2579 1376 2620 mea
1424 2562 1476 2616 in
1535 2575 1630 2615 ore
1668 2559 1809 2630 ejus,
1851 2568 1905 2609 et
1949 2556 2201 2623 loquetur
2233 2554 2315 2609 eis

2295 2569 2315 2609 5
2416 2558 2583 2612 πάλαι
2615 2555 3069 2628 προηγγελμένης
3108 2556 3196 2610 διὰ
3239 2556 3426 2626 φωνῆς
3461 2555 3551 2609 τοῦ
3582 2553 3704 2608 Θεοῦ
3734 2554 3808 2608 καὶ
3831 2554 3902 2607 lia-

733 2646 1027 2722 secundum
1073 2657 1256 2715 omnia
1288 2669 1410 2726 quae
1452 2665 1764 2723 praecepero
1810 2650 1859 2703 ei
1885 2648 1951 2702 ⁵⁸.
1984 2666 2003 2701 ι
2045 2647 2177 2703 Esse
2216 2661 2316 2700 au-

2295 2675 2316 2687 -
2415 2650 2543 2719 τρός
2607 2649 2754 2719 Ἔφη
2798 2648 2908 2719 γάρ
2940 2665 3043 2701 που
3078 2648 3215 2720 πρὸς
3252 2648 3346 2701 τὸν
3396 2646 3706 2717 ἱεροφάντην
3742 2646 3902 2700 Μωσέσ·

739 2768 847 2813 tem
886 2753 1166 2810 Christum
1198 2745 1338 2803 Novi
1376 2742 1709 2799 Testamenti
1756 2738 2049 2810 Angelum,
2084 2746 2315 2793 testatur

2299 2752 2315 2790 ι·
2423 2760 2441 2794 ι
2478 2742 2774 2813 Προφήτην
2800 2742 2983 2804 αὐτοῖς
3009 2741 3301 2811 ἀναστήσω
3326 2740 3399 2792 ἐκ
3420 2740 3527 2792 τῶν
3552 2736 3906 2809 ἀδελφῶνναὺτῶν

734 2860 790 2906 et
826 2846 996 2903 Isaias
1029 2843 1177 2897 hunc
1220 2841 1275 2894 in
1326 2836 1542 2892 modum
1575 2834 1641 2888 de
1683 2833 1773 2887 illo
1817 2831 2040 2901 loquens
2074 2847 2087 2883 :
2121 2847 2141 2881 ι
2178 2828 2317 2895 Quia

2299 2842 2317 2882 ι
2417 2838 2605 2910 ὥσπερ
2654 2838 2735 2903 se;
2766 2836 2859 2889 καὶ
2890 2835 3040 2907 θήσω
3068 2836 3193 2899 τοὺς
3230 2834 3424 2902 λόγους
3476 2851 3576 2905 μου
3617 2835 3687 2897 εἰς
3714 2832 3766 2886 τὸ
3791 2833 3906 2901 στόμα

720 2953 950 2995 munem
989 2934 1183 2991 stolam
1219 2936 1602 2999 congregatam
1637 2924 1783 2989 dolo,
1836 2932 1891 2977 et
1930 2920 2317 2977 vestimentum
2418 2929 2604 2997 αὐτοῦ,
2630 2928 2727 2983 καὶ
2756 2928 2982 2999 λαλήσει
3010 2928 3195 2991 αὐτοῖς
3233 2927 3375 2981 κατὰ
3417 2927 3593 2980 πάντα
3621 2926 3712 2979 ὅσα
3738 2922 3908 2977 ivssa".

720 3045 859 3086 cum
903 3020 1336 3082 commutatione
1369 3015 1679 3078 restituent,
1709 3021 1764 3069 et
1790 3013 1995 3077 volent,
2035 3011 2079 3066 si
2117 3011 2320 3067 iuerint

2300 3018 2320 3064 ι
2422 3040 2522 3094 μαι
2563 3021 2733 3093 αὐτῷ.
2774 3040 2792 3073 ι
2829 3020 2953 3073 Ὅτι
2980 3019 3035 3073 δὲ
3069 3019 3280 3089 Καινῆς
3310 3019 3584 3091 Διαθήκης
3618 3017 3808 3087 ἄγγελος
3830 3012 3907 3088 ἦνὸ

737 3122 861 3191 igne
892 3113 1196 3177 combusti,
1227 3110 1354 3181 quia
1392 3122 1526 3178 puer
1565 3116 1722 3159 natus
1750 3112 1835 3159 est
1866 3103 2043 3166 nobis,
2088 3110 2144 3156 et
2176 3101 2319 3156 [ilius

2301 3115 2319 3156 5
2419 3113 2675 3186 Χριστὸς,
2726 3115 2983 3184 σαφηνιεϊ
3027 3111 3202 3180 λέγων
3238 3112 3334 3166 καί
3382 3114 3411 3165 6
3462 3112 3710 3183 μακάριος
3755 3111 3908 3171 Ἠσαίας

738 3214 896 3263 datus
925 3215 1010 3262 est
1042 3202 1223 3267 nobis,
1271 3199 1425 3270 cujus
1458 3195 1742 3266 imperium
1794 3192 1996 3247 factum
2040 3200 2124 3246 est
2154 3205 2318 3260 super

2301 3206 2318 3244 Γ
2421 3207 2550 3276 περὶ
2596 3204 2798 3259 αὑτοῦ·
2859 3222 2878 3256 ι
2936 3204 3060 3257 Ὅτι
3112 3204 3291 3257 πᾶσαν
3340 3203 3536 3275 στολὴν
3569 3194 3908 3272 ἐπισυνηγμένη

738 3307 1024 3357 Immerqu
1081 3294 1224 3364 ejus,
1284 3302 1339 3347 et
1388 3298 1613 3346 vocatur
1664 3301 1857 3342 nomen
1916 3284 2033 3353 ejus
2078 3284 2317 3353 Angelus

2303 3298 2317 3336 ⁵
2345 3296 2386 3353 C
2420 3296 2575 3367 δόλῳ,
2608 3296 2706 3349 καὶ
2741 3296 2955 3367 ἱμάτιον
2990 3296 3137 3367 μετὰΔ
3166 3295 3522 3367 καταλλαγῆς
3548 3294 3833 3359 ἀποτίσουσι,
3854 3292 3910 3345 καὶ

738 3391 919 3461 magni
962 3383 1303 3449 consilii“,
1338 3401 1359 3435 ι
1428 3380 1547 3435 sine
1611 3378 1776 3432 dubio
1838 3375 1938 3430 Dei
2003 3383 2060 3430 et
2115 3373 2314 3428 Patris.

2302 3410 2314 3426 -
2423 3364 2777 3459 θελήσουσιν.⁷
2804 3388 2852 3440 εἰ
2891 3364 3227 3459 ἐγενήθησαν
3274 3364 3655 3461 πυρίκαυστοι.
3700 3386 3798 3440 Ὀτι
3832 3402 3909 3437 παι-

736 3485 970 3541 Proinde
1012 3482 1177 3537 etiam
1227 3475 1491 3531 dicebat:
1526 3489 1545 3524 ι
1579 3472 1621 3524 Α
1693 3468 1903 3538 meipso
1954 3481 2059 3521 non
2103 3465 2314 3535 loquor,

2302 3506 2314 3528 ο
2421 3478 2534 3533 δίον
2564 3479 2826 3550 ἐγεννήθη
2868 3480 3024 3549 ἡμῖν,
3075 3478 3189 3542 υίὸς
3237 3480 3333 3534 καὶ
3378 3479 3535 3551 ἐδόθη
3568 3481 3705 3551 ἡμῖν,
3737 3470 3786 3530 οῦ
3820 3475 3909 3545 ἁρχὴ

737 3580 830 3632 sed
880 3578 971 3645 qui
1019 3572 1167 3628 misit
1212 3584 1297 3624 tne
1339 3565 1520 3632 Pater,
1556 3564 1669 3633 ipse
1719 3562 1845 3615 mihi
1898 3560 2155 3629 praecepit
2189 3555 2317 3627 quid

2303 3555 2317 3608 ί
2424 3570 2661 3642 ἐγενήθη
2685 3571 2777 3624 ἐπὶ
2806 3569 2901 3625 τοῦ
2936 3570 3087 3641 ὤμου
3120 3571 3311 3634 αὐτοῦ,
3342 3573 3439 3626 καὶ
3473 3571 3701 3626 καλεῖται
3722 3569 3772 3622 τὸ
3802 3569 3910 3635 ἰνομα

738 3670 917 3723 dicam
944 3676 1002 3721 et
1039 3663 1170 3733 quid
1202 3660 1393 3730 loquar
1415 3656 1485 3711 “.
1516 3676 1535 3709 ι
1572 3655 1686 3711 Non
1718 3654 1860 3709 enim
1890 3661 2007 3707 erat
2050 3650 2319 3704 humanus

2303 3663 2319 3703 5
2426 3660 2592 3716 αὐτοῦ
2626 3661 2868 3733 μεγάλης
2899 3661 3095 3733 βουλῆς
3124 3661 3412 3732 ΙἌγγελος,
3457 3682 3475 3715 ι
3509 3663 3659 3735 δῆλον
3683 3662 3731 3716 δέ
3763 3662 3825 3714 ὅτι
3852 3657 3910 3725 τῆς

737 3770 918 3815 sermo
947 3750 1273 3816 Salvatoris,
1307 3747 1401 3805 sed
1432 3756 1686 3817 tanquam
1728 3760 1757 3799 a
1790 3744 1899 3797 Deo
1936 3751 1991 3796 et
2018 3739 2190 3795 Patre
2214 3754 2322 3810 per

2303 3754 2322 3793 ι’
2406 3753 2519 3807 -τοῦ
2545 3752 2680 3807 Θεοῦ
2702 3754 2797 3807 καὶ
2826 3753 3059 3825 Πατρός.
3086 3753 3377 3825 Τοιγάρτοι
3402 3757 3499 3809 καὶ
3522 3754 3764 3825 ἔφασκεν·
3792 3770 3807 3803 ι
3839 3748 3910 3801 Ἀπ’

632 3854 637 3857 ’
736 3847 937 3902 Filium
980 3839 1282 3898 naturalem
1324 3838 1389 3893 ad
1421 3852 1519 3892 nos
1559 3836 1741 3905 fiebat.
1784 3833 2019 3890 Verbum
2057 3833 2202 3887 enim
2238 3862 2239 3867 η

2306 3838 2321 3884 ι
2427 3841 2664 3913 ἐμαυτοῦ
2702 3842 2762 3896 ού
2796 3842 2964 3907 λαλῶ,
3001 3843 3119 3897 ἀλλ’
3150 3845 3184 3898 6
3220 3844 3443 3915 πέμψας
3494 3862 3560 3917 με
3604 3843 3786 3915 Πατὴρ,
3811 3837 3913 3898 αὑτάς

736 3938 859 4007 ejus
879 3937 973 4004 qui
1005 3933 1196 4005 genuit
1222 3931 1434 4002 ipsum;
1465 3938 1522 3985 et
1546 3929 1704 3984 Iidem
1729 3928 1891 3982 faciet
1918 3940 2016 3996 per
2038 3923 2316 3989 Davidem,

2303 3963 2316 3989 ι
2430 3953 2518 4007 μοι
2547 3936 2771 4008 ἐντολὴν
2808 3936 3009 3991 δέδωκε
3060 3937 3115 3991 τί
3147 3939 3285 3992 εἴπω
3342 3940 3441 3993 καὶ
3484 3939 3536 3993 τί
3565 3939 3771 4008 λαλήσω.
3813 3953 3827 3986 ι
3868 3931 3910 3983 (ll

741 4050 760 4082 ι
789 4029 1074 4086 Eructavit
1098 4041 1194 4081 cor
1220 4038 1397 4079 meum
1421 4022 1669 4088 verbum,
1691 4017 1979 4075 bonum“.
2011 4036 2031 4070 ›

2424 4028 2534 4100 γὰρ
2569 4024 2638 4100 ἦν
2672 4028 3011 4101 ἀνθρώπινος
3055 4029 3149 4084 τοῦ
3185 4031 3443 4102 Σωτῆρος
3496 4034 3525 4086 6
3556 4031 3727 4101 λόγος’
3767 4024 3913 4085 ἀλλ’ὡς

733 4124 802 4177 ἐκ
830 4120 964 4175 Θεοῦ
1006 4120 1100 4173 καὶ
1132 4115 1343 4188 Πατρὶς
1375 4115 1442 4167 δι’
1480 4111 1612 4167 Υἰοῦ
1643 4113 1738 4167 τοῦ
1766 4112 1908 4167 κατὰ
1938 4112 2099 4184 φύσιν
2128 4115 2317 4186 γέγονε
2355 4122 2492 4191 πρὸς
2545 4124 2713 4195 ἡμᾶς.
2748 4122 2918 4191 Λόγος
2948 4122 3057 4194 γάρ
3091 4125 3207 4176 ἐστι
3268 4123 3365 4178 τοῦ
3403 4122 3768 4195 γεγεννηκότος
3793 4118 3913 4179 αὐτὸν,

735 4216 834 4271 καὶ
857 4214 1186 4269 πιστώσεται
1215 4210 1390 4279 λέγων
1415 4207 1501 4262 διὰ
1530 4206 1713 4278 φωνῆς
1736 4206 1830 4259 τοῦ
1859 4207 2024 4261 Δαϐίδ
2044 4225 2057 4239 ·
2095 4226 2115 4260 ι
2163 4206 2521 4281 Ἐξηρεύξατο
2549 4218 2582 4285 ή
2610 4216 2807 4286 καρδία
2841 4232 2944 4286 μου
2976 4214 3134 4283 λόγον
3166 4214 3391 4284 ἀγαθόν.
3441 4233 3461 4266 ο

812 4307 975 4365 Vsus.
1014 4306 1072 4360 2.
1125 4303 1256 4358 Ecce
1293 4304 1451 4370 venit,
1501 4303 1630 4355 dicit
1664 4302 1925 4357 Dominus
1970 4306 2317 4375 omnipotens,

2303 4347 2317 4371 τ
2509 4311 2655 4367 Ἰδοὺ
2686 4312 2944 4381 ἔρχεται,
2966 4310 3142 4379 ’.λέγει
3183 4311 3403 4379 Κύριος
3429 4310 3825 4378 παντοκράτωρ,
3853 4304 3910 4355 καὶ

734 4413 783 4459 et
813 4402 931 4473 quis
964 4399 1239 4453 sustinebit
1266 4397 1404 4451 diem
1432 4396 1682 4451 introitus
1710 4395 1865 4466 ejus?
1904 4397 2006 4452 Aut
2041 4398 2160 4467 quis
2194 4398 2320 4455 sub-

2307 4428 2320 4440 -
2425 4402 2517 4466 τίς
2578 4400 2872 4471 ὑπομενεῖ
2926 4401 3159 4471 ἡμέραν
3216 4403 3463 4457 εἰσόδου
3522 4400 3726 4465 αὐτοῦς
3771 4399 3829 4451 Ἦ
3862 4394 3914 4457 τίς

735 4498 881 4550 sistet
915 4495 968 4547 in
1008 4493 1205 4547 uisione
1232 4490 1341 4561 ejus
1360 4491 1385 4543 Σ)

2418 4488 2839 4561 ¹ὐατοοτήσεται
2867 4492 2938 4547 ἐν
2976 4492 3051 4562 τῇ
3095 4494 3356 4561 ὀπτασίᾳ
3384 4492 3608 4557 αὐτοῦ;

806 4584 969 4656 351
1019 4580 1256 4638 XXXIII.
1304 4580 1441 4635 Huic
1490 4578 1666 4635 simile
1714 4590 1770 4636 et
1812 4581 2102 4638 admodum
2152 4581 2314 4637 aliine
2351 4582 2393 4637 D

2308 4604 2314 4636 ι
2351 4582 2393 4637 D
2493 4586 2615 4639 Al".
2658 4585 2885 4655 Ὅμοιον
2916 4584 3094 4653 τούτῳ
3138 4586 3231 4639 καὶ
3264 4584 3415 4653 μάλα
3454 4580 3772 4657 προσεοικὸς,
3804 4570 3915 4627 τδδιᾶ

730 4690 824 4734 est
847 4678 987 4748 quod
1022 4676 1217 4746 legitur
1250 4674 1389 4743 apud
1426 4673 1619 4727 Isaiam
1649 4692 1665 4727 :
1700 4691 1718 4723 ι
1749 4672 2164 4740 Confortamini,
2201 4691 2318 4728 ma-

2311 4705 2318 4715 ·
2424 4676 2609 4747 φωνῆς
2666 4676 2927 4740 Ἦσαῖαςο
2962 4694 2987 4727 ί
3040 4674 3339 4747 ’ἰσχύσατε,
3372 4680 3552 4747 χεῖρες
3593 4670 3834 4743 ἀνειμέναι
3861 4664 3918 4716 καὶ

739 4788 842 4827 nus
876 4771 1120 4825 remissae
1158 4776 1213 4822 et
1253 4781 1424 4836 genua
1463 4764 1745 4819 dissoluta.
1781 4764 2178 4833 Consolamini,
2216 4782 2317 4835 pu—

2310 4795 2317 4805 -
2421 4767 2627 4838 γόνατα
2662 4767 3103 4838 παραλελυμένα.
3139 4768 3589 4839 Παρακαλέσατε,
3621 4767 3666 4818 οἰ
3691 4757 3917 4829 όλιγὸψυχοι

740 4865 1038 4919 sillanimes
1083 4870 1284 4927 mente,
1339 4857 1744 4924 conl‘ortarnini,
1798 4872 1866 4913 ne
1911 4859 2150 4915 timeatis
2183 4859 2251 4912 ⁸⁷.
2297 4877 2316 4909 ι

2309 4879 2316 4907 ›
2424 4862 2489 4930 τῇ
2515 4859 2745 4930 διανοίᾳ,
2773 4859 3049 4929 ἰσχύσατε,
3079 4859 3153 4931 μὴ
3178 4860 3453 4928 φοϐεῖσθε.
3479 4879 3496 4912 ι
3534 4858 3638 4912 Καὶ
3661 4851 3765 4909 αὖθ’
3785 4850 3916 4917 ἑτέρα·

740 4958 809 5011 Ει
845 4967 1057 5009 rursum
1105 4950 1231 5005 alibi
1264 4966 1279 5004 :
1319 4967 1339 5001 ι
1372 4949 1509 5003 Ecce
1532 4948 1671 5001 Deus
1699 4956 1882 5002 noster
1910 4963 2035 5003 cum
2074 4949 2320 5005 domina-

2311 4976 2320 4987 '
2414 4960 2450 5000 ν(
2501 4950 2632 5003 Ἰδοὺ
2665 4950 2693 5002 ὁ
2720 4949 2860 5013 Θεὸς
2899 4951 3056 5021 ἡμῶν
3091 4951 3231 5022 μετὰ
3260 4953 3481 5023 κυρίας.
3518 4970 3536 5002 ι
3585 4950 3668 5012 Ὠς
3692 4946 3785 5017 γὰρ
3813 4938 3918 4995 uitii!

741 5048 1002 5105 tiono‘m
1025 5043 1157 5097 Nam
1174 5053 1237 5095 ut
1256 5039 1560 5111 plane-ipsis
1578 5037 1911 5107 adfuturum,
1928 5039 2034 5093 imo
2054 5037 2162 5108 iam
2185 5055 2323 5111 pra:-

2311 5069 2323 5079 -
2426 5040 2491 5111 δὴ
2524 5034 2684 5111 ’μάλα
2729 5042 3124 5111 παρεσόμενον,
3160 5032 3361 5113 μᾶλλον
3393 5041 3449 5095 δὲ
3481 5042 3574 5094 καί
3614 5039 3709 5110 ἤδη
3749 5028 3918 5101 παρόντα

739 5148 951 5197 sentem
975 5132 1285 5195 ostendens,
1311 5129 1631 5185 clarissimis
1654 5129 1833 5185 verbis
1852 5132 2164 5200 pronuntiat
2186 5141 2321 5186 tem-

2311 5163 2321 5173 -
2402 5133 2658 5197 δεικνὺς,
2696 5132 3056 5203 ἀποφαίνεται
3087 5134 3274 5204 σαφῶς
3305 5135 3385 5188 δτι
3417 5134 3510 5188 καὶ
3538 5135 3566 5186 6
3591 5132 3686 5200 τῆς
3708 5119 3918 5192 ἐπιδημίας

739 5245 840 5299 pus
868 5231 1131 5283 adventus
1160 5222 1279 5293 ejus
1308 5220 1359 5275 in
1390 5222 1648 5274 mundum
1675 5221 1820 5275 hunc
1843 5222 1954 5276 non
1981 5222 2069 5276 diu
2095 5223 2317 5277 dilatum

2311 5243 2317 5276 ι
2404 5222 2589 5276 ἀὐτοῦ
2612 5224 2708 5293 τῆς
2733 5225 2791 5277 ἐν
2818 5224 2951 5295 τῷδε
2994 5224 3073 5297 τῷ
3100 5226 3291 5297 κόσμῳ
3315 5227 3509 5297 καιρὸς
3539 5226 3633 5279 οὐκ
3660 5224 3730 5283 εἰς
3758 5213 3918 5275 (M51?

740 5313 829 5376 iri.
861 5316 1125 5373 Virtutem
1151 5321 1329 5367 autem
1366 5311 1686 5365 oeconomiae
1713 5310 1829 5377 ejus
1848 5312 2175 5382 quibusdam
2210 5326 2316 5368 non

2311 5334 2316 5367 ι
2418 5312 2509 5369 σιν
2539 5315 2691 5370 ἔσται
2712 5318 2962 5388 μακράν.
3001 5319 3123 5370 Ὅτι
3152 5318 3209 5371 δέ
3237 5318 3335 5389 τῆς
3376 5316 3681 5387 οἰκονομίας
3706 5314 3735 5380 ἡ
3761 5307 3918 5371 δύναμίί

740 5412 856 5467 fore
894 5404 1302 5476 despicabilem,
1332 5418 1431 5458 nec
1454 5403 1752 5458 incredulis
1777 5403 2135 5472 tolerabilem,
2163 5407 2320 5463 docet

2312 5416 2320 5461 t
2422 5405 2522 5459 ούκ
2561 5407 3042 5479 εὐκαταφρόνητος
3091 5408 3245 5463 ἔσται
3297 5410 3477 5472 τισὶν,
3521 5407 3628 5461 οὐδ’
3678 5404 3737 5457 ἂν
3774 5398 3919 5467 γένοιτο

739 5504 811 5557 ita
844 5519 855 5554 :
892 5518 910 5551 ι
955 5499 1023 5552 Ει
1062 5495 1185 5565 quis
1220 5493 1516 5549 sustinebit
1552 5493 1695 5549 diem
1735 5494 1989 5551 introitus
2019 5495 2173 5566 ejus?
2214 5498 2320 5552 Ant

2311 5509 2320 5552 ι
2423 5502 2534 5564 τοῖς
2569 5499 2888 5555 ἀπειθοῦσιν
2955 5501 3149 5572 οἰστὴ,
3208 5500 3452 5555 διδάσκει
3520 5499 3684 5566 λέγων
3735 5510 3748 5525 ·
3797 5481 3918 5540 «⁸ιῖ

740 5593 865 5653 (IIIIS
966 5596 1156 5643 bststet
1192 5586 1247 5641 in
1276 5586 1484 5641 visione
1513 5582 1671 5654 eius?
1702 5604 1721 5638 ι
1752 5585 2039 5643 lntroitum
2081 5589 2318 5658 appellat

2418 5590 2507 5655 τίς
2556 5591 2823 5664 ὖπθμενεῖ
2872 5593 3085 5664 ἡμέραν
3150 5594 3358 5648 εἰσόδου
3412 5589 3670 5659 αύτοῦ;ἢ
3713 5586 3783 5646 τίς
3830 5579 3917 5630 tim-

745 5680 1020 5755 Uuigcm‘ti
1056 5681 1108 5733 in
1147 5679 1289 5734 hunc
1322 5678 1581 5734 mundum
1613 5693 1735 5733 cum
1770 5693 1935 5737 carne
1968 5679 2273 5752 ingressum
2301 5701 2313 5737 :

2310 5702 2313 5735 :
2410 5682 2687 5753 στήσεται
2730 5684 2789 5738 ἐν
2822 5686 2890 5755 τῇ
2939 5683 3178 5757 ὀπτασίᾳ
3207 5684 3411 5749 αύτοῦ;
3455 5704 3473 5736 ›
3510 5683 3616 5738 Καὶ
3656 5672 3825 5731 εἴσοδον
3855 5665 3917 5734 μὶν

843 5817 887 5848 ⁴¹
925 5813 1082 5867 .loan.
1117 5813 1272 5889 111‘.
1344 5811 1602 5889 ‘f‘Matth.
1635 5828 1707 5879 tv,
1736 5813 1828 5889 23.
1909 5815 1952 5846 ⁸³
1991 5815 2148 5873 Deut.
2182 5816 2450 5889 xvrtt,18.

2305 5834 2341 5889 ἰ
2371 5816 2457 5873 i3-
2512 5818 2558 5850 “
2592 5818 2693 5875 lsa.
2721 5834 2797 5888 ιτ,
2823 5819 2874 5885 5,
2909 5818 2958 5875 6.
3014 5820 3058 5851 "
3089 5817 3244 5877 Joan.
3269 5836 3371 5885 xit,
3402 5820 3490 5874 49.
3528 5814 3711 5872 “Psal.
3742 5817 3856 5865 xm,
3878 5794 3912 5849 ἶ·

736 5886 915 5942 Nisa.
949 5896 1113 5949 xxxv,
1142 5884 1229 5936 54.
1370 5884 1413 5914 ⁵⁷⁸
1456 5882 1556 5936 lsn.
1607 5900 1690 5949 η,
1740 5886 1821 5939 l0.
