4070 6532
207 410 304 467 533

1046 404 1596 461 COMMENTARIUS
1634 403 1703 460 ΙΝ
1737 404 2155 460 MALACIHAM
2193 400 2641 460 PROI‘HETAM.

3357 399 3462 455 335

207 520 453 596 ὀνομάζει
495 525 594 594 τὴν
643 522 701 577 ἐν
741 522 875 594 τῷδε
912 523 992 594 τῷ
1028 525 1217 596 κόσμῳ
1250 525 1388 595 μετά
1438 525 1640 598 σαρκὸς
1668 527 1780 579 εἰσ-

1899 528 2154 584 visionem
2188 533 2368 581 autem
2404 524 2552 580 velut
2584 521 3000 593 apparitionem.
3039 519 3172 576 Nam
3209 538 3331 578 cum
3371 540 3461 579 se-

207 618 358 687 δολὴν
389 609 482 669 τοῦ
511 615 850 685 Μονογενοῦς
874 633 887 647 ο
934 615 1200 670 ὀπτασίαν
1234 618 1313 680 δὲ,
1346 618 1446 688 τὴν
1469 613 1579 670 οἷον
1602 618 1782 688 ἐμφά-

207 726 364 763 νειαν.
413 709 671 778 Ἀὀρατος
704 708 809 778 γὰρ
849 707 991 762 κατὰ
1020 708 1181 777 φύσιν
1215 708 1493 777 ὑπάρχων,
1532 709 1606 771 ὡς
1627 710 1780 774 Θεὸς,

205 801 418 868 γέγονεν
440 799 708 870 ἐμφανὴς.
731 798 829 870 τὴν
856 800 993 868 πρὸς
1019 801 1163 870 ἡμᾶς
1187 800 1442 869 ὁμοίωσιν
1473 799 1780 853 ἀναλαϐών.

208 891 660 962 Προανακέκραγε
692 891 749 944 δὲ
791 891 947 943 τοῦτο
983 890 1171 960 σαφῶς
1203 891 1297 944 καὶ
1342 893 1370 944 6
1418 892 1689 962 Μελῳδὸς,
1726 894 1784 944 ὲν

207 984 468 1056 πνεύματι
517 984 726 1053 λέγων’
766 1002 784 1035 ι
839 985 896 1037 Ὀ
937 984 1068 1047 Θεὸς
1106 984 1367 1055 ἐμφανῶς
1411 984 1551 1054 ἥξει,
1589 986 1616 1037 ό
1652 983 1783 1047 Θεὸς

205 1076 374 1148 ἡμῶν,
404 1076 499 1130 καὶ
522 1076 580 1129 ού
617 1075 1471 1146 παρασιωπήσεται.›-ιΓέγονε
1506 1076 1612 1146 γὰρ
1647 1076 1784 1147 σὰρξ

207 1170 232 1219 ό
251 1166 436 1234 Λόγος,
465 1165 606 1218 καθά
636 1182 801 1235 φησιν
831 1168 859 1218 6
886 1165 1172 1228 θεσπέσιος
1208 1164 1477 1237 Ἰωάννης,
1502 1166 1596 1219 καὶ
1621 1166 1785 1236 ἐσκή-

207 1271 370 1308 νωσεν
405 1255 464 1306 ὲν
500 1255 651 1324 ἡμῖν,
704 1272 721 1305 ι
758 1255 850 1307 καὶ
883 1255 941 1306 έν
985 1254 1170 1306 δούλου
1201 1254 1388 1323 γέγονε
1423 1258 1626 1326 μορφῇ.
1673 1255 1785 1309 Καί⁵

205 1349 310 1411 τοῖς
352 1345 450 1416 μὲν
481 1345 795 1416 ἠγαπηκόσι
832 1345 934 1417 τὴν
971 1345 1297 1413 ἐπιφάνειαν
1326 1346 1489 1400 αὑτοῦ
1530 1346 1785 1418 φορτικὸς

207 1439 300 1509 μὲν
328 1437 580 1508 οὐδαμῶς
601 1453 614 1466 '
647 1437 838 1506 γέγονε
867 1437 924 1490 δὲ
967 1437 1168 1506 μᾶλλον
1191 1438 1355 1509 ἤπιός
1383 1455 1441 1492 τε
1471 1439 1565 1492 καί
1588 1440 1782 1509 πρᾶος,

208 1533 292 1585 καὶ
327 1530 471 1601 ζωῆς
521 1531 620 1601 τῆς
668 1533 747 1594 εἰς
781 1531 952 1584 αἰῶνα
987 1531 1174 1602 δοτήρ.
1221 1532 1366 1602 Ἔφη
1404 1532 1460 1584 δέ
1509 1550 1610 1585 που
1656 1533 1785 1604 περὶ

205 1623 364 1677 αὐτοῦ
401 1624 495 1676 καὶ
532 1625 559 1675 ό
589 1623 721 1685 Θεὸς
766 1625 860 1678 καὶ
893 1625 1115 1696 Πατήρ·
1155 1644 1174 1678 ι
1228 1625 1359 1678 Ἰδοὺ
1393 1627 1420 1678 ὁ
1452 1627 1586 1689 Παῖς
1622 1643 1724 1696 μου
1758 1627 1789 1680 6

206 1715 504 1784 ἀγαπητὸς,
536 1716 591 1767 ὲν
620 1709 662 1783 ᾧ
691 1715 988 1786 ηύδόκησα.
1017 1716 1129 1770 Οὐκ
1161 1716 1354 1789 ἐρίσει,
1382 1717 1499 1770 οὐδὲ
1535 1718 1784 1789 κραυγά-

208 1826 300 1872 σει,
340 1808 460 1862 οὐδὲ
495 1809 894 1880 ἀκουσθήσεται
923 1808 1028 1872 ἔξω
1060 1811 1093 1880 ἡ
1125 1810 1277 1881 φωνὴ
1301 1809 1486 1865 αὑτοῦ.
1523 1811 1787 1882 Κάλαμον

1885 619 2122 676 cundum
2166 627 2416 673 naturam
2447 617 2517 673 sit
2545 615 2970 686 inaspectabilis,
3003 624 3062 670 ιιι
3093 614 3256 682 Deus,
3290 618 3461 672 nostri

1884 712 2240 767 similitudine
2270 720 2570 779 assumpta,
2591 708 2937 780 aspectabilis
2961 710 3151 764 evasit.
3187 708 3302 764 Hoc
3333 710 3463 765 item

1886 801 2171 870 perspicue
2221 799 2521 854 Modulator
2567 807 2694 852 ante
2741 798 3120 866 proclamavit,
3166 797 3218 850 in
3271 796 3464 867 spiritu

1889 893 2112 947 dicens:
2159 910 2176 943 ι
2210 892 2352 946 Deus
2399 891 2690 946 manifeste
2730 890 2930 954 veniet,
2972 890 3112 944 Deus
3157 899 3363 954 noster,
3410 899 3466 944 et

1887 999 1994 1039 non
2029 973 2212 1040 silebit
2237 984 2338 1038 ⁸⁸.»
2374 977 2530 1049 Nam,
2559 992 2615 1036 ut
2642 983 2718 1037 ait
2756 983 2972 1037 divinus
2992 979 3252 1044 Joannes,
3283 1000 3301 1033 ι
3332 979 3466 1036 Ver-

1886 1079 2013 1134 bum
2055 1093 2184 1133 caro
2216 1076 2420 1132 factum
2457 1085 2562 1140 est,
2592 1083 2648 1130 et
2686 1074 2948 1130 habitavit
2979 1074 3032 1129 in
3071 1075 3231 1130 nobis
3251 1075 3320 1139 '°,
3354 1092 3373 1126 ›
3410 1083 3466 1128 et

1885 1171 2089 1226 factum
2115 1171 2274 1227 estin
2305 1170 2477 1225 forma
2505 1170 2644 1225 servi
2673 1169 2740 1225 “.
2766 1169 2846 1224 Ac
2869 1167 3217 1239 diligentibus
3244 1168 3464 1239 quidem

1886 1264 2384 1320 manifestationem
2438 1262 2553 1333 ejus
2598 1261 2821 1316 minime
2872 1275 3173 1328 onerosus;
3219 1261 3466 1332 quinimo

1886 1356 2126 1411 clemens
2165 1363 2220 1410 et
2263 1364 2578 1410 mansuetus
2616 1352 2734 1418 fuit,
2773 1363 2827 1408 et
2858 1354 3024 1407 vitam
3064 1362 3327 1410 aeternam
3361 1355 3468 1410 illis

1888 1448 2208 1518 impertivit.
2252 1447 2330 1505 De
2376 1463 2486 1518 quo
2530 1448 2657 1502 item
2700 1447 2840 1502 Deus
2886 1456 2940 1502 et
2995 1446 3158 1501 Pater
3209 1449 3408 1504 alicubi
3449 1466 3464 1503 :

1894 1556 1913 1588 ι
1949 1537 2088 1593 Ecce
2119 1536 2292 1593 Filius
2321 1552 2472 1593 meus
2502 1538 2755 1603 dilectus,
2790 1538 2842 1591 in
2866 1552 2975 1607 quo
2998 1537 3322 1607 complacui.
3351 1539 3469 1594 Non

1887 1631 2198 1696 contendet,
2252 1645 2427 1699 neque
2467 1631 2746 1697 clamabit,
2794 1645 2971 1699 neque
3023 1633 3274 1686 audietur
3329 1631 3466 1687 foris

1888 1737 1994 1777 vox
2020 1722 2158 1792 ejus.
2198 1721 2532 1776 Arundinem
2568 1733 2880 1791 quassatam
2921 1739 3024 1777 non
3058 1722 3383 1792 confringet,
3412 1735 3469 1779 et

1889 1816 2058 1870 linum
2098 1815 2372 1886 fumigans
2413 1831 2517 1870 non
2561 1816 2899 1886 exstinguet;
2955 1818 3048 1872 sed
3095 1819 3146 1871 in
3183 1821 3466 1875 veritatem

208 1899 668 1970 συντεθλασμένον
698 1901 758 1952 ού
783 1899 1186 1965 κατεάξει,,καὶ
1215 1901 1360 1954 λίνον
1388 1901 1692 1971 τυφόμενον
1721 1901 1781 1954 ού

1899 1908 2082 1964 educet
2122 1884 2386 1976 judicium
2430 1908 2498 1963 ⁸¹.
2535 1927 2552 1959 ι
2589 1909 2661 1962 At
2699 1884 2844 1962 enim
2885 1907 3113 1963 salutem
3155 1922 3249 1975 per
3292 1909 3468 1978 ipsum

205 1993 422 2046 σδὲσει·
463 1993 578 2045 ἀλλ’
624 1994 702 2056 εἰς
752 1992 1010 2064 ἀλήθειαν
1058 1992 1257 2056 ἐξοίσει
1305 1993 1507 2064 κρίσιν.
1562 2012 1580 2044 ι
1639 1993 1786 2065 Πλὴν

204 2089 306 2148 τοῖς
343 2083 668 2156 ἀτιμάζουσι
701 2085 797 2156 τὴν
823 2086 889 2138 δι’
919 2085 1084 2138 αὐτοῦ
1121 2086 1415 2157 σωτηρίαν,
1457 2086 1550 2138 καὶ
1576 2085 1674 2157 τὴν
1697 2085 1786 2139 διὰ

205 2178 437 2240 πίστεως
474 2176 794 2248 καθαίρεσιν
833 2178 894 2230 ού
943 2178 1325 2248 προσιεμένοις
1361 2176 1558 2249 συνέϐη
1595 2176 1785 2232 παθεῖν

203 2271 264 2323 τὰ
296 2270 480 2322 πάντα
530 2271 788 2340 αἴσχιστα
835 2269 943 2322 τῶν
989 2271 1194 2324 κακῶν.
1243 2267 1536 2322 Διολώλασι
1583 2269 1689 2340 γὰρ
1739 2271 1786 2322 οἱ

204 2362 450 2425 τάλανες.
492 2362 781 2432 Τοιγάρτοι
822 2362 918 2414 καὶ
951 2361 1156 2430 ἔφασκε
1189 2363 1310 2426 ταῖς
1353 2362 1619 2415 Ἰουδαίων
1654 2362 1785 2430 ἀγέ-

201 2453 312 2515 λαις
335 2470 351 2483 ο
394 2471 411 2504 ι
461 2451 633 2522 Ἀμὴν
663 2451 803 2520 λέγω
837 2452 1086 2522 ύμῖν,ὄτι
1124 2452 1220 2506 ἐὰν
1245 2451 1319 2523 μὴ
1345 2452 1672 2523 πιστεύσητε
1706 2452 1788 2506 ὃτι

203 2542 305 2613 ἐγώ
354 2545 493 2615 εἰμι,
545 2546 602 2597 ὲν
635 2548 754 2608 ταῖς
797 2545 1097 2615 ἁμαρτίαις
1150 2545 1303 2616 ὑμῶν
1345 2544 1726 2598 ἀποθανεῖσθε.
1764 2563 1784 2596 s

207 2637 344 2707 Ἔφη
385 2637 441 2690 δέ
474 2654 575 2690 που
612 2637 706 2690 καὶ
734 2638 761 2690 6
806 2637 1057 2708 Ἰωάννης
1079 2651 1090 2663 ⁸
1123 2655 1140 2688 ι
1197 2639 1255 2690 Ὀ
1285 2636 1556 2690 πιστεύων
1590 2637 1668 2699 εἰς
1697 2635 1789 2688 τὸν

203 2729 350 2794 Υίὸν,
386 2729 443 2782 οὑ
476 2729 740 2801 κρίνεται·
776 2729 826 2780 ό·
850 2728 907 2783 δὲ
945 2730 1021 2800 μὴ
1052 2728 1346 2794 πιστεύων,
1383 2729 1486 2800 ἤδη
1515 2729 1788 2799 κέκριται,

203 2820 278 2872 ὅτι
303 2820 387 2892 μὴ
418 2818 780 2872 πεπίστευκεν
802 2821 882 2883 εἰς
901 2821 964 2873 τὸ
984 2821 1154 2892 ὄνομα
1179 2820 1271 2874 τοῦ
1303 2819 1430 2872 1⁸ἰοῦ
1456 2818 1549 2872 τοῦ
1571 2818 1726 2872 Θεοῦ.
1765 2836 1786 2871 ι

204 2911 554 2982 Προσεφώνει
601 2912 658 2964 δὲ
689 2912 782 2964 καὶ
814 2912 998 2975 αὐτοῖς
1043 2915 1157 2976 τοῖς
1203 2911 1263 2976 ἐξ
1304 2911 1552 2983 Ἰσραήλ·
1593 2930 1610 2962 ι
1652 2910 1789 2981 Ἤδη

202 3005 254 3057 δὲ
288 3007 320 3076 ἡ
361 3003 521 3073 ἀξίνη
549 3003 684 3076 πρὸς
719 3004 818 3074 τὴν
852 3004 1008 3074 ῥίζαν
1038 3004 1146 3057 τῶν
1179 3004 1410 3077 δένδρων
1445 3006 1640 3056 κεῖται.
1677 3003 1793 3055 Πᾶν

204 3093 291 3152 οὖν
340 3098 564 3168 δένδρον
621 3098 696 3168 μὴ
750 3095 940 3150 ποιοῦν
987 3097 1198 3168 καρπὸν
1257 3097 1419 3151 καλὸν
1469 3096 1794 3149 ἐκκόπτεται

205 3189 292 3242 καὶ
321 3190 410 3252 εἰς
439 3187 549 3260 πῦρ
585 3187 860 3257 βάλλεται.
904 3205 924 3239 ι
959 3185 1172 3240 Οὐκοῦν
1199 3188 1310 3249 τοῖς
1342 3186 1440 3256 μὲν
1477 3184 1794 3239 ἀπειθοῦσιν

205 3283 481 3354 ἀφόρητος
519 3281 613 3334 καὶ
646 3281 704 3333 οὑ
738 3280 860 3334 λίαν
886 3277 1063 3342 οἰστὸς
1095 3277 1196 3348 τῆς
1228 3295 1286 3331 τε
1327 3278 1530 3331 εἰσόδου
1575 3279 1668 3330 καὶ
1697 3278 1794 3348 τῆς

205 3377 471 3440 ὀπτασίας
515 3375 680 3429 αὑτοῦ
721 3375 943 3443 γέγονεν
980 3375 1008 3426 ό
1048 3372 1260 3442 καιρός.
1308 3371 1626 3442 Ἦλέγχοντο
1664 3372 1796 3442 γὰρ,

208 3467 277 3530 ὡς
334 3467 499 3520 αὐτοὶ
551 3466 650 3528 τὰς
707 3463 856 3532 σφῶν
910 3461 1216 3525 διολλύντες
1265 3461 1475 3531 ψυχὰς,
1528 3462 1621 3516 καὶ
1681 3465 1801 3524 ταῖς

209 3559 416 3613 ἑαυτῶν
472 3557 768 3629 ἁμαρτίαις
815 3555 1297 3626 ὲντεθνηξόμενοι,
1346 3554 1435 3606 διά
1485 3569 1564 3606 τοι
1612 3552 1672 3605 τὸ
1724 3552 1800 3623 μὴ

209 3651 427 3703 ἑλέσθαι
455 3653 670 3719 φρονεῖν
714 3647 890 3719 ὀρθῶς
920 3644 1306 3717 προσήκασθαί
1339 3662 1398 3698 τε
1429 3645 1508 3707 είς
1540 3642 1663 3700 νοῦν
1706 3645 1801 3697 καὶ

211 3744 438 3815 καρδίαν
487 3741 585 3814 τὴν
634 3741 720 3794 διὰ
775 3741 1012 3804 πίστεως
1056 3741 1344 3810 κάθαρσιν.
1402 3757 1421 3791 ι
1479 3739 1574 3802 Τίς
1619 3738 1799 3791 τοίνυν

213 3837 496 3905 ὑπομενεῖ,
529 3834 714 3906 φησὶν,
741 3833 954 3903 ἡμέραν
987 3832 1196 3885 εἰσόδου
1229 3829 1428 3895 absoni;
1457 3832 1529 3883 Ἢ
1555 3831 1639 3893 τίς
1667 3832 1801 3883 ύπο-

214 3932 474 4000 στήσεται
507 3929 563 3981 ἐν
596 3930 660 3998 τῇ
704 3926 939 3997 ὀπτασίᾳ
976 3925 1177 3991 αὑτοῦ;
1223 3945 1242 3978 ι
1296 3924 1579 3989 Τουτέστι,
1613 3924 1696 3988 τίς
1735 3923 1800 3995 δὴ

213 4023 315 4093 ἄρα
359 4019 622 4074 τοσοῦτον
671 4019 822 4071 ἔσται
875 4017 1045 4081 δεινός
1086 4034 1146 4071 τε
1195 4018 1289 4071 καὶ
1341 4015 1574 4088 ἀπηνὴς,
1621 4016 1697 4078 ὼς
1742 4016 1800 4070 ἐν

213 4111 391 4182 καιρῷ
437 4111 530 4164 καὶ
579 4109 764 4181 ἡμέρᾳ
809 4109 908 4179 τῆς
961 4110 1040 4172 εἰς
1088 4108 1290 4178 κόσμον
1336 4106 1586 4177 εἰσόολῆς
1635 4105 1799 4159 αὐτοῦ

215 4205 390 4276 (δῆλον
421 4204 477 4256 δὲ
505 4203 587 4256 ὅτι
623 4201 725 4271 τῆς
759 4199 896 4271 μετά
932 4199 1154 4272 σαρκὸς,
1183 4200 1249 4254 δι’
1274 4195 1341 4271 ἧς
1365 4199 1432 4254 ἂν
1467 4199 1677 4267 γένοιτο
1707 4199 1802 4252 καὶ

1888 2000 2295 2069 adipiscendam
2341 2000 2783 2071 aspernantibus,
2835 2001 3319 2071 purgationemque
3374 2016 3468 2070 per

1890 2093 2050 2148 fidem
2101 2094 2498 2162 rejicientibus,
2532 2095 2774 2148 omnium
2833 2095 3097 2149 malorum
3163 2095 3466 2152 foedissima

1889 2189 2096 2255 perpeti
2158 2187 2405 2257 contigit.
2471 2185 2758 2242 Perierunt
2809 2188 2956 2242 enim
3011 2187 3216 2244 miseri.
3290 2188 3470 2254 Quare

1889 2278 2052 2332 etiam
2092 2275 2403 2334 Judazorutn
2457 2279 2630 2334 turbis
2669 2279 2926 2334 dicebat:
2963 2297 2981 2330 ι
3010 2281 3182 2335 Amen
3212 2281 3334 2335 dico
3377 2295 3468 2336 vo-

1892 2370 1997 2435 bis,
2035 2371 2136 2425 nisi
2183 2372 2527 2427 credideritis
2575 2373 2699 2440 quia
2741 2387 2842 2442 ego
2882 2387 3024 2437 sum,
3067 2374 3373 2429 moriemini
3415 2374 3469 2428 in

1891 2463 2134 2532 peccatis
2157 2464 2350 2520 vestris
2375 2466 2444 2521 ⁸³.
2473 2484 2491 2517 ›
2516 2465 2582 2521 Ει
2601 2466 2796 2520 alicubi
2817 2464 3050 2520 Joannes
3075 2482 3091 2520 :
3121 2483 3138 2518 ι
3169 2465 3269 2533 Qui
3298 2467 3472 2522 credit

1892 2556 1946 2608 in
1966 2553 2183 2620 Filium,
2213 2571 2318 2612 non
2343 2557 2648 2627 judicatur;
2679 2557 2770 2628 qui
2796 2567 2976 2613 autem
3002 2573 3107 2613 non
3132 2559 3330 2625 credit,
3354 2558 3470 2628 jam

1887 2650 2164 2717 judicatus
2189 2658 2293 2716 est,
2326 2652 2453 2719 quia
2477 2665 2582 2706 non
2612 2651 2845 2706 credidit
2875 2650 2930 2706 in
2965 2651 3185 2707 nomine
3211 2653 3470 2723 unigeniti

1893 2741 2015 2799 Filii
2049 2743 2145 2798 Dei
2169 2743 2232 2798 “.
2277 2761 2296 2796 ι
2329 2743 2474 2798 Dixit
2502 2743 2763 2799 lsraelitis
2789 2759 3004 2813 quoque
3031 2763 3043 2798 :
3073 2763 3092 2795 ι
3120 2743 3240 2800 Jam
3265 2746 3476 2801 securis

1895 2837 1964 2890 ad
2006 2836 2243 2891 radicem
2275 2837 2529 2891 arborum
2561 2837 2737 2906 posita
2770 2845 2875 2892 est.
2914 2836 3107 2892 Omnis
3139 2837 3284 2893 enim
3309 2837 3477 2892 arbor

1894 2946 2016 3001 qua:
2062 2946 2168 2986 non
2215 2930 2347 2986 facit
2397 2931 2632 2986 fructum
2693 2931 2918 2995 bonum,
2969 2931 3252 2988 excidetnr
3306 2941 3362 2988 et
3419 2933 3474 2987 in

1898 3025 2075 3096 ignem
2101 3025 2348 3080 mittetur
2366 3027 2435 3082 ⁸³.
2466 3045 2485 3078 ι
2508 3027 2804 3082 lncredulis
2828 3042 2960 3096 ergo
2983 3035 3197 3097 tempus
3217 3027 3474 3082 introitus

1895 3126 1952 3171 et
2000 3116 2226 3172 visionis
2267 3116 2385 3185 ejus
2436 3117 2774 3173 intolerabile
2823 3127 2877 3172 et
2935 3133 3124 3188 parum
3192 3116 3475 3172 ferendum

1901 3209 2117 3264 accidit.
2174 3209 2734 3278 Reprehendebantur
2779 3209 2955 3275 enim,
3002 3217 3186 3278 utpote
3240 3210 3331 3279 qui
3379 3209 3480 3280 ipsi

1901 3318 2030 3358 suas
2061 3303 2274 3357 animas
2300 3303 2610 3372 perderent,
2639 3311 2694 3355 et
2720 3302 2771 3354 in
2805 3299 3042 3370 peccatis
3074 3300 3185 3356 suis
3207 3301 3481 3367 morituri,

1902 3394 2026 3464 quia
2057 3394 2192 3448 bene
2219 3407 2431 3461 sapere,
2463 3401 2517 3447 et
2549 3392 2601 3445 in
2635 3392 2874 3445 animum
2900 3399 3060 3460 atque
3080 3405 3176 3446 cor
3204 3393 3479 3461 purgatio-

1903 3499 2025 3539 nem
2061 3500 2158 3554 per
2183 3485 2343 3539 fidem
2369 3484 2657 3538 admittere
2680 3485 3069 3538 detrectarent.
3101 3483 3267 3554 852
3301 3503 3320 3536 ι
3347 3484 3481 3551 Quis

1904 3577 2068 3648 igitur
2101 3576 2409 3642 sustinebit,
2451 3576 2650 3646 inquit,
2703 3576 2846 3630 diem
2881 3579 3145 3630 adventus
3189 3577 3341 3646 ejus?
3377 3577 3486 3631 Aut

1906 3671 2026 3739 quis
2053 3669 2343 3724 sustinebit
2375 3669 2427 3723 in
2456 3669 2666 3725 visione
2691 3667 2847 3737 ejus?
2881 3689 2896 3719 ι
2925 3668 3037 3724 Hoc
3062 3679 3165 3731 est,
3195 3670 3319 3740 quis
3350 3671 3486 3725 adeo

1907 3760 2074 3816 durus
2100 3769 2156 3816 et
2179 3759 2422 3825 immitis,
2455 3767 2512 3813 ut
2537 3769 2779 3830 tempore
2799 3770 2852 3816 et
2873 3760 2961 3817 die
2993 3761 3111 3831 ejus
3140 3763 3190 3816 in
3226 3763 3484 3817 mundum

1909 3852 2184 3924 ingressus
2216 3855 2370 3924 (cum
2405 3868 2568 3912 carne
2604 3854 2876 3919 videlicet,
2919 3869 3017 3924 per
3045 3869 3207 3924 quam
3250 3865 3306 3910 et
3339 3857 3484 3926 tangi

1910 3961 2005 3999 seu
2039 3947 2208 4002 videri
2230 3947 2442 4018 possit)
2475 3947 2776 4003 subsistere
2817 3945 3050 4002 infracto
3081 3948 3260 4003 animo
3285 3949 3489 4017 queat?

1907 4036 2169 4092 Punietur
2217 4039 2402 4107 itaque
2443 4039 2792 4101 omnimodis.
2849 4045 2904 4094 et
2948 4037 3178 4092 acerbas
3222 4037 3490 4093 vecordia.

1908 4142 2018 4182 sua:
2043 4141 2233 4196 poenas
2265 4126 2397 4184 iuet.

215 4296 414 4360 ἁπτὸς,
439 4294 606 4363 ἣγουν
649 4290 866 4362 ὁρατὸς)
907 4291 1208 4360 ὑποστῆναί
1236 4308 1295 4344 τε
1345 4291 1441 4343 καὶ
1485 4289 1807 4361 ἁθραύστως
1845 4290 2018 4363 ἔχειν;
2049 4293 2462 4367 Κολασθήσεται
2529 4291 2623 4348 οὖν
2666 4291 2844 4365 πάντη
2903 4309 2966 4346 τε
3004 4293 3097 4347 καὶ
3124 4291 3363 4361 πάντως,
3396 4292 3492 4346 καὶ

215 4389 421 4456 πικρὰς
448 4385 545 4454 τῆς
581 4383 840 4444 ἀπονοίας
878 4382 1093 4434 ἁποτιεῖ
1127 4381 1302 4446 δίκας.

281 4479 444 4532 Διότι
482 4475 665 4538 αὐτὸς
691 4475 1102 4543 εἰσπορεύεται
1139 4475 1220 4540 ὡς
1252 4474 1371 4543 πῦρ
1397 4473 1805 4544 χωνευτηρίου

1986 4472 2150 4528 Vnus.
2187 4472 2241 4527 3.
2277 4470 2416 4538 Quia
2455 4469 2563 4539 ipse
2586 4468 2908 4540 ingredietur
2928 4470 3083 4536 quasi
3109 4470 3246 4540 ignis
3287 4474 3492 4542 conﬂa-

216 4569 312 4622 καί
342 4569 429 4633 ὡς
459 4569 578 4621 πόα
625 4567 1004 4620 πλυνόν-των.
1048 4566 1346 4620 Καθιεῖται
1385 4567 1663 4635 χωνεύων
1708 4563 1806 4618 καί

216 4657 566 4730 καθαρίζων,
612 4658 693 4724 ὠς
725 4656 792 4710 τὸ
831 4658 1116 4727 ἀργύριον
1160 4659 1258 4712 καί
1291 4659 1371 4724 ὡς
1409 4657 1476 4710 τὸ
1526 4658 1804 4726 χρυσίον,

218 4751 316 4804 καὶ
365 4750 682 4818 καθαρίσει
716 4747 859 4814 τοὺς
898 4749 1069 4815 υἱοὺς
1104 4751 1269 4813 Aetii,
1301 4750 1399 4803 καὶ
1431 4748 1560 4820 χεεῐ
1585 4749 1805 4816 αὐτοὺς

215 4844 426 4912 ὥσπερ
454 4843 520 4896 τὸ
553 4843 812 4911 χρυσίον
842 4842 939 4896 καὶ
970 4843 1036 4898 τὸ
1070 4843 1372 4914 ἀργύριον.

286 4938 414 4990 ΛΔ’.
457 4934 758 5004 Πεποίηται
794 4934 894 5003 μὲν
929 4936 986 4989 ὲν
1033 4935 1243 5000 τούτοις
1274 4936 1351 5000 ὡς
1391 4937 1450 5002 ἐξ
1494 4939 1809 5011 ὁμοιότητος

218 5027 326 5080 τῶν
378 5024 501 5079 καθ’
549 5027 694 5097 ἡμᾶς
727 5026 1068 5096 πραγμάτων
1119 5029 1147 5080 ὁ
1196 5027 1372 5096 λόγος,
1404 5028 1716 5102 ἀπόρρητον
1754 5030 1812 5084 δι

223 5117 527 5189 μυστηρίου
553 5118 785 5189 δήλωσιν
817 5119 1183 5189 εἰσκομίσειεν
1227 5121 1293 5174 ἂν
1323 5105 1435 5184 τοῖς
1466 5123 1811 5193 νουνεχεστέ-

221 5229 358 5283 ροις.
403 5210 670 5283 Ἀργύρου
705 5211 802 5283 μὲν
834 5211 944 5284 γὰρ
975 5213 1069 5265 καὶ
1095 5212 1319 5285 χρυσίου
1354 5215 1634 5270 ποιοῦνται
1663 5215 1810 5269 δοκι-

223 5310 434 5376 μασίαν
459 5309 511 5362 οἱ
542 5307 714 5363 ταῦτα
742 5310 917 5377 σοφοὶ,
948 5309 1080 5380 πυρὶ
1111 5310 1516 5382 κατατήκοντες
1545 5312 1654 5364 πᾶν
1689 5311 1812 5364 ὅσον

221 5403 278 5454 ὲν
309 5401 497 5464 αὐτοῖς
528 5401 643 5452 ἐστι
670 5397 922 5469 κίϐδηλόν
948 5416 1009 5452 τε
1043 5399 1135 5452 καὶ
1165 5399 1582 5468 ἀκαλλέστερον.
1608 5399 1728 5471 ΙΙῦρ
1756 5400 1812 5452 δὲ

219 5492 282 5544 τὸ
313 5491 460 5544 θεῖον
504 5490 596 5544 καὶ
644 5489 956 5562 οὐρανόθεν,
1005 5488 1339 5560 τουτέστι,ή
1389 5489 1478 5542 διὰ
1517 5487 1607 5542 τοῦ
1657 5488 1811 5555 ἁγίου

222 5587 548 5658 Πνεύματος
595 5587 775 5659 χάρις,
827 5587 950 5642 καθ’
993 5588 1059 5653 ἣν
1107 5587 1173 5641 ἂν
1224 5587 1432 5655 γένοιτο
1473 5587 1566 5640 καὶ
1605 5585 1813 5652 ζῶντας

298 5786 344 5814 δ’
385 5782 529 5839 Psal.
554 5800 704 5850 :th,
731 5786 789 5840 '5.

229 5856 272 5886 "
303 5854 465 5908 Joan.
505 5870 583 5917 ιιι,
616 5855 698 5908 18.
788 5856 833 5887 ⁵⁸
861 5855 1044 5909 Matth.
1083 5871 1162 5918 ιιι,
1198 5855 1281 5907 if).

868 5786 913 5858 ξιξ)
940 5783 1098 5858 Joan.
1143 5801 1180 5848 ι,
1204 5785 1308 5858 λιι.
1371 5786 1411 5817 ⁸¹
1443 5785 1670 5858 Philipp.
1707 5802 1764 5853 tt,
1797 5787 1850 5841 7ο

1913 4568 2035 4622 torii
2077 4576 2126 4621 et
2169 4566 2318 4638 quasi
2353 4565 2515 4620 herba
2557 4565 2875 4619 lavantium.
2927 4562 3137 4618 Sedebit
3177 4566 3414 4635 conﬂans
3445 4575 3496 4620 et

1913 4661 2230 4724 emundans,
2263 4659 2402 4713 sicut
2428 4669 2701 4728 argentum
2731 4666 2778 4712 et
2800 4657 2936 4712 sicut
2962 4673 3153 4711 aurum
3177 4671 3197 4710 :
3232 4668 3280 4713 et
3311 4675 3489 4713 emun-

1913 4751 2059 4805 dabit
2102 4751 2243 4820 ﬁlios
2280 4749 2430 4815 Levi,
2471 4760 2518 4804 et
2540 4749 2773 4818 effundet
2808 4764 2896 4804 eos
2925 4748 3058 4803 sicut
3093 4765 3287 4805 aurum
3317 4760 3366 4804 et
3403 4766 3496 4804 ar-

1907 4854 2139 4913 gentum.
2674 4835 2676 4838 ’

1983 4934 2226 4992 XXXIV.
2269 4935 2347 4990 Ex
2374 4932 2730 4990 similitudine
2755 4945 2934 4988 rerum
2962 4943 3274 4990 nostrarum
3313 4947 3496 4989 sermo

1913 5029 2171 5096 trahitur,
2209 5038 2264 5084 et
2305 5026 2492 5082 arcani
2532 5026 2814 5096 cujusdam
2859 5026 3104 5097 mysterii
3135 5027 3495 5098 significatio-

1915 5138 2040 5179 nem
2070 5122 2468 5192 complectitur,
2504 5121 2547 5175 si
2579 5121 2702 5190 quis
2733 5120 2875 5175 dicta
2917 5121 3213 5190 prudenter
3241 5130 3500 5190 excutere

1916 5218 2078 5274 norit.
2122 5215 2421 5285 Argentum
2458 5213 2605 5269 enim
2641 5221 2700 5267 et
2735 5227 2927 5267 aurum
2963 5211 3195 5283 probant
3229 5225 3324 5265 seu
3367 5224 3497 5265 exa-

1920 5309 2131 5365 minant
2155 5322 2335 5363 rerum
2371 5307 2594 5362 istarum
2617 5304 2778 5376 periti
2805 5303 3065 5370 artifices,
3090 5301 3213 5374 igne
3235 5301 3497 5371 collique-

1922 5402 2183 5457 facientes
2220 5410 2276 5457 et
2308 5407 2690 5456 consumentes
2728 5397 2989 5469 quidquid
3027 5398 3079 5452 in
3119 5395 3250 5468 ipsis
3286 5393 3499 5450 adulte-

1923 5495 2098 5550 rinum
2140 5505 2195 5549 et
2234 5493 2509 5549 sordidum
2549 5500 2652 5547 est.
2699 5490 2922 5546 Divinus
2949 5496 3130 5544 autem
3174 5496 3229 5542 et
3260 5485 3502 5544 caelestis

1921 5588 2085 5659 ignis,
2133 5587 2236 5644 hoc
2272 5595 2377 5652 est,
2425 5585 2598 5657 gratia
2643 5599 2738 5656 per
2772 5582 3034 5654 Spiritum
3084 5589 3354 5648 sanctum,
3393 5593 3498 5650 qua

1956 5790 1998 5826 δ’
2031 5786 2130 5844 Isa.
2159 5801 2270 5841 χιιι
2329 5785 2443 5840 Ι-ὖο
2485 5784 2674 5840 Matth.
2705 5799 2803 5849 xu,
2834 5781 2928 5838 18.
3001 5782 3047 5814 ⁵⁸
3073 5781 3226 5838 Joan.
3254 5797 3371 5849 vttt,
3404 5781 3496 5836 ‘24.
