4070 6544
650 415 757 472 353

1671 411 1736 470 S.
1779 411 2054 469 CYRILLI
2094 405 2566 470 ALEXANDRINI
2608 415 2932 472 ARCHIEP.
3778 426 3858 484 336

652 539 921 609 possimus
950 534 1115 590 etiam
1151 536 1394 591 viventes
1421 550 1520 591 nos
1549 535 1602 590 iu
1625 537 1818 607 spiritu
1843 540 2235 602 consummari,

2338 541 2487 610 ἡμᾶς
2517 539 2898 593 ἀποτελεῖσθαι
2930 537 3009 612 τῷ
3043 537 3342 609 Πνεύματι,
3367 537 3492 593 ὅταν
3518 540 3593 604 είς
3622 540 3733 596 νοῦν
3758 550 3860 601 καθ.

651 630 724 694 si,
743 628 959 683 Christo
979 627 1328 694 immittente,
1350 627 1401 681 in
1421 635 1656 681 mentem
1679 636 1844 697 atque
1861 641 1956 682 cor
1973 637 2240 697 penetret,

651 736 805 789 tunc,
856 721 1134 785 nimirum,
1188 729 1317 774 tunc
1359 732 1575 775 omnem
1629 721 1840 790 peccati
1892 720 2127 776 scoriam
2177 735 2238 774 ex

648 813 946 882 praeteritis
993 811 1238 882 lapsibus
1294 820 1637 866 contractam
1677 812 1895 866 deterit.
1932 810 2111 879 Atque
2167 809 2241 863 ita

657 916 917 977 purgatos
946 905 1111 960 etiam
1146 904 1560 974 probatissimos
1589 902 1790 968 reddit,
1815 912 1867 957 et
1895 911 2101 956 tantum
2135 917 2240 954 non

653 997 924 1070 spirituali
975 997 1210 1067 quodam
1261 997 1422 1050 modo
1470 993 1630 1048 aliter
1663 993 1732 1048 ad
1781 992 2078 1047 novitatem
2121 992 2244 1046 vitae

653 1091 900 1157 fabricat,
939 1101 993 1144 et
1027 1103 1152 1142 vasa
1184 1087 1439 1155 deinceps
1473 1086 1702 1155 insignia
1733 1095 1788 1139 et
1819 1084 2154 1139 sanctificata
2187 1090 2243 1138 et

653 1182 709 1237 in
749 1182 1010 1236 honorem
1051 1189 1364 1249 comparata
1403 1186 1457 1231 et
1503 1192 1713 1248 magna:
1765 1177 1979 1242 domui,
2017 1176 2120 1230 hoc
2162 1185 2242 1229 est

651 1274 928 1337 Ecclesiae,
959 1273 1118 1328 utilia
1157 1271 1319 1326 efﬁcit
1346 1271 1413 1324 ".
1447 1288 1465 1321 ι
1508 1269 1648 1325 Hinc
1677 1269 1886 1325 scilicet
1915 1270 2156 1324 divinum
2191 1279 2245 1323 et

651 1367 752 1421 sub
778 1366 1193 1435 intelligentiam
1224 1365 1508 1418 cadentem
1543 1363 1720 1432 ignem
1755 1372 1978 1416 sanctus
2004 1360 2242 1416 Joannes

651 1460 996 1531 signiﬁcavit,
1025 1474 1143 1511 cum
1167 1458 1368 1513 diceret
1394 1476 1408 1513 :
1443 1475 1460 1508 ι
1492 1457 1605 1526 Ego
1634 1457 1850 1525 baptizo
1877 1471 1972 1510 vos
2000 1456 2052 1510 in
2078 1472 2239 1526 aqua.

652 1550 778 1604 Post
820 1562 906 1603 me
947 1545 1128 1601 veniet
1163 1547 1262 1611 vir,
1305 1545 1463 1615 cujus
1504 1561 1609 1600 nou
1637 1560 1757 1600 sum
1789 1545 1984 1614 dignus
2021 1554 2078 1599 ut
2114 1559 2242 1614 pro-

648 1642 915 1696 cumbens
945 1640 1153 1695 solvam
1191 1639 1483 1708 corrigiam
1530 1638 1884 1694 calceameuti
1930 1637 2067 1708 ejus.
2126 1635 2244 1706 Ipse

647 1748 746 1789 vos
766 1731 1061 1802 baptizabit
1080 1731 1130 1786 in
1152 1729 1356 1801 Spiritu
1377 1741 1566 1786 sancto
1584 1741 1637 1786 et
1656 1732 1760 1801 igni
1775 1731 1841 1782 ".
1858 1748 1876 1783 ι
1900 1729 2243 1784 Meminimus

649 1836 703 1881 et
726 1825 997 1882 Christum
1025 1825 1204 1879 dicere
1233 1846 1244 1880 :
1279 1843 1298 1877 ι
1329 1824 1511 1896 Ignem
1541 1826 1663 1881 veni
1689 1825 1905 1880 mittere
1929 1825 1982 1879 in
2010 1833 2233 1890 terram,

2343 632 2513 683 ίκοιτο
2548 629 2643 684 καὶ
2688 630 2938 702 καρδίαν,
2973 631 3206 695 ὲνιέντος
3245 631 3500 703 Χριστοῦ,
3527 633 3640 688 τότε
3671 635 3744 708 δὴ,
3769 643 3858 696 τότε

2339 722 2520 775 πάντα
2549 722 2648 792 μὲν
2676 722 2768 776 τὸν
2794 722 2854 788 ἐξ
2883 722 3158 794 ἁμαρτίας
3184 723 3475 795 διασμήχει
3501 723 3677 797 ῥύπον,
3698 730 3774 782 καί
3795 733 3861 786 τὸν

2341 815 2404 865 ἐκ
2431 813 2539 866 τῶν
2579 813 2678 886 ἥδη
2714 814 3204 887 προεπταισμένων
3223 814 3438 886 δαπανᾷ
3473 816 3745 889 μολυσμδν.
3781 823 3861 877 Κε-

2341 904 2721 976 καθαρμένους
2745 923 2805 960 τε
2830 905 2973 960 οὕτω
2999 908 3093 962 καὶ
3119 906 3519 978 δοκιμωτάτους
3544 911 3662 974 τοὺς
3687 911 3859 982 ἔχοντας

2340 995 2612 1062 ἀποτελεῖ,
2656 997 2749 1049 καὶ
2795 996 3075 1067 μονονουχὶ
3109 997 3500 1066 μεταχαλκεύει
3537 1000 3722 1070 νοητῶς
3759 1006 3859 1074 πρὸς

2343 1089 2668 1160 καινοτάτην
2699 1088 2866 1160 ζωὴν,
2895 1089 2989 1142 καὶ
3029 1088 3200 1160 σκεύη
3233 1088 3417 1142 λοιπὸν
3459 1092 3730 1160 ἀποφαίνει
3756 1094 3860 1165 λαμ.

2344 1179 2459 1250 πρά
2500 1181 2594 1234 καὶ
2627 1179 2939 1252 ήγιασμένα
2975 1181 3070 1234 καὶ
3109 1183 3190 1245 είς
3235 1183 3400 1254 τιμὴν
3444 1188 3861 1255 κατεσκευασμένα

2341 1275 2488 1344 οίκίᾳ
2516 1290 2576 1326 τε
2611 1275 2678 1343 τῇ
2725 1275 2937 1348 μεγάλῃ
2975 1276 3244 1347 χρήσιμα,
3274 1277 3556 1330 τουτέστιν
3582 1281 3644 1349 τῇ
3682 1279 3862 1352 Ἐκκλη-

2344 1364 2456 1435 σία.
2489 1364 2661 1419 Τοῦτο
2682 1365 2746 1437 δὴ
2776 1366 2836 1419 τὸ
2858 1365 2997 1419 θεῖόν
3025 1384 3084 1419 τε
3112 1367 3205 1420 καὶ
3236 1369 3425 1438 νοητὸν
3450 1370 3765 1438 κατεσήμανε
3783 1373 3862 1445 πῦρ

2341 1456 2370 1508 6
2399 1456 2685 1521 θεσπέσιος
2721 1457 2995 1528 Ἰωάννης,
3024 1458 3198 1527 λέγων
3219 1476 3232 1489 °
3269 1479 3286 1510 ι
3342 1458 3482 1527 Ἐγὼ
3509 1460 3734 1530 βαπτίζω
3757 1465 3862 1532 ὑμᾶς

2343 1549 2401 1602 ὲν
2449 1549 2624 1606 ὕδατι.
2684 1551 2889 1605 Ὀπίσω
2945 1567 3045 1623 μου
3087 1553 3307 1623 ἔρχεται
3351 1553 3512 1624 ἀνὴρ,
3557 1549 3614 1608 οὗ
3661 1555 3746 1608 ούκ
3781 1560 3864 1626 εἰμὶ

2345 1639 2528 1703 ἱκανὸς
2555 1641 2642 1694 ἵνα
2674 1641 2852 1711 κύψας
2888 1642 3037 1696 λύσω
3064 1643 3154 1697 τὸν
3179 1645 3377 1713 ἱμάντα
3416 1645 3526 1698 τῶν
3565 1645 3863 1716 ὑποδημάτων

2343 1732 2531 1789 αὐτοῦ.
2563 1734 2738 1797 Αὐτὸς
2777 1735 2921 1804 ὑμᾶς
2962 1735 3217 1805 βαπτίσει
3252 1737 3308 1790 ὲν
3340 1735 3616 1807 Πνεύματι
3646 1738 3763 1807 ἁγίῳ
3797 1741 3864 1793 καὶ

2343 1828 2498 1895 πυρί.
2537 1845 2556 1878 ι
2591 1826 2933 1897 Μεμνήμεθα
2961 1826 3017 1879 δὲ
3052 1830 3145 1880 καὶ
3170 1827 3334 1881 αὐτοῦ
3374 1828 3621 1897 λέγοντος
3655 1831 3736 1883 τοῦ
3767 1832 3864 1902 Χρι-

647 1919 866 1990 etquid
902 1917 1049 1981 volo,
1092 1917 1199 1972 nisi
1239 1928 1297 1972 ut
1334 1918 1665 1973 accendatur
1689 1917 1772 1971 ⁸θῖ
1799 1936 1819 1969 ι
1861 1917 2068 1987 itaque,
2106 1932 2236 1987 quo-

2345 1917 2471 1970 στοῡ
2495 1933 2507 1945 ·
2545 1936 2562 1969 ι
2599 1917 2717 1988 Πῦρ
2739 1913 2900 1988 ἦλθον
2926 1916 3140 1987 βάλλειν
3171 1918 3263 1971 em.
3289 1920 3390 1990 τὴν
3419 1917 3546 1987 γῆν,
3573 1919 3660 1971 καὶ
3677 1919 3722 1971 τί
3746 1919 3862 1984 θέλω,

646 2013 796 2067 niam
825 2011 1084 2067 Israelita;
1121 2010 1432 2066 Levitarum
1467 2010 1859 2065 immunditiam
1889 2011 2005 2066 sive
2031 2010 2233 2080 iniqui-

649 2115 812 2160 tatem
846 2118 949 2158 non
974 2102 1089 2157 leve
1120 2100 1531 2155 fundamentum
1557 2100 1854 2169 ponebant,
1874 2099 1982 2154 imo
2001 2099 2234 2170 perillns

645 2199 1024 2252 universorum
1060 2195 1226 2250 Deum
1265 2195 1481 2247 irritare
1513 2209 1619 2247 nou
1655 2193 2001 2259 desinebant,
2038 2205 2235 2248 contu-

643 2289 870 2345 meliose
911 2288 1194 2354 loquentes
1221 2294 1275 2339 et
1299 2284 1481 2339 dicere
1522 2299 1628 2338 non
1657 2295 1909 2339 verentes
1941 2299 1957 2337 :
1993 2300 2013 2334 ι
2046 2283 2235 2338 Omnis

645 2381 736 2453 qui
769 2379 898 2434 facit
933 2377 1157 2442 malum,
1192 2378 1392 2431 bonum
1431 2390 1616 2430 coram
1653 2374 1768 2439 illo,
1810 2383 1861 2428 et
1892 2375 1944 2428 in
1986 2374 2092 2429 illis
2120 2375 2236 2444 ipse

645 2474 747 2529 sibi
767 2469 1119 2542 compiaeuit,
1137 2481 1191 2524 et
1212 2468 1301 2522 ubi
1329 2478 1411 2522 est
1438 2467 1813 2535 Deusjustitia:
1828 2468 1916 2520 "1'
1941 2485 1958 2518 ι
1991 2467 2235 2537 ριτιξόὶοἱι

647 2565 848 2620 utiliter
891 2565 1126 2634 quodam
1163 2571 1407 2630 tempore
1438 2559 1760 2614 aﬂ'ulsurum
1806 2560 2107 2624 Christum,
2142 2559 2234 2630 qui

646 2664 926 2728 peccatum
972 2667 1134 2709 omne
1181 2662 1428 2706 nostrum
1469 2664 1502 2705 e
1545 2650 1724 2704 medio
1769 2649 1926 2714 tollit,
1976 2648 2141 2719 853
2181 2656 2236 2703 et

645 2746 958 2804 sacerdotes
989 2759 1120 2798 suos
1151 2742 1482 2812 purissimos
1511 2741 1705 2805 reddit,
1737 2755 1939 2810 eosque
1961 2749 2018 2793 ut
2045 2755 2233 2794 aurum

645 2849 740 2894 aut
756 2847 1037 2910 argentum
1058 2837 1110 2890 in
1133 2836 1254 2905 igne
1273 2835 1487 2904 probat,
1511 2834 1626 2888 sive
1643 2835 1902 2902 probatos
1923 2842 1976 2888 et
2001 2832 2235 2888 illustres

649 2933 830 2990 reddit.
863 2932 933 2986 ⁸⁸.
968 2927 1131 2986 Ἰιιιεε
1170 2929 1312 2982 enim
1350 2926 1605 2982 Ecclesiae
1643 2928 1958 2981 sacerdotes
1996 2924 2234 2979 universi

645 3026 848 3082 debent
872 3037 1014 3086 esse,
1035 3021 1231 3092 quibus
1250 3019 1542 3086 liceatjure
1573 3019 1776 3087 optimo
1805 3031 2072 3088 usurpare
2103 3017 2234 3071 illud

649 3118 998 3173 Davidicumzz
1033 3133 1050 3167 ι
1079 3114 1328 3170 Probasti
1361 3128 1480 3178 nos,
1522 3111 1696 3178 Deus;
1737 3113 1859 3181 igne
1892 3126 1988 3166 nos
2023 3110 2233 3165 exami-

647 3211 788 3267 nasti
819 3221 880 3266 ut
909 3207 1213 3264 examinari
1241 3205 1378 3260 solet
1399 3213 1684 3276 argentum
1715 3205 1816 3259 σι.)
1843 3203 1993 3258 Filiis
2017 3204 2234 3274 quidem

2343 2009 2392 2061 εί
2425 2008 2525 2080 ἤδη
2561 2008 2810 2079 ἀνήφθη;
2853 2027 2871 2061 ι
2907 2009 3135 2074 Οὐκοῦν,
3169 2010 3398 2082 ὲπείπερ
3427 2011 3476 2063 oi
3499 2009 3556 2075 ὲξ
3583 2011 3782 2080 αἵματος
3799 2010 3864 2064 τοῦ

2342 2099 2401 2168 ἐξ
2445 2100 2663 2173 Ἰσραὴλ
2685 2103 2785 2173 τῆς
2824 2100 2934 2155 τῶν
2959 2103 3198 2156 Λευῖτῶν
3227 2103 3592 2174 ἀκαθαρσίας,
3617 2104 3759 2175 ἤγουν
3781 2107 3864 2158 ἁδι-

2342 2192 2492 2256 κίας,
2522 2191 2584 2244 ού
2616 2193 2843 2262 μετρίαν
2864 2192 3144 2246 ἐποιοῦντο
3167 2193 3267 2264 τὴν
3290 2191 3616 2263 καταϐολὴν,
3641 2193 3865 2263 μᾶλλονδὲ

2342 2284 2409 2338 δι’
2443 2285 2686 2349 ἐκείνους
2720 2285 3155 2358 παροτρύνοντες
3203 2285 3474 2340 διετέλουν
3517 2286 3604 2339 τὸν
3633 2286 3728 2338 τῶν
3766 2286 3865 2338 ὅλων

2342 2371 2496 2435 Θεὸν,
2529 2372 2777 2444 παλίμφη
2789 2373 2864 2444 μά
2898 2391 2956 2427 τε
2987 2374 3278 2438 λαλοῦντες
3301 2392 3425 2429 τινα
3463 2377 3556 2429 καὶ
3580 2374 3866 2444 ἀποτολμῶν-

2341 2481 2434 2528 τες
2469 2464 2650 2533 λέγειν
2676 2480 2691 2496 ο
2744 2485 2762 2518 ι
2813 2467 2927 2531 Πᾶς
2971 2467 3140 2521 ποιῶν
3181 2468 3440 2539 πονηρὸν,
3493 2468 3649 2522 καλὸν
3691 2467 3865 2522 ἐνώπιον

2342 2555 2530 2620 αὐτοῦ,
2573 2558 2668 2610 καὶ
2693 2557 2750 2611 ὲν
2795 2559 2980 2622 αὐτοῖς
3007 2559 3170 2623 αὐτὸς
3195 2561 3488 2631 ηὐδόκησε,
3527 2562 3618 2616 καὶ
3644 2560 3733 2614 ποῦ
3761 2562 3865 2614 ἔστιν

2341 2647 2370 2700 6
2402 2647 2535 2711 Θεὸς
2583 2648 2682 2720 τῆς
2729 2649 3114 2722 δικαιοσύνης;
3169 2667 3188 2703 ι
3241 2651 3601 2723 προαγορεύει
3641 2652 3866 2723 χρησίμως

2341 2741 2425 2795 ὅτι
2457 2741 2601 2796 κατὰ
2629 2743 2854 2814 καιροὺς
2883 2742 3184 2814 ὲπιλάμψει
3207 2743 3465 2814 Χριστὸς,
3495 2746 3523 2796 6
3568 2746 3729 2798 πᾶσαν
3752 2745 3866 2814 ἡμῶν

2310 2835 2440 2904 ,τὴν
2473 2835 2750 2906 ἁμαρτίαν
2781 2837 2845 2889 ἐκ
2885 2837 3052 2907 μέσου
3085 2836 3276 2900 τιθεὶς,
3311 2838 3406 2890 καὶ
3440 2839 3731 2907 πανάγνους
3764 2839 3864 2890 ἀπο-

2342 2925 2512 2980 τελῶν
2561 2927 2686 2990 τοὺς
2733 2927 2894 2990 ίδίους
2946 2929 3296 2999 ἱερουργοὺς,
3346 2929 3443 2981 καὶ
3493 2923 3599 2982 οἷον
3651 2926 3865 3000 χρυσὸνή

2343 3020 2581 3090 ἄργυρον
2622 3019 2680 3073 ὲν
2713 3021 2846 3092 πυρὶ
2886 3021 3199 3092 δοκιμάζων
3245 3022 3469 3085 αὐτοὺς,
3513 3022 3626 3093 ἦτοι
3667 3022 3866 3090 δοκίμους

2342 3109 2624 3164 ἀποτελῶν
2674 3112 2770 3165 καὶ
2824 3111 3370 3184 λελαμπρυσμένους.
3422 3111 3657 3167 Τοιοῦτοι
3702 3112 3791 3182 γάρ
3814 3113 3866 3173 ὡς

2344 3203 2547 3256 ἐπίπαν
2576 3205 2677 3274 τῆς
2718 3203 3046 3275 Ἐκκλησίας
3091 3207 3140 3259 οἱ
3181 3205 3511 3277 λειτουργοὶ,
3539 3199 3616 3269 οἷς
3659 3204 3715 3258 ἂν
3737 3205 3846 3274 ἁρμό

645 3305 826 3358 Aaron
879 3311 1154 3371 gestamen
1193 3307 1309 3351 erat
1358 3298 1496 3351 stola
1548 3296 1757 3367 legibus
1802 3297 2118 3366 praescripta
2169 3298 2233 3350 θ’.

2343 3310 2477 3360 σειε,
2512 3294 2608 3350 καὶ
2650 3296 2794 3366 μάλα
2824 3297 3070 3362 εἰκότως,
3110 3300 3288 3351 ἐκεῖνο
3319 3301 3502 3352 εἰπεῖν
3529 3299 3588 3352 τὸ
3628 3297 3708 3352 διὰ
3730 3295 3866 3367 φωνῆς

648 3395 882 3449 Selectis
929 3405 1107 3446 autem
1149 3389 1202 3444 in
1239 3388 1463 3444 Christo
1488 3397 1542 3444 et
1580 3388 1889 3444 sacerdotio
1931 3388 2232 3454 destinatis,

647 3490 1021 3543 indumentum
1073 3481 1451 3552 Splendidam,
1479 3481 1816 3536 sacerdotale
1860 3490 1916 3535 et
1956 3489 2232 3546 sanctum,

645 3579 901 3633 Christus
933 3577 1070 3644 ipse.
1107 3571 1476 3640 Quamobrem
1516 3580 1571 3626 et
1601 3586 1697 3641 per
1737 3572 1907 3641 lyram
1949 3571 2236 3627 Psalleutis

648 3672 794 3726 Deus
845 3678 903 3724 et
947 3665 1120 3720 Pater
1175 3665 1242 3720 de
1297 3663 1542 3719 Ecclesia
1590 3679 1653 3718 es
1702 3663 1954 3732 gentibus
2011 3663 2233 3718 aiebat:

653 3782 671 3814 ι
705 3760 1031 3818 Sacerdotes
1064 3759 1180 3827 ejus
1224 3757 1444 3812 induam
1492 3755 1755 3823 salutem,
1797 3766 1850 3811 et
1900 3756 2073 3812 sancti
2119 3755 2237 3827 ejus

647 3853 1010 3911 exsultatione
1056 3849 1410 3905 exsultabunt
1452 3849 1522 3903 “.
1560 3847 1944 3906 LSanctorum
1974 3848 2118 3904 enim
2147 3863 2236 3902 sa-

646 3946 930 4001 cerdotum
958 3941 1106 3996 salus
1137 3951 1192 3996 et
1229 3942 1604 3994 indumentum
1635 3939 1954 3994 admirabile
1989 3939 2241 3994 Christus

647 4047 764 4104 est;
811 4037 921 4092 imo
951 4035 1148 4089 decens
1189 4033 1422 4086 amicms
1461 4031 1701 4087 omnium
1751 4031 2013 4086 ﬁdelium.
2066 4051 2084 4083 ι
2110 4032 2240 4097 Qui-

646 4143 861 4197 cunque
917 4129 1084 4191 enim,
1144 4124 1344 4192 inquit,
1397 4124 1448 4177 in
1505 4121 1728 4178 Christo
1775 4123 2034 4192 baptizati
2087 4127 2235 4190 esti-',

636 4222 924 4276 Christum
957 4219 1204 4273 induistis
1235 4217 1300 4270 “.
1336 4233 1354 4266 ο

2343 3388 2438 3442 τοῦ
2471 3388 2655 3454 Δαϐὶδ,
2686 3389 2768 3443 ὅτι
2799 3407 2817 3442 ι
2867 3391 3229 3463 Ἐδοκίμασας
3255 3393 3429 3463 ἡμᾶς,
3461 3394 3489 3446 ὁ
3517 3392 3662 3455 Θεὸς,
3701 3390 3866 3461 ἑπύρωο

2346 3495 2445 3545 σας
2477 3482 2622 3552 ἡμᾶς
2655 3482 2731 3545 ὡς
2762 3482 3029 3554 πυροῦται
3078 3483 3141 3537 τὸ
3189 3484 3476 3556 ἀργύριον.
3519 3505 3536 3538 ι
3567 3485 3768 3554 Φόρημα
3799 3481 3867 3552 μὲν

2343 3572 2454 3645 γὰρ
2485 3574 2598 3637 τοῖς
2649 3573 2708 3640 ἐξ
2765 3572 2975 3646 Ἀαρὼν
3021 3576 3054 3647 ἡ
3105 3578 3245 3630 κατὰ
3290 3577 3457 3646 νόμον
3493 3575 3666 3645 στολή.
3701 3575 3802 3636 Τοῖς
3823 3589 3866 3639 γι

2345 3663 2452 3734 μὴν
2490 3663 2812 3730 ἁπολέκτοις
2860 3666 2919 3718 ὲν
2962 3665 3182 3738 Χριστῷ
3227 3667 3319 3719 καὶ
3345 3667 3692 3738 τεταγμένοις
3727 3663 3791 3727 είς
3817 3662 3866 3714 ίι-

2341 3757 2602 3826 ρουργίαν
2647 3755 2852 3827 άμφιὸν
2893 3757 3010 3810 ἐστι
3055 3755 3326 3830 λαμπρὸν,
3361 3758 3682 3830 ἱεροπρεπές
3720 3772 3768 3809 τε
3804 3754 3868 3806 καὶ

2341 3848 2686 3916 ἄγιον,αύτὸς
2713 3851 2741 3902 6
2763 3850 3020 3920 Χριστός.
3052 3849 3340 3924 Τοιγάρτοι
3366 3852 3463 3906 καὶ
3492 3851 3684 3921 ἔφασκε
3709 3848 3780 3903 διὰ
3796 3845 3867 3914 τῆς

2338 3941 2432 3993 τοῦ
2473 3941 2766 4011 ψάλλοντος
2800 3941 2968 4012 λύρας
2993 3941 3020 3993 6
3052 3942 3183 4006 Θεὸς
3216 3944 3308 3996 καὶ
3339 3945 3532 4015 Πατὴρ
3573 3940 3792 4012 περὶτῆς
3824 3940 3866 4000 δὲ

2337 4030 2508 4087 ἐθνῶν
2559 4033 2888 4105 Ἐκκλησίας
2907 4048 2920 4060 ⁸
2960 4053 2978 4086 ι
3026 4034 3164 4098 Τοὺς
3193 4036 3358 4104 ἱερεῖς
3386 4035 3559 4107 αὐτῆς
3591 4032 3772 4088 ἐνδύσω
3793 4045 3865 4082 σω-

2335 4126 2561 4196 τηρίαν,
2611 4127 2705 4180 καὶ
2753 4129 2800 4180 oi
2835 4128 2971 4181 ὅσιοι
3002 4127 3174 4199 αὐτῆς
3209 4129 3533 4195 ἀγαλλιάσει
3571 4124 3865 4196 άγαλλιάσον-

2335 4233 2446 4272 ται.
2484 4235 2502 4271 ο
2537 4218 2789 4291 Σωτηρία
2810 4220 2919 4292 γὰρ
2966 4220 3128 4284 αὐτὸς
3170 4222 3197 4274 ὁ
3241 4221 3478 4291 Χριστὸς
3517 4220 3623 4274 τῶν
3648 4216 3866 4287 άγίωνὶε-

642 4311 918 4385 ςρουργῶνο
945 4309 1148 4382 ἄμφιον
1175 4308 1235 4361 τδ
1261 4307 1613 4376 ἀξιάγαστον.
1644 4304 1848 4378 μᾶλλον
1869 4304 1927 4359 δὲ
1951 4307 2045 4359 καὶ
2071 4307 2280 4377 πρέπον
2315 4309 2425 4364 τῶν
2473 4314 2936 4369 πεπιστευκότων.
2965 4333 2984 4366 ι
3023 4311 3179 4368 Ὅσοι
3205 4315 3335 4386 γὰρ,
3363 4317 3548 4386 φησιν,
3583 4315 3658 4376 είς
3685 4308 3867 4383 Χριστὸν

648 4405 1033 4476 ἐϐαπτίσθητε,
1068 4401 1302 4473 Χριστὸν
1335 4399 1680 4454 ἐνεδύσασθε.
1723 4418 1744 4451 ι

719 4500 885 4556 Vens.
917 4491 971 4554 4.
1008 4493 1083 4550 Et
1127 4504 1276 4550 erunt
1313 4494 1541 4548 Domino
1589 4489 1864 4561 offerentes
1909 4491 2232 4562 sacriﬁcium

2409 4487 2518 4544 Καὶ
2548 4487 2794 4545 ἔσονται
2822 4489 2902 4557 τῷ
2939 4491 3129 4560 Κυρίῳ
3158 4492 3571 4562 προσάπτοντες
3601 4495 3793 4547 θυσίαν
3819 4491 3867 4544 ἐν

649 4592 958 4663 injustilia.
992 4590 1056 4644 El
1080 4588 1304 4658 piaCebit
1350 4585 1576 4638 Domino
1606 4583 1929 4651 sacriﬁcium
1960 4584 2138 4651 Judu,
2184 4596 2233 4639 et

646 4683 942 4741 Jerusalem
967 4684 1100 4738 sicut
1125 4683 1235 4735 dies
1275 4677 1456 4734 attuli
1483 4688 1528 4731 et
1561 4679 1696 4730 sicut
1721 4680 1846 4730 armi
1876 4681 2095 4747 priet-es.

722 4862 939 4922 XXXV.
980 4859 1484 4925 Consecrabuntur,
1516 4858 1709 4930 inquit,
1751 4855 1860 4914 Deo
1892 4877 1907 4916 :
1951 4863 2052 4916 hoc
2089 4865 2232 4916 enim

648 4972 776 5033 puto
794 4961 896 5015 sibi
927 4955 1083 5022 velle,
1113 4943 1330 5011 tErunt
1351 4952 1460 5007 Deo
1489 4951 1799 5008 oﬁerentes.
1830 4972 1848 5007 ι
1881 4951 2234 5012 ConSeCr-abi-

649 5070 771 5111 mur
809 5042 944 5117 Deo,
984 5051 1029 5106 si
1062 5049 1295 5118 amplius
1336 5043 1492 5101 nobis
1526 5060 1632 5100 non
1665 5045 1932 5112 vivamus,
1975 5054 2030 5103 et
2060 5051 2235 5106 modis

649 5146 904 5199 omnibus
934 5141 1263 5198 charitutem
1289 5153 1416 5204 erga
1450 5137 1598 5192 illum
1631 5138 1965 5207 excolamus,
2001 5142 2236 5211 totisque

650 5239 856 5291 viribus
919 5236 1088 5303 probe
1138 5241 1398 5301 prtestare
1464 5231 1746 5299 cupiamus
1804 5246 1922 5301 qum
1968 5233 2056 5288 ille
2100 5235 2232 5291 vult.

650 5329 782 5384 Tale
805 5329 932 5397 quid
959 5327 1124 5382 etiam
1152 5324 1364 5377 divinus
1395 5321 1592 5377 Paulus
1616 5323 1679 5377 de
1709 5326 1948 5379 omnium
1984 5335 2229 5381 nostrum

652 5417 937 5477 Salvatore
959 5416 1180 5470 Christo
1213 5435 1222 5468 :
1258 5431 1275 5464 ι
1314 5409 1464 5466 Unus
1496 5411 1638 5464 enim
1668 5427 1764 5481 pro
1794 5414 2048 5468 omnibus
2080 5429 2229 5465 mor—

655 5522 777 5564 tuus
805 5518 906 5568 est.
939 5518 995 5560 ut
1031 5517 1085 5561 ct
1114 5506 1202 5574 qui
1241 5507 1427 5557 vivunt
1452 5505 1562 5572 jam
1611 5520 1714 5559 non
1751 5505 1853 5559 sibi
1891 5507 2096 5568 vivant,
2139 5506 2231 5558 Sed

654 5603 701 5656 ei
742 5603 829 5672 qui
867 5615 962 5670 pro
996 5599 1125 5668 ipsis
1160 5603 1404 5650 intortuus
1436 5604 1517 5650 est
1539 5603 1594 5649 et
1629 5598 1924 5652 resurrexit
1951 5595 2018 5650 ".
2047 5615 2069 5648 υ
2113 5596 2234 5650 Sua:

2337 4579 2717 4650 δικαιοσύνῃ.
2752 4585 2855 4638 Καὶ
2896 4582 3102 4652 (ipsaet
3137 4583 3219 4649 τῷ
3255 4584 3452 4652 Κυρίῳ
3480 4584 3658 4638 θυσία
3699 4579 3865 4642 Ἰούδα,

2338 4675 2436 4731 καί
2475 4671 2872 4746 Ἰερουσαλὴμ
2901 4675 3094 4744 καθὼς
3126 4680 3185 4731 al
3209 4675 3421 4746 ἡμέραι
3458 4676 3560 4731 τοῦ
3589 4673 3778 4741 αίῶνος
3795 4675 3864 4728 καί

2338 4764 2533 4833 καθὼς
2563 4769 2635 4821 τὰ
2663 4768 2768 4836 ἕτη
2797 4770 2869 4822 τὰ
2904 4766 3264 4838 ἔμπροσθεν.

2410 4859 2534 4913 AE’.
2590 4861 3014 4924 Ἀνακείσονται,
3075 4865 3226 4931 φησὶ,
3284 4861 3362 4932 τῷ
3602 4860 3745 4914 τοῦτο
3790 4858 3867 4925 γὰρ

2337 4951 2489 5027 οἶμαι
2516 4956 2600 5016 τὸ,
2627 4974 2645 5007 ι
2679 4954 2934 5010 Ἔσονται
2965 4956 3042 5027 τῷ
3067 4955 3258 5027 Κυρίῳ
3284 4956 3667 5027 προσάγοντες.
3701 4973 3717 5004 ι
3754 4953 3866 5004 Ἀνεο

2341 5039 2642 5117 κεισόμεθα
2692 5038 2749 5100 δὲ
2795 5043 2874 5116 τῷ
2917 5043 3058 5117 Θεῷ,
3094 5043 3295 5111 ζῶντες
3329 5045 3429 5117 μὲν
3468 5042 3673 5110 ἑαυτοῖς
3706 5044 3865 5101 οὐκέτι,

2343 5135 2731 5208 προσκείμενοι
2756 5133 2812 5189 δὲ
2836 5135 3144 5208 ὀλοτρόπως
3182 5137 3274 5189 καὶ
3308 5137 3373 5208 τῇ
3413 5137 3494 5200 είς
3516 5133 3674 5189 αὑτὸν
3704 5133 3866 5204 ἀγάπῃ.

2341 5226 2434 5278 καί⁵
2489 5226 2650 5279 παντὶ
2701 5223 2765 5296 δὴ
2818 5225 2994 5279 σθένει
3044 5226 3346 5297 κατορθοῦν
3401 5225 3660 5298 ᾑρημένοι
3697 5224 3755 5277 τὰ
3789 5221 3868 5280 τοῖς

2346 5317 2512 5380 θείοις
2558 5316 2722 5370 αὑτοῦ
2769 5316 3028 5371 δοκοῦντα
3074 5317 3359 5388 νεύμασιν.
3410 5319 3550 5389 Ἔφη
3588 5335 3640 5370 τι
3676 5312 3867 5369 τοιοῦτον

2346 5411 2440 5464 καὶ
2465 5413 2491 5463 ὁ
2523 5410 2808 5474 θεσπέσιος
2839 5409 3046 5474 Παῦλος
3088 5413 3214 5482 περὶ
3241 5411 3334 5464 τοῦ
3364 5412 3580 5466 πάντων
3609 5408 3748 5481 ἡμῶν
3785 5405 3868 5458 Σω-

2353 5507 2509 5572 τῆρος
2558 5503 2830 5574 Χριστοῦ’
2872 5523 2889 5554 ι
2928 5498 3022 5567 Εἷς
3063 5505 3170 5577 γὰρ
3202 5505 3340 5576 ὑπὲρ
3382 5505 3597 5558 πάντων
3625 5503 3865 5556 arulam.

2348 5595 2432 5647 ἵνα
2465 5597 2513 5646 oi
2562 5594 2762 5660 ζῶντες
2803 5595 2999 5668 μηκέτι
3041 5598 3249 5660 ἑαυτοῖς
3284 5596 3467 5662 ζῶσιν,
3503 5595 3633 5650 ἀλλὰ
3666 5593 3734 5662 τῷ
3762 5588 3868 5654 ὑπὲρ

757 5803 802 5834 ⁵⁸
837 5799 994 5855 Rom.
1028 5814 1102 5862 ιτ,
1129 5796 1218 5858 2|,
1248 5795 1336 5851 2'2.
1414 5795 1457 5827 ⁸⁷
1481 5793 1670 5851 Matth.
1694 5811 1775 5859 Ill,
1809 5794 1895 5850 ll.
1973 5795 2020 5827 ”
2043 5794 2172 5850 Luc.
2212 5810 2236 5847 κ

2336 5793 2422 5848 49.
2501 5793 2547 5824 ⁸⁹
2573 5791 2803 5849 Malach.
2839 5793 3008 5858 ".17.
3087 5793 3130 5828 '°
3165 5794 3539 5859 Zachardltl,
3579 5793 3627 5847 9.
3697 5790 3732 5822 "
3756 5782 3864 5840 ΡΩΙο

650 5891 773 5937 va,
816 5874 896 5925 l0.
978 5872 1020 5898 “
1049 5868 1216 5922 Levat.
1255 5883 1360 5931 xtl,
1401 5866 1486 5920 5'2.

1569 5866 1613 5897 ⁶³
1648 5865 1789 5921 Psal.
1821 5880 2006 5930 cxxxt,
2043 5867 2128 5918 lb’.
2205 5864 2248 5894 ⁸⁸
2296 5865 2470 5916 Halat.
2508 5879 2588 5926 ιιι,
2613 5863 2703 5917 ‘27.

2784 5866 2827 5895 “
2856 5865 2896 5917 ll
2932 5867 3056 5918 (int.
3097 5881 3147 5932 v,
3192 5865 3276 5922 15.
