4070 6502
203 427 307 482 557

1017 424 1569 484 COMMENTARIUS
1602 428 1668 484 IN
1710 428 2118 486 MALACHIAM
2160 425 2606 482 PROPHETAM.

3351 424 3456 479 338

203 539 380 597 αὐτῶν
408 539 730 592 ἀποθανόντι
779 537 875 593 καὶ
901 539 1200 611 ἐγερθέντι.
1245 561 1264 595 ι
1305 544 1689 616 Καταγράφων
1723 547 1779 601 δὲ
1807 575 1823 611 Α

1899 556 2062 604 iulem
2097 541 2526 603 conversationis
2562 540 2882 608 bonitatem,
2907 551 2962 596 et
2985 541 3091 596 vim
3114 554 3179 598 sc
3207 541 3455 598 virtutem

204 634 334 703 ἡμῖν
361 632 550 702 ὥσπερ
580 629 682 701 τῆς
714 629 910 684 ἑαυτοῦ
940 630 1212 696 πολιτείας
1231 634 1291 688 τὸ
1320 635 1537 699 κάλλος,
1568 639 1662 691 καὶ
1685 637 1778 692 τοῦ

201 724 342 778 κατὰ
392 722 628 795 Χριστὸν
662 723 961 795 μυστηρίου
1008 725 1108 794 τὴν
1133 724 1360 797 δύναμιν
1393 729 1612 800 ἐμφανῆ
1647 730 1782 784 καθ-

206 815 393 879 ιστάς,
425 813 534 884 ἔφη
595 813 797 868 πάλινο
842 832 861 866 ι
911 816 1132 887 Χριστῷ
1182 819 1650 892 συνεσταύρωμαι.
1699 823 1784 878 Ζῶ

199 907 260 960 δὲ
290 905 475 960 οὐκέτι
498 904 628 975 ἐγὼ,
661 906 727 977 ζῇ
754 905 810 959 δὲ
843 907 904 960 ὲν
937 907 1059 978 ἐμοὶ
1089 909 1342 981 Χριστός.
1389 913 1454 965 ’0
1485 912 1542 965 δὲ
1577 912 1670 966 νῦν
1707 912 1784 978 ζῶ

202 1002 263 1053 ὲν
290 1000 476 1070 σαρκὶ,
505 1000 562 1053 ὲν
595 1001 778 1054 πίστει
822 999 900 1064 ζῶ
925 1002 992 1071 τῇ
1030 1001 1126 1056 τοῦ
1168 1003 1297 1056 Υίοῦ
1330 1004 1487 1067 Θεοῦ.
1519 1005 1614 1059 τοῦ
1645 1009 1782 1074 ἁγα-

205 1091 476 1162 πήσαντός
503 1108 572 1162 με
607 1092 701 1146 καὶ
723 1092 1054 1164 παραδόντος
1081 1095 1273 1148 ἑαυτὸν
1302 1095 1442 1166 ὑπὲρ
1469 1097 1628 1167 ἐμοῦ.
1667 1099 1784 1152 Οὐκ

202 1183 381 1237 ἀθετῶ
403 1184 502 1255 τὴν
517 1185 674 1254 χάριν
698 1183 793 1236 τοῦ
822 1184 976 1239 Θεοῦ.
992 1203 1113 1238 ›-ι
1128 1186 1382 1240 Ἔσονται
1403 1186 1466 1259 δὴ
1487 1185 1602 1255 οὖν,
1626 1191 1780 1259 φησὶ,

204 1276 572 1346 προσάγοντες
592 1275 671 1346 τῷ
693 1275 901 1348 Κυρίῳ,
935 1295 954 1329 ι
991 1277 1257 1342 τουτέστι,
1286 1281 1397 1342 τοῖς
1426 1281 1591 1335 αὐτοῦ
1623 1282 1783 1354 θελή-

205 1383 337 1437 μασι
381 1367 782 1434 ἀνακείσονται,
827 1369 887 1422 οὐ
927 1366 999 1422 τά
1042 1367 1259 1437 ἐπίγεια
1312 1370 1665 1441 φρονοῦντες,
1720 1373 1783 1426 οὐ

201 1458 329 1521 τοὺς
351 1457 416 1510 ἐκ
436 1457 535 1528 τῆς
554 1456 770 1521 ἀδικίας
791 1456 1112 1525 ἀγαπῶντες
1147 1457 1476 1528 μολυσμοὺς,
1507 1461 1569 1513 οὐ
1595 1461 1784 1515 πλεον-

203 1548 356 1616 εξίαν
396 1547 496 1619 τὴν
534 1548 676 1603 κατά
709 1567 875 1604 τινων
909 1551 1075 1621 τιμᾷν
1101 1549 1388 1622 ᾑρημένοι,
1420 1552 1786 1623 προσάγοντες

201 1641 259 1693 δὲ
289 1639 490 1712 μᾶλλον
525 1639 712 1705 θυσίας
746 1641 1110 1713 δικαιοσύνης.
1149 1640 1258 1696 Καί
1293 1658 1384 1712 μοι
1430 1642 1577 1696 δοκεῖ
1605 1644 1786 1714 σοφῶς

202 1730 265 1802 δὴ
296 1731 420 1785 λίαν
448 1733 476 1785 ὁ
507 1731 719 1796 Παῦλος
750 1734 926 1788 εἰπεῖν
945 1751 958 1764 ·
997 1752 1015 1784 ι
1065 1734 1509 1806 Μετατιθεμένης
1538 1736 1648 1808 γὰρ
1684 1738 1786 1809 τῆς

207 1822 528 1895 ίερωσύνης,
549 1824 610 1889 ἐξ
623 1824 868 1896 ἀνάγκης
890 1824 982 1877 καὶ
1002 1825 1164 1895 νόμου
1193 1826 1479 1896 μετάθεσις
1499 1826 1730 1895 γίνεται.
1757 1847 1778 1882 ι

205 1882 647 1988 Προσίεμένγάρ
683 1882 1076 1988 οίΙὲνιθζριστῷ
1103 1882 1432 1988 κεκλημένοι
1451 1882 1781 1988 ίερουργίας,
1816 1882 1860 1942 Β

1883 637 2131 710 mysterii
2186 635 2387 692 Christi
2447 631 2845 702 quodammodo
2905 631 3064 689 nobis
3122 631 3455 693 describens.

1882 746 2097 787 rursum
2130 727 2345 799 inquit:
2390 744 2411 779 ι
2448 725 2665 782 Christo
2696 723 2939 779 conﬁxus
2982 737 3101 779 sum
3133 723 3300 776 cruci.
3329 721 3459 775 Vivo

1879 832 2067 876 autem
2088 819 2198 889 jam
2231 834 2334 874 non
2362 833 2480 887 ego,
2515 820 2649 872 vivit
2669 832 2799 871 vero
2821 815 2874 871 in
2907 830 2991 870 me
3015 812 3282 869 Christus.
3310 813 3458 878 Quod

1881 921 2063 965 autem
2107 923 2250 964 nunc
2295 909 2416 962 vivo
2459 906 2517 962 in
2554 922 2738 970 carne,
2771 906 2825 960 in
2868 905 2972 960 title
3014 903 3137 959 vivo
3182 902 3302 958 Filii
3347 901 3460 962 Dei,

1884 1002 1975 1071 qui
2009 1001 2199 1056 di!exit
2228 1015 2312 1055 me
2343 1007 2398 1055 et
2432 998 2654 1053 tradidit
2687 996 3037 1066 semetipsum
3083 1009 3180 1064 pro
3211 1008 3314 1048 nte.
3345 991 3460 1045 Non

1884 1093 2080 1159 abjicio
2133 1092 2358 1162 gratiam
2399 1091 2492 1146 Dei
2543 1092 2609 1145 “.
2645 1111 2661 1140 ι
2711 1090 2796 1143 Ait
2845 1088 3028 1160 igitur,
3090 1106 3108 1138 ι
3139 1087 3312 1140 Erunt
3355 1086 3464 1138 Deo

1885 1184 2194 1247 Oilei-entes,
2216 1202 2233 1234 ι
2278 1184 2381 1238 hoc
2407 1189 2492 1237 est
2518 1181 2636 1251 ejus
2679 1180 2943 1234 voluntati
2979 1175 3465 1236 consecrabantur.

1885 1275 1998 1330 Non
2042 1285 2254 1330 terrena
2299 1273 2576 1342 sapientes
2613 1272 2692 1338 ";
2727 1286 2834 1326 non
2871 1285 2939 1324 ex
2976 1267 3256 1336 iniquitate
3286 1265 3463 1334 inqui-

1884 1378 2139 1424 namenta
2198 1366 2520 1436 diligentes,
2596 1379 2702 1418 non
2767 1361 3093 1431 quibusdam
3155 1356 3466 1428 praecellere

1885 1460 2222 1522 aﬂ‘ectautes,
2255 1460 2348 1514 sed
2383 1455 2654 1513 sacriﬁcia
2687 1455 2866 1525 potius
2900 1453 3122 1523 justitiae
3149 1450 3462 1507 oﬂ‘erentes.

1884 1553 1962 1608 Ac
1981 1551 2107 1607 mihi
2129 1549 2346 1622 quidem
2364 1549 2764 1619 sapientissime
2778 1547 2977 1602 Paulus
2992 1546 3194 1600 dixisse
3213 1545 3461 1598 videtur:

1893 1663 1910 1696 ι
1943 1643 2226 1699 Translato
2279 1644 2422 1696 enim
2473 1641 2812 1704 sacerdotio,
2872 1637 3182 1694 necessario
3231 1649 3286 1691 et
3339 1635 3469 1704 legis

1890 1733 2172 1790 translatio
2197 1732 2342 1788 ﬁt“.
2381 1751 2400 1786 ι
2429 1731 2562 1786 Nam
2598 1733 2688 1801 qui
2714 1732 2767 1785 in
2799 1730 3024 1785 Christo
3047 1727 3224 1783 vocati
3260 1743 3468 1792 sumus,

1887 1824 2136 1896 quamvis
2176 1822 2501 1880 sacriﬁcium
2546 1837 2642 1893 per
2679 1821 2995 1891 sanguinem
3031 1829 3085 1874 et
3115 1819 3320 1873 funium
3363 1833 3466 1870 non

1888 1918 2259 1979 admittamus,
2299 1913 2466 1986 855
2497 1928 2592 1968 nec
2628 1927 2795 1978 agnos
2822 1921 2916 1965 aut
2951 1911 3133 1965 hircos
3155 1908 3478 1971 oB'eramus,

203 2003 266 2056 δι’
298 2003 549 2074 αἱμάτων
572 2006 671 2074 μὲν
697 2004 878 2058 οὐκέτι
904 2006 997 2060 καὶ
1025 2007 1270 2068 καπνῶν,
1296 2006 1418 2061 οὐτε
1448 2008 1556 2079 μὴν
1581 2010 1788 2079 ἀμνούς

1899 2019 2070 2066 tamen
2104 2009 2156 2063 in
2193 2008 2431 2062 Ecclesia
2455 2005 2746 2066 sacriﬁcio.
2771 2006 2918 2074 quod
2941 2003 2994 2058 in
3026 2001 3245 2059 Christo
3274 1995 3474 2054 intelli-

205 2093 236 2161 ἢ
282 2094 508 2164 ἐρίφους
557 2096 1000 2168 προσκομίζομεν
1050 2098 1128 2167 τῷ
1177 2097 1316 2168 Θεῷ,
1371 2097 1684 2170 πληροῦμεν
1731 2099 1788 2152 δὲ

1899 2103 2053 2174 gitur,
2089 2109 2282 2156 sancto
2304 2109 2357 2156 et
2384 2097 2650 2168 spirituali
2683 2096 2982 2167 fungimur,
3017 2105 3073 2150 et
3109 2095 3282 2164 ipsum
3318 2092 3473 2148 nobis

208 2183 412 2253 μᾶλλον
445 2187 500 2238 ὲν
549 2186 845 2260 Ἐκκλησία
883 2188 980 2259 τὴν
1019 2191 1076 2243 ὲν
1105 2189 1326 2261 Χριστῷ
1368 2190 1666 2261 νοουμένην
1699 2191 1791 2245 θυ-

1899 2194 1957 2248 ad
2020 2191 2504 2247 satictilicationem
2563 2198 2617 2243 et
2684 2187 2752 2241 ad
2815 2185 3284 2257 participationem
3350 2184 3474 2238 vita:

207 2275 355 2342 σίαν,
388 2277 488 2348 τὴν
517 2277 678 2346 ἀγίαν
711 2279 805 2332 καὶ
833 2280 1227 2351 πνευματικὴν,
1251 2282 1346 2334 καὶ
1373 2281 1534 2335 αὐτὸν
1563 2282 1790 2352 προθέν-

1899 2293 2106 2338 aeterna:
2151 2290 2534 2350 proponentes,
2570 2279 2718 2334 velut
2749 2288 3013 2348 praestans
3049 2277 3318 2347 quoddam
3354 2277 3475 2348 thy-

207 2382 295 2429 τες
344 2366 430 2429 είς
463 2367 734 2438 ἀγιασμδν
765 2368 860 2422 καὶ
895 2367 1078 2439 μέντοι
1108 2371 1202 2424 καὶ
1241 2372 1320 2435 είς
1364 2372 1663 2442 μετάληψιν
1693 2373 1791 2441 τῆς

1899 2373 2090 2428 miama
2135 2374 2400 2427 bonorum
2447 2384 2671 2438 operum
2717 2368 3044 2436 fragrantias
3070 2365 3368 2422 oti‘erimus.
3409 2365 3477 2420 Et

208 2456 283 2516 είς
308 2453 486 2513 αἰῶνα
515 2454 945 2527 ζωῆς,καθάπερ
979 2457 1253 2530 ἐξαίρετόν
1270 2477 1320 2512 τι
1348 2461 1598 2531 θυμίαμα
1613 2461 1711 2525 τὰς
1734 2461 1794 2526 ἐξ

1899 2464 2159 2535 iustitiam
2188 2461 2234 2516 ei
2265 2460 2660 2524 sacriﬁcantes,
2698 2473 2796 2514 nos
2825 2467 3079 2528 acceptos
3113 2457 3230 2512 fore
3257 2456 3476 2512 conlidi-

210 2546 393 2616 ἔργων
425 2546 644 2615 ἀγαθῶν
693 2549 1130 2620 προσκομίζομεν
1162 2551 1406 2615 εὐωδίας.
1444 2552 1553 2605 Καὶ
1575 2549 1793 2617 θύοντες

1899 2571 2036 2610 mus.
2075 2552 2348 2622 Scriptum
2384 2560 2466 2606 est
2505 2552 2650 2606 enim
2692 2570 2706 2607 ι
2761 2571 2780 2604 ι
2827 2549 3042 2606 Honora
3089 2552 3372 2606 Dominum
3411 2551 3480 2604 de

209 2635 363 2707 αὐτῷ
398 2638 494 2708 τὴν
526 2638 891 2710 δικαιοσύνην,
937 2642 1020 2694 ὃτι
1061 2641 1157 2694 καὶ
1204 2641 1442 2711 ἐσόμεθα
1483 2642 1662 2696 δεκτοὶ
1703 2659 1792 2696 τε-

1899 2646 2005 2702 tuis
2061 2645 2224 2714 justis
2275 2643 2573 2710 laboribus,
2621 2652 2676 2698 et
2715 2642 2985 2712 primitias
3042 2644 3108 2698 da
3165 2643 3213 2698 ei
3257 2643 3326 2698 de
3373 2645 3480 2696 tuis

212 2731 595 2802 θαρσήκαμεν.
622 2731 938 2803 Γέγραπται
967 2731 1096 2804 γὰρ,
1122 2734 1202 2786 ὅτι
1237 2753 1254 2786 ι
1289 2735 1436 2806 Τίμα
1467 2735 1555 2789 τὸν
1592 2736 1796 2806 Κύριον

1899 2738 2166 2794 fructibus
2198 2736 2428 2804 justitiae
2460 2737 2525 2790 ".
2563 2753 2582 2787 ι
2617 2734 2673 2790 In
2722 2733 2886 2789 nullis
2918 2734 3086 2800 enim,
3113 2733 3328 2802 opinor,
3360 2733 3481 2788 aliis

213 2820 318 2874 ἀπὸ
346 2821 460 2875 σῶν
491 2820 712 2876 δικαίων
734 2824 931 2889 πόνων,
975 2825 1068 2878 καὶ
1093 2825 1344 2896 ἀπάρχου
1371 2827 1517 2897 αὐτῷ
1549 2827 1657 2880 ἀπὸ
1688 2827 1796 2882 σῶν

1899 2846 2058 2896 quam
2081 2831 2132 2884 in
2154 2831 2270 2884 istis
2289 2828 2576 2885 sacriﬁciis
2597 2827 2970 2882 universorum
2994 2826 3136 2881 Deus
3159 2827 3479 2896 acquiescit.

215 2907 447 2977 καρπῶν
485 2906 847 2979 δικαιοσύνης.
893 2930 910 2961 ι
952 2911 1337 2982 Εὐαρεστεῐται
1384 2915 1491 2984 γὰρ
1537 2916 1636 2985 οὐχ
1682 2917 1798 2969 έτέ-

1901 2923 2082 2990 Quare
2115 2921 2181 2976 de
2217 2922 2300 2975 his
2339 2921 2433 2988 qui
2463 2920 2516 2974 in
2547 2918 2768 2974 Christo
2796 2919 2862 2973 ad
2901 2919 3267 2974 sacerdotium
3305 2919 3484 2973 vocati

217 3012 357 3064 ραις,
402 2991 575 3066 οἶμαι,
609 2996 819 3061 θυσίαις
853 2998 992 3068 πλὴν
1028 3001 1108 3054 ὅτι
1145 3001 1420 3066 τοιαύταις
1461 3005 1490 3056 ό
1521 3003 1630 3056 τῶν
1661 3004 1800 3058 ὅλων

1902 3023 2049 3080 sunt,
2075 3013 2324 3069 meliores
2343 3012 2457 3069 fore
2479 3013 2553 3066 ait
2572 3011 2842 3079 prioribus
2863 3029 2878 3078 ;
2900 3027 3007 3067 non
3031 3027 3159 3067 oves
3183 3020 3482 3067 mactautcs

213 3086 369 3150 Θεός.
407 3088 554 3159 Ἔφη
583 3086 760 3143 τοίνυν
808 3089 938 3162 περὶ
968 3090 1074 3144 τῶν
1120 3094 1178 3146 ἐν
1205 3094 1424 3164 Χριστῷ
1451 3095 1801 3166 κεκλημένων

1904 3115 1962 3160 ιιι
2004 3105 2105 3170 illi,
2137 3120 2236 3162 nec
2283 3106 2458 3160 altare
2501 3103 2938 3161 contaminantes
2986 3104 3256 3160 oblatione
3284 3119 3481 3174 panum

215 3180 292 3240 εἰς
314 3180 659 3250 ἱερουργίαν,
686 3180 760 3245 ὼς
790 3181 1046 3252 ἀμείνους
1076 3182 1284 3238 ἔσονται
1318 3185 1426 3240 τῶν
1456 3186 1707 3257 πρώτων,
1737 3187 1798 3240 οὐ

1906 3199 2262 3269 pollutarum;
2313 3199 2408 3254 sed
2451 3207 2511 3252 ut
2563 3213 2660 3267 pro
2691 3197 3060 3267 thymiamatis
3107 3197 3222 3252 sive
3251 3197 3486 3252 incensis

218 3268 704 3340 μηλοσφαγοῦντες
735 3277 854 3325 κατ’
872 3273 1134 3339 ἐκείνους,
1157 3274 1279 3328 οὔτε
1312 3277 1417 3347 μὴν
1444 3277 1799 3350 βεϐηλοῦντες

217 3362 273 3413 τὸ
306 3361 696 3433 θυσιαστήριον
733 3363 820 3416 διὰ
847 3363 907 3416 τὸ
947 3365 1243 3434 προσάγειν
1278 3364 1472 3436 ἄρτους
1503 3368 1803 3439 ὴλισγημέ-

219 3469 336 3515 νους
361 3467 378 3481 ⁸
430 3451 545 3506 ἀλλ’
576 3452 649 3516 ὡς
679 3454 735 3505 ὲν
761 3455 912 3519 τάξει
940 3453 1301 3525 θυμιαμάτων
1344 3459 1802 3530 προσκομίζοντες

219 3541 292 3612 τῷ
322 3540 447 3613 Θεῷ
499 3542 587 3614 τὴν
617 3543 961 3614 δικαιοσύνην
995 3546 1086 3598 καὶ
1120 3547 1216 3615 τῆς
1249 3547 1608 3619 εὐαγγελικῆς
1655 3549 1805 3604 πολι-

221 3633 366 3697 τείας
395 3634 494 3704 τὴν
523 3633 718 3705 νοητὴν
751 3636 1066 3705 εὐκοσμίαν.
1101 3637 1516 3709 Εὐπαράδεκτον
1547 3641 1604 3693 δὲ
1632 3640 1805 3706 οὕτως

223 3725 597 3780 ἐπιτελέσουσι
632 3729 729 3798 τὴν
760 3727 1037 3798 λατρείαν,
1080 3729 1155 3793 ὡς
1188 3731 1326 3784 κατὰ
1376 3732 1579 3802 μηδένα
1608 3735 1808 3805 τρόπον

223 3814 468 3868 ἀπωθεῖν
498 3816 667 3886 αὐτὴν
695 3817 801 3869 τῶν
833 3819 1160 3888 πρεπουσῶν
1190 3818 1388 3873 θυσιῶν
1421 3825 1542 3886 ταῖς
1570 3824 1808 3895 ἡμέραις

222 3909 312 3962 τοῦ
338 3909 560 3976 αἰῶνος,
592 3911 888 3975 τουτέστιν,
920 3914 986 3983 τῇ
1017 3911 1126 3984 ζωῇ
1157 3913 1264 3966 τῶν
1289 3916 1347 3967 ὲν
1367 3915 1611 3987 οὐρανοῖς
1637 3919 1809 3987 ἁγίων

227 4001 578 4071 πνευμάτων,
601 4001 648 4055 οἳ
671 4002 937 4073 διηνεκεῖς
958 4004 1050 4056 καὶ
1069 4005 1286 4075 μακρὰς
1313 4006 1805 4080 τρίδουσιήμέρας,

227 4093 340 4163 ἦτοι
373 4094 622 4163 χρόνους.
659 4094 1061 4164 Περισσοῦσθαι
1085 4097 1140 4150 δὲ
1165 4097 1408 4162 καὶτοὺς
1440 4101 1664 4171 χρόνους
1683 4103 1811 4167 τοὺς

233 4185 564 4257 ἔμπροσθεν,
616 4187 881 4253 τουτέστι,
935 4189 1034 4254 τὰς
1083 4190 1191 4242 τῶν
1236 4191 1406 4260 ἀγίων
1457 4192 1736 4265 λατρείας,
1756 4196 1812 4250 αἲ

240 4278 377 4333 κατά
416 4279 636 4350 χρόνους
666 4281 921 4349 γεγόνασι
952 4281 1077 4346 τοὺς
1115 4281 1442 4354 ἔμπροσθεν.
1482 4285 1674 4356 Γέγονε
1704 4288 1812 4359 γὰρ

197 4370 291 4420 ⁸ἐν
345 4370 564 4442 ὑπακοῇ
619 4373 728 4434 τοῖς
775 4372 1148 4444 ἀρχαιοτέροις
1201 4375 1566 4448 εὐδοκίμησις.
1630 4377 1814 4442 Οῦτως

243 4457 498 4530 Ἀϐραάμ
529 4459 891 4531 προσεκόμιζε
930 4462 1022 4515 τὸν
1060 4463 1174 4515 υἱὸν
1200 4463 1277 4536 τῷ
1308 4463 1446 4535 Θεῷ,
1493 4483 1513 4517 ι
1560 4467 1670 4521 Καὶ
1705 4467 1814 4521 ἐλο-

1909 3293 2017 3347 Deo
2052 3291 2316 3359 justitiam
2366 3297 2418 3345 et
2451 3289 2781 3360 evangelicae
2835 3288 3306 3352 conversationis,
3363 3301 3484 3354 qme

1907 3382 2125 3450 intelligi
2157 3382 2329 3445 magis
2360 3396 2520 3450 quam
2547 3382 2718 3437 oeulis
2740 3379 2888 3435 cerni
2915 3389 3115 3446 potest.
3149 3377 3484 3433 moderatio-

1907 3489 2028 3529 nem
2063 3472 2369 3528 oll‘ereutes.
2403 3471 2516 3538 Qua
2553 3472 2770 3542 quidem
2809 3473 3018 3527 ratione
3063 3471 3268 3526 cultum
3315 3482 3477 3524 accc»

1907 3565 2162 3636 ptabilem
2193 3562 2448 3628 etIicient,
2493 3573 2550 3617 ut
2581 3563 2728 3618 nullo
2757 3563 2920 3619 modo
2945 3563 3110 3619 distet
3138 3577 3168 3617 a
3196 3560 3495 3617 sacriﬁciis

1907 3672 2029 3725 quae
2065 3656 2258 3712 decent
2291 3656 2406 3710 dies
2447 3655 2654 3718 steculi,
2695 3656 2798 3710 hoc
2827 3663 2928 3723 est,
2962 3669 2990 3708 a
3031 3654 3142 3709 vita
3185 3654 3488 3724 caelestium

1908 3755 2327 3816 sanctorumque
2363 3744 2676 3813 spirituum,
2727 3745 2818 3814 qui
2870 3754 3160 3814 perpetuos
3200 3754 3257 3798 et
3300 3742 3491 3812 longos

1910 3838 2026 3892 dies
2063 3837 2180 3893 sive
2222 3847 2461 3906 tempora
2504 3836 2729 3914 degunt.
2769 3837 3029 3891 Reditura
3073 3837 3199 3891 item
3249 3843 3495 3900 tempora

1909 3946 2027 4001 qua:
2055 3929 2256 3984 fuerint
2289 3937 2417 3982 ante
2449 3927 2586 3992 illos,
2617 3929 2720 3983 hoc
2749 3935 2853 3992 est,
2880 3927 3060 3983 cultus
3084 3941 3149 3981 ac
3174 3925 3490 3994 religionem

1911 4035 1942 4075 a
1994 4019 2198 4074 sanctis
2250 4018 2379 4072 olim
2439 4017 2550 4073 Deo
2597 4017 2920 4074 exhibitatn.
2972 4018 3282 4071 Priscorum
3344 4017 3489 4069 enim

1913 4109 2083 4180 gloria
2122 4118 2176 4163 et
2208 4107 2495 4164 celebritas
2527 4107 2626 4161 fuit
2663 4107 2718 4162 in
2741 4107 3070 4162 obedientia.
3101 4104 3192 4160 Sic
3216 4104 3490 4159 Abraham

1913 4199 2108 4256 obtulit
2158 4199 2324 4253 tilium
2377 4199 2506 4265 Deo,
2545 4216 2564 4254 ι
2604 4198 2670 4253 Ει
2718 4209 2966 4268 reputata
3008 4206 3091 4252 est
3136 4197 3186 4252 ei
3241 4195 3376 4250 tides
3425 4195 3491 4248 ad

1909 4291 2176 4360 justitiam
2217 4291 2284 4356 '°,
2315 4310 2334 4344 ι
2369 4301 2424 4345 et
2462 4291 2670 4345 amicus
2706 4289 2800 4344 Dei
2835 4288 3136 4359 appellatus
3165 4297 3267 4342 est.
3305 4287 3394 4341 Sic
3441 4295 3496 4340 et

1915 4381 2030 4436 Noe
2063 4397 2243 4436 arcam
2294 4381 2581 4436 fabricavit
2617 4383 2682 4437 ad
2731 4381 2962 4436 salutem
3015 4383 3206 4436 domus
3255 4395 3388 4445 suae,
3438 4387 3504 4432 uti

1917 4471 2142 4526 Litteris
2183 4473 2456 4542 proditum
2495 4479 2580 4527 est
2610 4472 2675 4529 ⁷³.
2719 4491 2737 4524 ι
2769 4471 2952 4539 Itaque
2999 4471 3262 4542 placebit,
3299 4469 3507 4540 iuquil,.

233 4551 392 4622 γίσθη
428 4550 640 4622 αὐτῷή
683 4551 864 4617 πίστις
905 4555 984 4617 είς
1026 4554 1395 4626 δικαιοσύνην,
1451 4575 1470 4608 ι
1522 4557 1616 4611 καὶ
1662 4559 1813 4627 φίλος

1917 4562 2246 4618 sacriﬁcium
2273 4561 2430 4629 Juda,
2471 4564 2570 4618 hoc
2595 4571 2701 4627 est,
2737 4561 2920 4633 populi
2963 4563 3015 4616 in
3039 4562 3202 4616 corde
3223 4569 3276 4615 et
3300 4559 3494 4628 spiritu

237 4643 440 4715 ἐκλήθη
469 4641 626 4698 θεοῦ.
663 4643 820 4697 Οὐτω
865 4645 960 4698 καὶ
1009 4645 1133 4699 Νῶε
1184 4646 1553 4701 κατεσκεύασε
1592 4649 1692 4720 τὴν
1731 4668 1814 4705 κι-

237 4736 408 4789 δωτὸν
452 4737 531 4798 είς
562 4739 834 4810 σωτηρίαν
858 4736 951 4791 τοῦ
982 4737 1132 4790 οἴκου
1169 4737 1356 4804 αὐτοῦ,
1382 4737 1565 4803 καθὼς
1607 4741 1813 4810 γέγρα-

239 4846 384 4885 πται.
432 4850 449 4881 ι
499 4830 709 4885 Οὐκοῦν
736 4831 946 4902 ἀρέσει,
975 4831 1157 4902 φησιν,
1184 4832 1216 4902 ἡ
1246 4830 1404 4884 θυσία
1429 4831 1522 4884 τοῦ
1559 4832 1748 4896 Ἰούδα.
1789 4851 1808 4886 ι

239 4921 508 4985 τουτέστι,
552 4922 645 4975 τοῦ
685 4921 814 4975 λαοῦ
852 4921 954 4993 τὴν
982 4922 1040 4974 ὲν
1076 4921 1274 4993 καρδίᾳ
1310 4921 1404 4974 καὶ
1450 4921 1506 4974 ὲν
1544 4921 1817 4992 πνεύματι

1916 4655 2384 4712 circumcisionem
2410 4656 2611 4710 circum
2621 4656 2901 4711 ferentis"
2919 4671 2942 4721 ς,
2955 4655 3083 4724 quin
3101 4664 3154 4708 ct
3172 4651 3506 4714 Jerusalem,

1917 4763 2080 4817 quam
2121 4763 2272 4802 mens
2323 4747 2582 4814 intuetur,
2641 4749 2694 4803 id
2742 4757 2828 4803 est
2884 4746 3140 4802 Ecclesiae
3190 4766 3203 4800 :
3256 4745 3396 4798 sicut
3443 4752 3507 4796 ct.

1916 4840 2238 4895 sacriﬁcium
2279 4841 2670 4907 possidentium
2699 4842 2815 4896 dies
2843 4841 3064 4906 saeculi,
3097 4850 3151 4894 et
3181 4850 3505 4893 sanctorum.

1924 4931 2012 5000 qui
2047 4931 2416 4999 superioribus
2459 4932 2714 4986 :etatibus
2741 4931 2792 4986 in
2841 4932 2949 4985 vita
2999 4931 3237 4994 fuerunt,
3276 4927 3366 4996 qui
3401 4942 3511 4995 per‘

245 5014 547 5084 περιτομὴν
570 5015 980 5083 περιφέροντος,
1006 5012 1100 5066 καὶ
1132 5013 1314 5084 μέντοι
1333 5012 1432 5082 τῆς
1465 5012 1819 5086 Ἰερουσαλὴμ

1925 5021 2284 5075 obedientiam
2308 5032 2358 5076 ct
2387 5021 2546 5076 iidem
2580 5022 2691 5076 Deo
2721 5023 3061 5089 placuerunt.
3091 5021 3495 5074 Enutnerateos

242 5104 332 5172 si}.
361 5106 580 5175 νοητῆς,
615 5106 861 5160 τουτέστι
891 5106 988 5176 τῆς
1038 5103 1364 5175 Ἐκκλησίας
1385 5120 1400 5136 ·
1443 5103 1628 5168 καθὼς
1663 5106 1757 5159 καὶ
1785 5106 1820 5176 ἡ

1925 5125 2138 5180 Quoque
2164 5111 2378 5166 divinus
2408 5111 2605 5166 Paulus
2630 5112 2682 5165 in
2709 5112 2945 5177 Epistula
2979 5112 3046 5166 ad
3087 5109 3363 5174 Hebraeos,
3394 5105 3496 5159 {ide

247 5195 347 5248 τῶν
375 5198 610 5267 ἑχόντων
641 5197 736 5261 τάς
762 5197 974 5268 ἡμέρας
1001 5196 1092 5250 τοῦ
1121 5196 1334 5260 αἰῶνος,
1372 5195 1464 5248 καὶ
1488 5197 1520 5267 ἡ
1549 5195 1658 5249 τῶν
1680 5197 1821 5251 κατὰ

1928 5201 2123 5255 multos
2141 5201 2467 5269 justiﬁeatos
2497 5217 2618 5257 esse
2644 5204 2941 5258 testilicans
2967 5201 3031 5256 ".

247 5291 366 5354 τοὺς
398 5290 708 5361 ἔμπροσθεν
775 5291 996 5362 χρόνους
1059 5290 1362 5360 γεγονότων
1400 5288 1590 5358 ἀγίων,
1637 5291 1687 5345 οἳ
1755 5292 2012 5361 γεγόνασι
2057 5295 2340 5367 εὐάρεστοι
2395 5295 2462 5350 δι’
2512 5297 2758 5368 ὑπακοῆς
2793 5297 2884 5350 καὶ
2955 5296 3210 5356 πίστεως.
3278 5293 3498 5358 Ἀπαριο

249 5382 462 5453 θμεῖται
503 5383 560 5436 δὲ
605 5383 700 5436 καὶ
743 5382 964 5447 τούτους
1009 5385 1038 5437 ό
1084 5381 1365 5445 θεσπέσιος
1407 5381 1618 5446 Παῦλος
1665 5385 1722 5437 ὲν
1750 5387 1820 5456 τῇ
1857 5385 1991 5456 πρὸς
2031 5386 2311 5460 Ἐϐραίους
2350 5390 2660 5460 Ἐπιστολῇ,
2730 5387 2907 5442 πίστει
2964 5386 3134 5440 λέγων
3160 5382 3495 5438 δικαιοῦσθαι

253 5475 476 5537 πολλούς

322 5564 431 5619 Kal
461 5563 742 5631 ,τροσάξω
774 5567 920 5635 πρὸς
955 5565 1104 5635 ὑμᾶς
1144 5565 1212 5618 ἐν
1236 5568 1450 5634 κρίσει,
1483 5569 1580 5622 καὶ
1613 5567 1824 5639 ἔσομαι

351 5761 572 5834 ξϐυίιιι.
603 5781 660 5827 ιι,
699 5763 876 5826 19,9l.
955 5765 1008 5834 "7
1036 5764 1264 5834 Philipp.
1299 5781 1378 5830 ιιι,
1414 5764 1491 5819 19.

259 5829 297 5859 ⁷⁸
333 5831 466 5886 Gen.
515 5836 568 5900 ti,
609 5836 623 5887 l
689 5851 839 5904 seqq.
914 5836 959 5867 τ’
992 5833 1148 5890 Roth.
1179 5829 1240 5889 it.
1285 5829 1374 5889 9.9.

1575 5767 1616 5796 “'
1653 5764 1810 5818 ΙΙ‹·Ιιι·.
1843 5783 1932 5824 vn.
1974 5768 2052 5819 l2.

1452 5836 1494 5866 ⁷³
1534 5834 1693 5890 Hebr.
1739 5853 1811 5900 λι,
1853 5837 1895 5901 Ι,
1931 5838 2014 5892 ἆυ.

2005 5568 2165 5624 Vens.
2213 5569 2266 5625 5.
2316 5569 2382 5624 Et
2430 5571 2674 5626 accedam
2719 5570 2786 5623 ad
2824 5585 2908 5623 vos
2959 5569 3011 5620 iu
3047 5567 3274 5636 juatcto,
3321 5577 3367 5620 et
3408 5582 3496 5621 ero

2159 5769 2200 5797 ,ρ
2230 5765 2388 5822 pro“
2425 5781 2504 5831 ,μ’
2539 5768 2587 5820 9.
2670 5767 2711 5797 γο
2742 5766 2876 5822 cm.
2913 5781 2996 5830 xv,
3026 5765 3093 5831 6;
3124 5763 3298 5818 Galat.
3336 5780 3409 5830 ιιι,
3442 5763 3494 5817 ὃ.
