4070 6534
681 429 793 489 539
1516 462 1519 465 ν
1716 427 1775 482 S.
1814 422 2090 484 CYRILLI
2129 421 2288 480 ALEJ

2258 421 2601 477 iXANDRlNl
2640 416 2962 475 ARCHIEP.
3087 412 3092 419 ’
3792 420 3865 476 τιιο

687 548 836 603 testis
861 546 1011 603 uelox
1032 562 1187 617 super
1209 547 1468 617 veneﬁcis,
1489 555 1536 602 et
1561 563 1717 613 super
1738 546 2028 611 adulteras,
2051 551 2099 597 et
2117 556 2272 609 super

2259 556 2272 580 ρ
2299 545 2343 601 Α
2369 539 2602 610 μάρτυς
2646 536 2834 606 ταχὺς
2876 532 2977 587 ἐπὶ
3025 530 3131 598 τὰς
3159 528 3526 601 φαρμακοὺς,
3571 530 3656 583 καὶ
3683 530 3762 585 ἐπὶ
3792 536 3866 602 τὰς

662 654 775 693 ισοι
805 639 897 711 qni
917 639 1107 709 jurant
1128 640 1183 693 in
1217 641 1424 694 nomine
1448 654 1561 692 meo
1597 638 1656 691 in
1692 635 1986 697 mendacio,
2029 642 2077 687 et
2112 645 2268 700 super

2258 645 2268 657 .
2354 625 2743 699 μοιχαλίδας,
2778 624 2879 679 καὶ
2915 622 3015 677 ἐπὶ
3044 622 3187 688 τοὺς
3218 620 3546 690 ὀμνύοντας
3580 619 3655 685 τῷ
3682 623 3865 693 ὀνόματι

685 746 773 784 eos
818 731 911 802 qui
953 732 1157 799 privent
1191 732 1425 786 mercede
1453 730 1856 794 mercenarium,
1896 735 1943 782 et
1974 724 2064 795 qui
2092 722 2269 793 oppri-

2259 749 2269 763 -
2360 738 2481 792 μου
2512 719 2613 773 ἐπὶ
2641 716 2871 788 ψεύδει,
2906 715 3003 770 καὶ
3029 713 3127 769 ἐπὶ
3168 712 3311 779 τοὺς
3340 711 3782 780 ἀποστεροῦντας
3802 735 3866 784 μι.

685 834 834 877 munt
868 840 963 893 per
991 826 1253 894 potentias
1290 826 1519 889 viduam,
1552 834 1600 879 et
1637 824 1729 895 qui
1769 838 1943 894 pugno
1966 822 2266 893 percutiunt

2258 827 2266 872 ι
2365 810 2535 867 σθὸν·
2572 807 2878 881 μισθωτοῦ
2900 849 2916 876 ,
2967 806 3068 862 καὶ
3119 803 3264 870 τοὺς
3315 801 3865 874 καταδυναστεύογτας

684 916 936 984 pupillos,
973 927 1021 972 et
1050 920 1140 989 qui
1175 929 1471 989 pervertunt
1509 894 1776 989 judicium
1815 917 2051 978 aduente,
2098 912 2265 986 855

2260 914 2265 973 μ
2366 903 2589 975 χήραν,
2631 901 2729 956 καὶ
2772 900 2916 967 τοὺς
2966 895 3428 960 κονδυλίζοντας
3474 894 3762 963 ὀρφανοὺς,
3797 900 3867 952 καί

683 1016 733 1062 et
755 1008 845 1080 qui
868 1025 972 1064 non
993 1010 1171 1065 timent
1197 1027 1297 1078 me,
1322 1011 1447 1064 dicit
1476 1010 1729 1067 Dominus
1754 1010 2098 1079 omnipotens.

2364 996 2507 1062 τοὺς
2536 994 2937 1058 ἐκκλίνοντος
2964 991 3170 1060 κρίσιν
3206 988 3607 1058 προσηλύτου,
3648 989 3731 1041 καὶ
3766 991 3866 1056 τοὺς

1100 1132 1103 1133 ν
2359 1088 2446 1159 μὴ
2492 1087 2903 1157 φοϐουμένους
2929 1099 3026 1154 με,
3060 1082 3225 1153 λέγει
3261 1081 3475 1149 Κύριος
3501 1079 3864 1148 παντοκράτωρ.
3897 1087 3924 1123 ο

663 1216 671 1223 ο
755 1182 999 1242 XXXVI.
1037 1184 1104 1242 Et
1142 1186 1257 1243 hac
1302 1186 1688 1243 convenienter
1728 1200 1896 1256 scopo
1943 1198 2124 1239 rerum
2177 1182 2265 1239 di-

2259 1212 2265 1224 ι
2346 1218 2353 1227 -
2437 1181 2578 1248 AG".
2627 1179 2786 1235 Κατὰ
2819 1177 3023 1232 σκοπὸν
3076 1175 3185 1230 τῶν
3225 1175 3561 1248 πραγμάτων
3612 1172 3790 1244 πρόεισι
3824 1176 3866 1246 δὴ

684 1285 905 1333 cuntur.
925 1278 1020 1335 Sic
1047 1278 1190 1334 enim
1228 1277 1589 1349 loquebantur
1623 1276 1936 1346 ignorantes
1960 1272 2260 1330 lsraelitae:

2259 1297 2260 1324 :
2365 1271 2529 1325 πάλιν
2550 1272 2644 1325 καὶ
2668 1273 2727 1325 ἐν
2756 1270 2967 1334 τούτοις
2987 1270 3121 1340 ἡμῖν
3151 1270 3179 1322 6
3199 1265 3377 1336 λόγος.
3406 1265 3668 1329 Ἐφασκον
3694 1266 3774 1335 μὲν
3793 1267 3866 1335 γὰρ

688 1388 709 1421 ι
740 1369 931 1427 Omnis
976 1371 1066 1441 qui
1105 1371 1236 1425 facit
1268 1370 1499 1433 malum,
1533 1371 1731 1425 bonum
1764 1379 1848 1425 est
1892 1382 2077 1423 coram
2121 1367 2262 1436 ipso,

2258 1408 2262 1428 ,
2363 1362 2763 1434 άμαθαίνοντες
2799 1362 2849 1415 οἱ
2894 1361 2952 1427 ἐξ
2994 1359 3229 1431 Ἰσραήλ·
3268 1379 3287 1411 ι
3325 1359 3442 1421 Πᾶς
3490 1357 3648 1411 ποιῶν
3673 1358 3865 1429 πονηρὸν,

682 1470 737 1516 et
776 1462 829 1517 in
875 1463 1007 1532 ipsis
1054 1463 1169 1534 ipse
1202 1463 1528 1532 complacuit
1580 1463 1705 1519 sibi.
1752 1461 1819 1515 Et
1856 1460 1943 1517 ubi
1990 1471 2075 1515 est
2118 1460 2264 1515 Dens

2262 1495 2264 1510 .
2365 1456 2459 1510 καὶ
2486 1454 2652 1509 καλὸν
2683 1456 2916 1509 ἐνώπιον
2939 1451 3126 1515 αὑτοῦ,
3158 1454 3255 1506 καὶ
3298 1451 3356 1505 ἐν
3400 1452 3579 1513 αὐτοῖς
3605 1451 3743 1514 αὐτὸς
3760 1452 3869 1521 quid-

666 1552 902 1621 iustitiae
924 1554 1009 1608 7"?
1032 1574 1051 1607 ι
1084 1554 1213 1622 Quae
1241 1556 1458 1610 occasio
1487 1554 1648 1622 huius
1694 1553 1849 1609 verbi
1883 1561 1991 1609 tam
2021 1552 2261 1623 protervi

2364 1564 2524 1620 κησε.
2559 1547 2672 1602 Καὶ
2704 1545 2805 1600 ποῦ
2846 1544 2994 1600 ἔστιν
3023 1548 3052 1599 6
3078 1544 3211 1607 Θεὸς
3260 1542 3361 1613 τῆς
3392 1540 3868 1611 δικαιοσύνηςςιΚαὶ

681 1643 865 1709 fuerit,
889 1645 999 1716 jam
1034 1646 1424 1717 explicavimus
1454 1664 1467 1701 :
1500 1645 1852 1700 nihilominus
1880 1645 2058 1698 denuo
2090 1641 2263 1712 expli-

2259 1672 2263 1683 -
2363 1641 2517 1711 τίςή
2572 1639 2848 1711 πρόφασις
2907 1638 3009 1708 τῆς
3073 1637 3217 1691 οὕτω
3286 1635 3467 1705 δεινῆς
3526 1632 3866 1705 ἀθυροστομίας,

678 1736 947 1791 cabimus.
978 1735 1111 1791 Cum
1139 1736 1452 1791 sacerdotes
1482 1734 1700 1805 quidam
1730 1744 1783 1790 et
1816 1733 1907 1803 qui
1937 1731 2264 1789 claritudine

2261 1754 2264 1780 ι
2364 1734 2583 1806 εἴρηται
2618 1733 2717 1803 μὲν
2744 1732 2868 1804 ήδη·
2901 1731 3043 1801 πλὴν
3071 1730 3354 1801 εἰρήσεται
3378 1726 3558 1782 πάλιν.
3591 1725 3775 1797 Ἐπειδὴ
3797 1729 3868 1796 γὰρ

678 1828 947 1884 honorum
993 1829 1228 1900 fastigiis
1271 1844 1433 1895 supra
1463 1828 1596 1883 alios
1632 1826 1967 1891 eminebant,
2008 1807 2262 1881 licentius

2294 1896 2329 1900 _
2365 1826 2693 1897 ἀφυλάκτως
2722 1824 2868 1888 τινές
2890 1823 3000 1878 τῶν
3030 1820 3353 1894 ἱερουργῶν,
3390 1820 3485 1874 καὶ
3517 1818 3683 1889 μέντοι
3709 1817 3795 1870 τῶν
3809 1818 3870 1872 άλ-

664 1921 747 1976 νιιΙ
788 1935 951 1977 omne
989 1936 1159 1993 genus
1207 1921 1582 1992 perVersilatis
1624 1930 1679 1975 et
1719 1920 1958 1975 audacia:
2006 1933 2125 1974 sese
2161 1919 2262 1974 da-

2293 1896 2338 1955 B
2367 1896 2494 1981 λων,
2528 1918 2577 1970 οἳ
2627 1914 3039 1984 διαφανέστεροι
3096 1929 3156 1965 τε
3190 1908 3331 1982 ἦσαν
3359 1910 3458 1964 καὶ
3498 1912 3613 1972 ταῖς
3642 1908 3869 1970 άνωτάταις

679 2023 833 2076 rent.
878 2023 935 2070 et
967 2016 1244 2072 videretur
1291 2014 1431 2070 Deus
1472 2014 1591 2084 plus
1628 2028 1786 2083 zequo
1820 2027 1947 2083 erga
1995 2013 2116 2068 illos
2164 2028 2262 2082 pa-

2363 2012 2552 2082 τιμαῖς
2584 2007 2978 2081 ἐμπρέποντες,
3030 2005 3125 2058 ἐπὶ
3174 2004 3353 2058 πάντα
3382 2002 3579 2075 τρόπον
3626 2002 3871 2071 σκαιότητος

678 2108 823 2164 tiens
848 2106 973 2179 (est
1004 2109 1149 2163 enim
1188 2110 1382 2171 bonus.
1424 2108 1686 2172 clemens,
1729 2114 1784 2161 et
1829 2105 1986 2171 lenis,
2017 2114 2073 2161 et
2114 2103 2265 2159 beni-

2260 2133 2265 2144 -
2366 2103 2459 2157 καὶ
2498 2099 2916 2172 ἐγχειρημάτων
2966 2097 3138 2167 ᾔεσαν
3157 2137 3171 2161 ,
3204 2096 3459 2166 ἐφαίνετο
3485 2094 3540 2148 δέ
3570 2094 3699 2166 πέρα
3724 2093 3867 2165 μέτρου

678 2197 876 2267 gnus),
930 2198 1050 2253 ideo
1096 2198 1318 2268 quidam
1371 2212 1600 2252 sttmmte
1649 2195 2044 2267 desperationis
2098 2198 2262 2251 verba

2261 2244 2262 2247 η
2364 2193 2499 2257 Θεὸς
2552 2191 2951 2262 άνεξικακήσας
2987 2190 3173 2252 αὐτοῖς
3220 2186 3373 2259 (ἐστι
3403 2188 3511 2258 γὰρ
3546 2186 3741 2254 ἀγαθὸς,
3774 2203 3868 2257 χρη-

677 2284 1015 2342 eﬂutiebant.
1042 2287 1310 2342 Caeterum
1350 2287 1642 2357 aliquando
1682 2287 1992 2341 sacerdotes
2031 2285 2145 2341 fore
2181 2286 2263 2340 in-

2367 2286 2510 2351 στδς,
2546 2286 2641 2338 καὶ
2688 2282 2957 2353 ἐπιεικὴς,
3016 2280 3113 2336 κοι“ι⁹
3159 2278 3605 2351 φιλάνθρωπος),
3655 2277 3793 2348 ταύτῃ
3816 2294 3870 2331 τοι

680 2377 977 2446 tegriores,
1014 2386 1412 2436 transmutante
1461 2395 1556 2435 eos
1594 2379 1811 2435 Christo
1858 2379 1911 2434 in
1964 2380 2262 2435 novitatem

2261 2423 2262 2432 η
2364 2378 2509 2441 τινὲς
2524 2378 2650 2440 τοὺς
2678 2375 2736 2443 ἐξ
2763 2374 3002 2447 ἀκράτου
3032 2372 3400 2445 μικροψυχίας
3420 2370 3699 2443 ὴρεύγοντο
3716 2369 3868 2439 λόγους.

680 2471 826 2537 vitm,
856 2479 914 2524 et
944 2471 1014 2524 ad
1059 2471 1406 2541 disciplinam
1450 2472 1733 2528 honestam
1778 2482 1832 2526 et
1861 2472 1927 2525 ad
1975 2485 2155 2527 mores
2185 2472 2265 2526 vi-

2263 2501 2265 2509 ι
2378 2469 2517 2523 Ἀλλ’
2550 2469 2633 2522 ὅτι
2670 2467 2771 2538 μὲν
2797 2464 2948 2518 ἔσται
2994 2464 3136 2519 κατά
3173 2465 3401 2535 καιροὺς
3451 2462 3798 2533 μεταφοίτησις
3820 2460 3870 2523 εἱς

678 2566 900 2627 tamque
943 2558 1268 2615 laudabilem
1310 2560 1695 2624 transferente,
1742 2560 1977 2615 dilucide
2020 2575 2264 2616 comme-

2364 2561 2423 2617 τὸ
2455 2561 2676 2632 ἄμεινον
2730 2557 2840 2611 τῶν
2897 2556 3248 2628 τεταγμένων
3290 2556 3371 2619 εἰς
3428 2554 3731 2627 ἱερουργίαν,
3759 2569 3871 2623 μετα-

678 2657 879 2707 morat.
906 2649 1158 2707 Asseclas
1200 2661 1381 2705 autem
1416 2650 1670 2721 nequitia:
1711 2661 1837 2706 tunc
1871 2665 1975 2706 non
2019 2661 2266 2721 receptu-

2263 2682 2266 2692 ι
2364 2654 2691 2716 πλάττοντος
2724 2651 2921 2715 αὐτοὺς
2950 2650 3031 2714 εἰς
3069 2648 3366 2719 καινότητα
3399 2646 3543 2715 ζωῆς
3564 2643 3652 2699 τοῦ
3677 2643 3870 2716 Χριστοῦ.

679 2755 831 2805 rum,
876 2755 977 2796 uec
1024 2740 1273 2797 laudibus
1319 2742 1694 2812 digualurum,
1728 2753 1824 2797 aut
1863 2756 2051 2799 eorum
2091 2743 2261 2798 ratio-

2364 2747 2457 2800 καὶ
2492 2743 2875 2817 μετατιθέντος
2911 2743 2991 2805 εἰς
3014 2740 3315 2811 εὐκοσμίαν
3342 2740 3444 2794 καὶ
3470 2740 3548 2803 εἰς
3570 2738 3745 2792 εὐκλεᾶ
3766 2735 3871 2789 πολι-

678 2844 803 2884 nem
848 2830 1153 2887 habiturum
1183 2850 1199 2887 :
1228 2833 1357 2903 quin
1395 2833 1761 2903 judicaturum
1803 2835 2003 2905 potius,
2048 2845 2105 2891 ct
2140 2837 2265 2891 vitae

2363 2837 2511 2893 τείαν
2540 2837 2633 2891 καὶ
2659 2834 2822 2907 ζωὴν,
2849 2834 3262 2906 διαμεμήνυκεν
3288 2831 3557 2904 ἐναργῶς.
3586 2832 3695 2884 Ὅτι
3727 2829 3772 2883 δέ
3788 2829 3872 2890 τοὺς

676 2936 961 2993 perperam
1008 2934 1146 2979 actae
1205 2938 1392 2994 ptenas
1448 2934 1802 2991 exacturum,
1852 2926 2093 2982 declarat
2139 2940 2261 2981 cum

2363 2931 2463 3001 τῆς
2487 2929 2819 3001 φαυλότητος
2857 2926 3215 2997 ἐπιτηδευτάς
3248 2926 3347 2980 οὐκ
3375 2926 3445 2979 ἂν
3475 2922 3756 2991 ἀποδέξοιτο
3776 2923 3872 2983 τότε.

660 3013 814 3071 dicit
839 3032 853 3046 -
888 3032 910 3069 ι
939 3014 1007 3071 Ει
1036 3018 1290 3071 accedam
1322 3016 1389 3071 ad
1438 3031 1533 3072 vos
1589 3016 1640 3071 in
1685 3015 1912 3087 judicio,
1940 3036 1958 3069 ι
1996 3018 2101 3072 ιιοο
2145 3026 2260 3083 est,

2362 3023 2473 3077 οὐδ’
2516 3021 2583 3075 ἂν
2633 3018 2919 3087 ἀξιώσειεν
2953 3018 3192 3072 ἐπαίνων
3240 3035 3300 3071 τε
3326 3018 3426 3071 καὶ
3474 3016 3645 3087 λόγου,
3688 3012 3872 3085 κρινείδὲ

671 3105 836 3175 iudex
865 3107 1143 3173 accedam,
1182 3125 1201 3160 ι
1233 3108 1299 3164 Ει
1332 3122 1433 3164 ero
1464 3108 1621 3164 testis
1659 3108 1837 3177 velox,
1863 3127 1882 3162 ι
1917 3119 2113 3181 sponte
2139 3124 2260 3166 mea

2367 3114 2565 3187 μᾶλλον
2594 3112 2813 3177 αὐτοὺς,
2833 3110 2929 3166 καὶ
2959 3109 3066 3164 τῶν
3095 3108 3339 3174 ἐκτόπως
3368 3108 3703 3180 βεϐιωμένων
3724 3105 3874 3176 ὲξαιτή·

674 3209 733 3255 et
780 3213 811 3253 a
860 3199 1079 3256 nemine
1133 3199 1453 3256 advocatus.
1503 3198 1781 3270 Improbos
1820 3201 1965 3257 enim
2007 3203 2076 3257 ad
2126 3216 2258 3272 sup-

2287 3241 2329 3301 C
2365 3223 2446 3260 σει
2507 3206 2679 3269 δίκας,
2716 3204 2996 3275 διατρανοῖ
3029 3200 3224 3270 λέγων’
3292 3220 3310 3253 ι
3347 3202 3464 3255 Καὶ
3515 3199 3746 3273 προσάξω
3780 3198 3872 3301 πρὸς

672 3291 847 3362 plicia,
870 3293 1142 3371 sententia
1191 3308 1309 3349 mea
1343 3294 1736 3350 condemnabo.
1769 3294 1835 3351 Et
1866 3294 2131 3364 judicium
2164 3312 2258 3353 su-

2291 3288 2328 3301 ν
2363 3298 2509 3370 ὑμᾶς
2536 3299 2595 3350 ἐν
2629 3295 2845 3367 κρίσει,
2874 3314 2891 3346 ι
2926 3294 3225 3359 τουτέστιν,
3250 3292 3325 3357 ὡς
3356 3293 3554 3366 κριτὴς
3585 3288 3873 3364 προσενεχθή-

671 3397 771 3451 per
797 3383 932 3453 ipsis
964 3382 1259 3454 proferam,
1293 3400 1398 3441 non
1436 3386 1543 3441 alio
1584 3386 1838 3455 quopiam
1882 3399 2071 3442 eorum
2123 3386 2256 3442 vitia

2363 3408 2547 3461 σομαι,
2586 3408 2604 3441 ‹
2645 3390 2739 3443 καὶ
2761 3388 2954 3459 ἔσομαι
3001 3388 3212 3461 μάρτυς
3256 3390 3452 3459 ταχὺς,
3490 3408 3509 3441 ι
3538 3386 3793 3458 αὐτόμολος
3813 3385 3875 3453 δη-

672 3477 1003 3547 ιιοιοιειιιοε
1040 3476 1135 3533 sed
1172 3478 1354 3533 sciens
1388 3477 1512 3543 illa,
1556 3487 1617 3532 ut
1654 3477 1819 3545 Deus,
1875 3478 2166 3534 manifesta
2203 3488 2259 3536 et

2360 3483 2533 3538 λονότι
2560 3482 2654 3537 καὶ⁴
2706 3482 2796 3537 ὑπ’
2821 3482 3036 3545 οὐδενὸς
3072 3482 3437 3552 κεκλημένος.
3490 3477 3873 3551 Καταψηφιοῦμαι

668 3567 908 3631 occulta,
948 3575 1004 3623 et
1041 3568 1172 3624 hinc
1218 3568 1439 3624 cuilibet
1492 3568 1761 3625 scelerum
1809 3584 2031 3627 suorum
2080 3571 2253 3627 testis.

2360 3574 2471 3646 γὰρ
2507 3574 2615 3628 τῶν
2662 3572 2915 3646 πονηρῶν
2941 3573 3038 3645 τὴν
3092 3573 3266 3645 δίκην.
3298 3575 3413 3627 Καὶ
3447 3574 3507 3627 τὸ
3539 3575 3629 3645 μέν
3654 3573 3728 3626 ἐπ’
3748 3571 3874 3630 αὐτοῖς

669 3662 874 3717 Paulus
917 3676 1132 3733 quoque
1168 3662 1358 3718 scribit
1409 3661 1699 3733 aliquando
1750 3661 2159 3719 manifestatum
2191 3663 2257 3718 iri

2360 3668 2554 3734 ἐξοίσω
2575 3665 2635 3719 τὺ
2666 3669 2861 3737 κρῖμα,
2885 3665 2983 3736 οὐχ
3015 3666 3204 3737 ἐτέρου
3234 3666 3379 3729 τινος
3401 3666 3474 3720 τά
3497 3668 3552 3719 ἐν
3574 3665 3738 3725 αὐτοῖς
3761 3662 3872 3728 ἐγκα-

670 3762 800 3810 ante
836 3755 1077 3810 tribunal
1112 3754 1313 3825 judicis
1354 3756 1608 3810 mortales
1653 3770 1750 3826 per
1795 3755 1985 3811 orbem
2033 3758 2265 3811 univer~

2360 3757 2675 3821 λύπτοντος,
2706 3755 2821 3809 ἀλλ’
2856 3754 3032 3820 εἰδὼς,
3063 3755 3137 3821 ὡς
3191 3756 3342 3820 Θεὸς.
3376 3756 3595 3828 ἐμφανῆ
3619 3772 3672 3807 τε
3716 3751 3791 3805 καὶ
3814 3764 3874 3801 κε-

670 3862 764 3904 sos
784 3849 853 3915 ⁷⁸,
899 3849 1132 3905 invicem
1179 3866 1198 3901 ι
1233 3849 1654 3919 cogitationibus
1708 3850 2117 3917 accusantibus,
2163 3860 2257 3906 aut

2360 3850 2675 3922 κρυμμένα,
2713 3848 2809 3903 κα)⁸
2866 3847 2954 3902 διὰ
2999 3848 3095 3901 τοῦ
3160 3849 3468 3912 συνειδότος
3516 3841 3875 3916 καταμαρτυρῶν

667 3940 835 3997 etiam
870 3940 1309 4009 defendentibus,
1351 3944 1401 3997 in
1435 3944 1522 4000 die
1558 3960 1664 4015 qua
1703 3943 1969 4014 jndicabit
1997 3944 2141 3998 Deus
2168 3960 2260 4002 oc-

2361 3945 2592 3998 ἐκάστου
2623 3941 2731 3995 τῶν
2761 3940 3182 4012 ἡμαρτηκότων.
3213 3942 3355 4012 Ἔφη
3380 3941 3439 3995 δέ
3467 3959 3567 3994 που
3588 3940 3675 3994 καὶ
3703 3932 3876 3991 6053a!-

668 4032 812 4088 culta
854 4033 1159 4103 hominum,
1190 4036 1485 4090 secundum
1528 4036 1910 4106 Evangelium,
1944 4040 2045 4106 per
2071 4036 2256 4095 Jesum

2360 4056 2475 4103 σιος
2510 4036 2743 4100 Παῦλος,
2783 4033 3232 4107 παραστήσεσθαι
3262 4033 3403 4086 κατά
3439 4032 3657 4103 καιροὺς
3677 4028 3744 4100 τῷ
3762 4026 3874 4096 κριτῇ

666 4122 944 4180 Christum
970 4123 1039 4179 ".
1071 4142 1091 4177 ι
1144 4125 1419 4196 Perpende
1465 4128 1737 4195 quomodo
1783 4128 1986 4197 quique
2023 4128 2255 4193 occulte,

2357 4128 2484 4189 τοὺς
2508 4127 2612 4179 ἀνὰ
2635 4126 2817 4179 πᾶσαν
2850 4123 2949 4191 τὴν
2996 4125 3118 4193 γῆν,
3163 4123 3365 4193 μεταξὺ
3400 4121 3641 4192 ἀλλήλων
3671 4138 3688 4172 ι
3714 4118 3800 4171 τῶν
3817 4114 3875 4166 λο-

664 4216 867 4286 quiquc
907 4213 1196 4272 manifeste
1242 4223 1639 4286 peccaverunt,
1680 4217 1733 4271 in
1774 4217 2039 4285 judicium
2087 4220 2259 4275 addu-

2359 4216 2574 4288 γισμῶν
2631 4213 3107 4287 κατηγορούντων,
3164 4213 3196 4284 ἢ
3251 4212 3346 4265 καὶ
3394 4209 3812 4281 ἀπολογουμένων
3839 4205 3876 4257 ὲν

666 4318 813 4364 ctum
851 4308 917 4364 iri
957 4317 1205 4365 testatur.
1234 4308 1477 4364 Primum
1518 4310 1735 4379 quidem
1773 4311 2043 4367 veneﬁcas
2075 4320 2130 4368 et
2160 4312 2257 4368 ad-

2358 4310 2542 4382 ήμέρᾳ
2633 4309 2813 4379 κρινεῖ
2866 4310 2894 4362 6
2934 4306 3066 4371 Θεὸς
3117 4306 3185 4360 τά
3216 4304 3442 4377 κρυπτὰ
3485 4306 3590 4359 τῶν
3618 4299 3873 4376 ἀνθρώπων

665 4399 874 4454 ulteras
918 4399 1184 4455 nominat.
1220 4398 1425 4457 Deinde
1472 4399 1720 4470 iurantes
1756 4402 1808 4456 in
1840 4403 2126 4459 mendacio
2157 4419 2253 4461 seu

2360 4400 2502 4455 κατὰ
2550 4401 2612 4453 τὸ
2663 4399 2997 4469 Εὐαγγέλιόν
3044 4417 3170 4469 μου,
3228 4397 3317 4452 διὰ
3380 4397 3557 4470 Ἰησοῦ
3619 4390 3872 4465 Χριστοῦ.)

666 4488 935 4560 periuros.
962 4488 1069 4545 Ista
1101 4489 1315 4547 occulta
1343 4502 1469 4549 sunt
1497 4501 1551 4548 et
1583 4492 1720 4548 clam
1758 4503 2087 4564 perpetrata.
2120 4494 2253 4561 Quis

2362 4488 2554 4561 ’Λθρει
2581 4488 2638 4542 δέ
2666 4489 2815 4552 ὅπως
2839 4487 2965 4551 τούς
2996 4505 3053 4541 τε
3109 4486 3177 4541 τὰ
3223 4486 3445 4559 κρυπτὰ
3473 4487 3566 4541 καὶ
3603 4481 3790 4557 ἐμφανῆ
3814 4493 3877 4530 πε-

664 4580 813 4636 enim
861 4581 1076 4637 tandem
1123 4582 1302 4653 palam
1338 4584 1599 4639 venalicia
1652 4585 1941 4641 exerceat?
1986 4595 2078 4640 aut
2114 4601 2251 4656 quo-

2359 4581 2825 4653 πλημμεληκότας
2867 4579 3373 4653 παρενεχθήσεσθαι
3404 4597 3570 4652 φησιν
3609 4580 3679 4642 εἰς
3726 4574 3874 4645 κρίσιν.

666 4674 829 4728 modo
869 4673 1195 4730 adulterium
1219 4676 1568 4732 committens
1600 4677 1768 4748 aspici
1812 4677 1879 4731 ab
1914 4675 2096 4747 aliquo
2127 4692 2250 4731 sus-

2282 4676 2329 4737 D
2361 4672 2591 4745 Πρώτας
2632 4674 2730 4742 μὲν
2753 4671 2861 4740 γάρ
2895 4671 3148 4742 ὀνομάζει
3198 4670 3525 4742 φαρμακοὺς
3560 4670 3651 4723 καὶ
3696 4659 3878 4737 μοιχαλί-

665 4763 878 4819 tinent?
910 4764 1173 4821 Existimo
1232 4776 1413 4822 autem
1472 4768 1636 4824 etiam
1690 4780 1997 4838 pejorantes
2063 4769 2251 4823 conari

2360 4765 2488 4829 δας,
2516 4763 2634 4819 εἶτα
2658 4765 2785 4828 τοὺς
2816 4762 3117 4835 ὀμνύοντας
3173 4762 3267 4815 ἐπὶ
3325 4761 3534 4831 ψεύδει.
3574 4754 3878 4832 Κεκρυμμένα

663 4854 855 4911 latere.
884 4856 1043 4913 Tales
1076 4866 1137 4912 ut
1167 4858 1365 4916 stultos
1415 4859 1767 4930 reprehendit
1803 4861 1993 4916 beatus
2036 4860 2200 4915 David
2236 4880 2248 4914 :

2359 4856 2614 4911 δὲταῦτα
2637 4857 2730 4910 καὶ
2771 4855 3075 4927 λεληθότως
3127 4854 3402 4927 δρώμενα.
3430 4855 3527 4918 Τὶς
3566 4853 3668 4924 γὰρ
3693 4852 3750 4905 ἂν
3782 4847 3878 4906 ὅλως

669 4967 689 5002 ι
712 4949 1015 5021 Intelligite,
1041 4951 1358 5021 insipientes
1379 4952 1431 5007 in
1455 4952 1743 5023 potiulo,et
1765 4953 1935 5020 stulti,
1964 4952 2253 5022 aliquando

2361 4950 2709 5023 γοητεύσειεν
2760 4948 3053 5021 ἐμφανῶςς
3103 4948 3137 5019 ἢ
3190 4948 3307 5012 πῶς
3362 4948 3431 5002 ἂν
3476 4948 3644 5001 ἕλοιτο
3690 4939 3878 5015 μοιχαλὶς

662 5041 857 5111 sapite.
895 5039 1065 5114 856
1111 5040 1215 5110 Qui
1260 5042 1521 5113 plantavit
1548 5059 1758 5107 aurem,
1799 5058 1903 5097 non
1945 5043 2132 5097 audit?
2158 5052 2252 5097 aut

2359 5043 2589 5115 ὁρᾶσθαι
2617 5043 2750 5114 πρός
2774 5059 2945 5108 τινος;
2983 5042 3071 5095 Ἐν
3096 5041 3301 5111 σπουδῇ
3360 5040 3437 5105 δὲ,
3474 5035 3643 5111 οἶμαι,
3677 5036 3729 5090 τὸ
3746 5030 3878 5087 λαϐεῖν

662 5136 753 5206 qui
781 5135 937 5190 ﬁnxit
959 5134 1198 5203 oculum,
1228 5150 1333 5191 non
1356 5136 1664 5191 considerat
1682 5135 1760 5188 ⁷⁷2
1786 5155 1804 5188 ι
1834 5134 1975 5191 Nihil
2000 5146 2083 5191 est
2104 5136 2248 5191 enim

2358 5137 2450 5189 καὶ
2470 5138 2584 5199 τοῖς
2603 5135 2921 5204 ψευδορκεῖν
2947 5132 3265 5204 ᾑρημένοις.
3296 5131 3703 5190 ’Δσυνετοῦντας
3720 5125 3766 5180 δὲ
3790 5119 3878 5179 τοὺς

663 5228 890 5284 omnino
922 5227 1067 5298 quod
1100 5227 1243 5284 Deus
1275 5243 1380 5283 non
1434 5227 1633 5292 videat.
1666 5235 1720 5283 et
1750 5228 1900 5283 solus
1930 5228 2142 5283 occulta
2193 5236 2250 5283 et

2355 5227 2633 5291 τοιούτους
2663 5226 2955 5296 άπελέγχει
2995 5224 3168 5293 λέγων
3195 5226 3222 5279 6
3253 5224 3520 5295 μακάριος
3556 5220 3725 5276 Δαῦἱδ·
3750 5213 3878 5270 (Σὺνσ

664 5332 850 5390 aperta
896 5331 1116 5393 peccata
1157 5321 1344 5377 videt:
1381 5321 1473 5376 sed
1524 5320 1612 5376 illa
1664 5321 1880 5390 quidem
1916 5321 2251 5378 clandestine

2357 5338 2446 5374 ετε
2471 5322 2557 5393 δὴ,
2612 5321 2844 5392 ἄφρονες
2874 5322 2929 5373 ἐν
2957 5318 3034 5389 τῷ
3055 5318 3191 5390 λαῷ,
3233 5320 3327 5373 καὶ
3362 5318 3556 5390 μωροὶ,
3581 5316 3701 5370 ποτὲ
3727 5308 3879 5382 φρονή’

666 5426 721 5471 et
749 5415 905 5486 quasi
938 5415 991 5471 in
1025 5415 1267 5472 tenebris
1299 5413 1604 5484 designata.
1631 5414 1889 5486 Adjnngit
1917 5417 2111 5471 deinde
2144 5416 2250 5471 illis

2358 5434 2507 5470 σατε.
2555 5416 2612 5470 '0
2638 5414 2913 5484 φυτεύσας
2941 5413 3003 5467 τὸ
3028 5408 3141 5477 οὖς,
3186 5412 3308 5483 οὐχὶ
3345 5412 3569 5478 ἀκούεις
3602 5410 3633 5480 ἢ
3665 5411 3690 5463 6
3716 5403 3878 5459 πλάσας

665 5504 958 5561 manifesta
1021 5520 1271 5577 quoque.
1326 5504 1572 5576 privare,
1633 5506 1887 5574 inquam,
1938 5505 2248 5577 operariqu

2357 5507 2655 5579 ὀφθαλμὸν,
2717 5508 2841 5578 οὐχὶ
2875 5508 3167 5572 κατανοεῖ;
3204 5524 3222 5557 ι
3258 5506 3539 5560 Ἀποπτον
3564 5504 3668 5575 γὰρ
3688 5499 3757 5569 τῷ
3793 5491 3877 5557 θεῷ

664 5596 950 5665 mercede;
985 5597 1280 5652 avaritiam
1319 5601 1377 5652 et
1424 5595 1798 5665 tyrannidem,
1833 5610 1994 5667 quam
2030 5598 2247 5665 quidem

2358 5597 2635 5661 παντελῶς
2671 5597 2843 5661 οὐδὲν,
2881 5595 2991 5650 οἶδε
3016 5596 3072 5649 δὲ
3100 5596 3264 5667 μόνος
3284 5597 3353 5651 τά
3381 5593 3724 5668 κεκρυμμένα
3744 5585 3817 5641 καὶ
3832 5579 3878 5633 τά

664 5685 928 5741 adversus
983 5685 1389 5755 imbecilliores,
1426 5687 1613 5743 viduas
1664 5695 1792 5758 puta
1839 5696 1895 5742 et
1950 5689 2245 5757 orphanos,

2357 5691 2573 5761 ἐμφανῆ
2611 5688 2720 5743 τῶν
2747 5689 2951 5744 κακῶνο
2987 5689 3100 5744 ἀλλ’
3145 5692 3329 5745 ἐκεῖνα
3388 5690 3485 5762 μὲν
3523 5688 3591 5743 τά
3638 5678 3877 5741 mrem;

747 5860 783 5891 ⁷³
814 5861 1042 5921 Malach.
1078 5880 1136 5931 tt,
1170 5868 1253 5922 i7.
1334 5869 1375 5898 ⁷⁵
1410 5864 1451 5918 Il
1487 5864 1611 5921 Cor.
1637 5880 1689 5931 ν,
1728 5864 1809 5920 10.
1892 5866 1935 5895 ⁷⁸
1968 5864 2124 5919 Rosia.
2153 5880 2214 5932 ιι,
2252 5842 2332 5929 ιέὲ,

1512 5864 1611 5921 lor.
1637 5880 1689 5931 ν,
1728 5864 1809 5920 10.
1892 5866 1935 5895 ⁷⁸
1968 5864 2124 5919 “om.
2153 5880 2214 5932 ιι,
2252 5865 2332 5929 lii,
2378 5864 2459 5919 ιο.
2538 5867 2579 5895 ⁷⁷
2611 5863 2752 5919 Psa'.
2792 5880 2943 5931 rtem,
2984 5866 3035 5933 8,
3066 5867 3119 5920 9.
