4070 6514
175 399 287 459 3M
1014 396 1576 455 COMMENTARIUS
1616 397 1683 454 IN
1723 398 2137 458 MALACHIAM
2175 399 2627 458 PROPHETAM.
3124 449 3128 453 .
3353 358 3460 455 3ιᾶ

180 515 378 581 καὶὼς
407 516 465 568 ἐν
497 513 678 569 σκότει
707 512 981 586 δρώμενα.
1028 517 1377 588 Προσεπάγει
1422 535 1485 589 γε
1525 520 1633 592 μὴν
1683 521 1780 574 αὐ-

1890 524 2225 579 adhiberent.
2261 521 2355 579 His
2391 522 2541 577 addit
2574 520 2737 576 etiam
2772 527 3145 587 pervertentes
3186 502 3465 598 recta‘juf-

178 611 298 674 τοῖς
325 608 420 663 καὶ⁵
446 608 515 661 τά
544 606 785 677 ἐμφανῆ,
832 609 895 661 τὸ
935 608 1310 682 ἀποστερῆσαι
1329 652 1344 677 ,
1378 613 1548 683 φημῖ,
1582 612 1773 683 μισθὸν

1890 617 2036 683 licia,
2071 625 2135 672 et
2168 630 2273 671 non
2306 616 2563 671 timentes
2590 630 2734 670 eum.
2770 613 2928 669 Tales
2958 622 3120 669 erunt
3162 614 3253 682 qui
3292 612 3461 667 etiam

183 700 485 772 μισθωτοῦ,
509 698 907 764 πλεονεξίανατε
948 700 1045 755 καῖ
1094 703 1577 769 καταδυναστείαν,
1613 707 1680 778 ἢν
1708 706 1774 759 ἂν

1890 708 1987 760 alio
2040 706 2198 761 modo
2239 720 2403 774 quam
2446 720 2591 759 nunc
2631 704 2972 759 ostendimus
3014 701 3181 756 Deum
3234 696 3458 757 violant.

179 794 425 849 ποιοῖντό
467 810 615 858 τινες
664 796 805 849 κατά
827 794 936 849 τῶν
986 795 1415 870 ἀσθενεστέρων,
1469 799 1652 871 χηρῶν
1685 800 1774 872 δὴ,

1890 798 1969 853 Ait
2002 813 2168 868 ergo:
2201 796 2308 851 Ero
2329 796 2518 865 iudex,
2550 805 2604 850 et
2636 796 2791 850 testis
2830 795 3010 858 velox,
3036 802 3090 847 et
3125 793 3460 847 voluntarius

181 886 356 955 λέγω,
384 885 481 940 καὶ
500 885 774 957 ὀρφανῶν.
813 887 1145 959 Προστίθησι
1189 890 1247 943 δὲ
1275 890 1487 957 τούτοις
1529 892 1622 946 καὶ
1648 894 1775 957 τοὺς

1890 903 2044 958 super
2077 887 2351 942 veneﬁcas
2378 894 2434 942 et
2467 873 2804 951 libidinosas,
2844 895 3298 953 peccatorumque
3329 882 3460 937 alio-

180 978 708 1049 διαστρέφονταςτά
733 978 868 1050 όρθά
902 979 1010 1034 τῶν
1042 982 1348 1052 κριμάτων,
1404 984 1497 1039 καὶ
1537 986 1664 1048 τοὺς
1702 988 1777 1056 μὴ

1890 998 1999 1037 rum
2036 982 2330 1037 studiosos.
2382 980 2670 1036 Probabile
2703 988 2788 1035 est
2826 993 2960 1035 sane
3010 977 3317 1046 huiusmodi
3366 974 3463 1041 ila-

182 1067 555 1139 φοὸουμένους
586 1068 769 1123 αὐτόν.
795 1062 952 1124 Οὗτοι
978 1070 1024 1123 δ’
1066 1070 1133 1124 ἂν
1161 1068 1271 1125 εἷεν
1301 1075 1396 1127 καὶ
1425 1077 1474 1128 οἱ
1502 1076 1624 1129 καθ’
1647 1076 1767 1128 ἐτε-

1890 1074 2010 1143 gitia
2056 1073 2317 1143 quosdam
2357 1070 2447 1125 illa
2496 1079 2657 1125 aetate
2708 1086 2872 1125 ausos
2906 1070 3209 1141 suscipere,
3253 1075 3308 1122 et
3342 1080 3464 1132 oro-

184 1159 281 1228 ρόν
304 1176 426 1214 τινα
445 1159 649 1232 τρόπον
680 1159 833 1233 παρά
859 1177 923 1231 γε
976 1162 1105 1226 τοὺς
1129 1164 1332 1233 ἀρτίως
1378 1168 1513 1236 ἡμῖν
1543 1165 1765 1238 εἰρημέ-

1890 1172 2002 1232 pter
2034 1164 2179 1232 ipsos
2212 1163 2412 1218 multos
2446 1162 2555 1217 Deo
2597 1161 2962 1216 maledixisse.

178 1266 309 1314 νους
331 1248 626 1314 λυποῦντες
669 1250 819 1305 Θεόν.
859 1250 1092 1322 Ἐσομαι
1126 1253 1326 1319 τοίνυν,
1371 1256 1525 1327 φησι,
1557 1257 1773 1327 κριτὴς,
1816 1253 1910 1308 καὶ
1978 1254 2190 1325 μάρτυς
2228 1256 2420 1325 ταχὺς,
2478 1254 2574 1308 καὶ
2637 1251 2936 1323 αὐτόμολος
2995 1251 3087 1304 ἐπὶ
3141 1250 3466 1322 φαρμακοίλς
3554 1278 3562 1288 -

177 1345 281 1398 καὶ
311 1342 646 1415 μοιχαλίδας,
673 1343 926 1407 καὶτοὺς
962 1343 1070 1397 τῶν
1097 1345 1302 1417 ἐτέρων
1351 1348 1536 1402 κακῶν
1605 1347 1980 1419 ἐπιτηδευτάς.
2026 1349 2188 1412 Εἰκὸς
2234 1348 2291 1402 δὲ
2354 1347 2419 1418 δὴ
2477 1346 2657 1401 τοιάδε
2727 1346 2848 1400 κατ’
2883 1345 3060 1397 ἐκεῖνο
3121 1341 3315 1414 καιροῦ
3342 1343 3465 1397 1:0).-

179 1434 397 1506 μασθαι
431 1433 584 1506 παρά
604 1450 737 1498 τισι,
758 1435 852 1488 καὶ
872 1436 958 1489 ἐπ’
980 1435 1161 1500 αὐτοῖς
1188 1438 1437 1506 γενέσθαι
1465 1440 1605 1494 κατὰ
1628 1440 1767 1493 Θεοῦ
1802 1439 1901 1510 τὴν
1925 1440 2034 1493 τῶν
2056 1440 2265 1495 πολλῶν
2288 1437 2688 1509 γλωσσαλγίαν.

254 1529 353 1582 Δεῖ
381 1528 445 1600 δὴ
469 1522 563 1581 οὖν
586 1527 695 1600 ἄρα
718 1527 881 1582 παντὶ
913 1527 1091 1583 σθένει
1147 1532 1537 1602 παραιτεῖσθαι
1574 1533 1643 1586 τὰ
1677 1550 1775 1587 πο·-

1953 1532 2219 1601 Quocirca
2267 1547 2404 1602 opus
2453 1541 2538 1588 est
2578 1532 2737 1587 omni
2759 1533 3108 1588 contentione
3147 1528 3392 1598 refugere
3437 1546 3465 1581 a

176 1620 350 1695 γεηρὰ,
368 1621 597 1684 καὶτοῖς
623 1619 901 1690 ἀμείνοσιν
924 1621 1253 1694 ἐπιτρέχειν,
1271 1624 1368 1679 καὶ
1385 1624 1776 1696 ἀποπεραίνειν

1890 1623 2062 1694 pravis
2097 1624 2371 1692 operibus,
2415 1632 2470 1679 et
2515 1623 2583 1678 ad
2630 1625 2797 1692 proba
2830 1621 3113 1687 festinare,
3153 1627 3209 1675 et
3240 1620 3372 1675 eniti
3402 1634 3464 1671 ea

177 1712 503 1782 ἐπείγεσθαι
534 1712 603 1766 τά
626 1712 691 1766 δι’
717 1706 791 1767 ὧν
827 1712 894 1767 ἂν
923 1712 1133 1782 γένοιτό
1179 1732 1265 1780 τις
1309 1717 1533 1771 ἐπαίνου
1575 1719 1777 1782 παντὸς

1890 1724 2143 1785 praestare
2175 1729 2269 1784 per
2306 1729 2428 1783 quae
2473 1714 2596 1783 quis
2646 1713 2795 1769 omni
2831 1723 2888 1768 et
2929 1714 3171 1769 bonitate
3206 1722 3261 1767 et
3309 1711 3467 1765 laude

178 1804 281 1858 καὶ
312 1802 613 1867 ἐπιεικείας
660 1803 932 1875 ἔμπλεως.
982 1804 1299 1878 Ἀμοιρήσει
1332 1807 1441 1878 γὰρ
1494 1808 1638 1862 οὕτω
1681 1812 1777 1863 καὶ

1890 1805 2209 1861 cumulatur.
2240 1802 2332 1859 Sic
2370 1804 2515 1859 enim
2560 1805 2755 1860 evadet
2808 1804 3069 1874 supplicia
3123 1818 3243 1872 qua:
3283 1819 3310 1855 a
3360 1803 3469 1856 Deo

175 1895 298 1951 τῶν
353 1897 420 1950 ἐκ
477 1896 626 1959 θείας
667 1895 841 1967 ὀργῆς
883 1896 1361 1968 ἐποισθησομένων
1396 1901 1511 1963 τοῖς
1562 1899 1776 1955 εἰωθόσι

1885 1896 2024 1950 irato
2060 1894 2436 1966 peccatoribus
2488 1893 2824 1964 inlliguntur.
2878 1893 3068 1962 Capiet
3122 1903 3300 1947 autem
3350 1893 3467 1962 glo-

176 1986 548 2059 πλημμελεῐν.
579 1988 773 2041 Ἔσται
796 1989 854 2043 δέ
881 1988 992 2044 ἔσω
1019 1990 1114 2044 καὶ
1136 1989 1317 2063 γερῶν
1347 1990 1444 2046 καὶ
1476 1992 1656 2065 δόξης,
1701 1987 1777 2049 ὧν

1890 1988 2020 2041 riam
2075 1996 2128 2044 et
2158 1986 2379 2057 praemia
2425 1982 2624 2056 quibus
2661 1985 2801 2043 Deus
2846 2000 2906 2042 se
2961 1984 3247 2056 diligentes
3281 2003 3467 2040 mune-

176 2079 251 2133 ἂν
282 2080 493 2150 ἐπιδοίη
519 2078 652 2143 Θεὸς
682 2083 793 2144 τοῖς
813 2080 1100 2149 ἀγαπῶσιν
1130 2082 1313 2137 αὐτόν.

176 2189 183 2197 ν
251 2173 413 2226 Διότι
445 2171 561 2242 ἐγὼ
612 2173 829 2241 Κύριος
857 2174 890 2227 d
924 2172 1067 2240 Θεὸς
1104 2174 1308 2243 ὑμῶν,
1375 2176 1473 2230 καὶ
1531 2178 1643 2231 οὐκ
1670 2178 1773 2232 ἀλα

174 2264 483 2335 ,ιοιοῦμαμ
532 2264 642 2318 Καὶ
697 2264 886 2335 ὑμεῖς,
926 2267 980 2319 οἱ
1033 2267 1153 2328 υἱοὶ
1205 2267 1440 2333 Ἰακὼϐ,
1494 2270 1605 2323 οὐκ
1667 2269 1779 2323 ἀπ-

174 2356 403 2426 έχεσθε
432 2355 552 2411 ἀπὸ
581 2355 700 2409 τῶν
720 2354 967 2411 ἀδικιῶν
998 2354 1116 2410 τῶν
1136 2357 1411 2427 πατέρων
1428 2357 1615 2429 ὑμῶν.
1644 2360 1777 2426 Ἐξ-

174 2448 467 2503 ultraue
508 2447 728 2517 νόμιμά
744 2464 887 2517 μου,
929 2448 1026 2502 καὶ
1051 2450 1162 2504 οὐκ
1200 2449 1613 2519 ἐφυλάξασθε.

249 2540 384 2596 AZ'.
436 2538 711 2611 Ἐξίστησι
740 2540 904 2595 πάλιν
926 2541 1124 2607 αὐτοὺς
1154 2541 1387 2596 ἀνοσίων
1440 2543 1658 2598 ἐννοιῶν
1684 2546 1779 2599 καὶ

178 2632 416 2706 προσέτι
468 2634 752 2705 ῥημάτων.
810 2635 884 2688 Τὸ
920 2634 1028 2706 γάρ
1080 2636 1290 2690 οἴεσθαί
1338 2655 1456 2702 πως
1491 2637 1779 2709 ἢμετατε-

175 2725 430 2799 τράφθαι
471 2726 563 2779 τὸν
608 2726 721 2781 τῶν
762 2726 900 2781 ὅλων
944 2727 1078 2783 Θεὸν
1106 2729 1216 2783 ἀπό
1270 2746 1335 2798 γε
1375 2730 1470 2784 τοῦ
1501 2730 1677 2785 θέλειν
1710 2731 1781 2786 τὰ

177 2815 373 2887 ἀγαθά
407 2816 543 2889 πρὸς
565 2817 627 2869 τὸ
648 2816 909 2882 ἐναντίον,
967 2818 1061 2871 καὶ
1092 2819 1314 2891 ἀγαπᾷν
1334 2818 1429 2890 μὲν
1451 2818 1634 2872 οὐκέτι
1679 2820 1780 2890 τὴν

178 2908 560 2981 δικαιοσύνην,
608 2908 968 2980 ἀποδέχεσθαι
1009 2909 1066 2963 δέ
1114 2911 1241 2974 τοὺς
1294 2911 1394 2981 τῆς
1447 2910 1782 2983 φαυλότητος

179 3003 453 3074 ἐραστὰς,
505 3002 622 3067 πῶς
655 3004 756 3057 οὐκ
805 3002 1036 3074 ἀμαθὲς,
1101 3004 1301 3075 μᾶλλον
1338 3005 1395 3057 δὲ
1449 3005 1659 3076 ἀπηχὲς
1686 3006 1781 3059 καὶ

180 3093 413 3150 ἀνόσιον
452 3094 735 3159 παντελῶς
765 3095 980 3169 καὶτῆς
1038 3096 1300 3151 ἀνωτάτω
1334 3095 1650 3162 δυσσεὸείας
1684 3117 1779 3170 με·

1884 2087 2062 2136 ratur.

1955 2170 2119 2227 Vens.
2152 2171 2207 2228 6.
2256 2172 2520 2239 Quoniam
2553 2189 2646 2242 ego
2696 2172 2951 2227 Dominus
3003 2171 3138 2226 Deus
3187 2182 3372 2232 vester,
3420 2180 3484 2222 er

1885 2281 1987 2319 non
2014 2275 2209 2319 mutor.
2240 2263 2306 2318 Et
2354 2282 2472 2331 vos,
2509 2264 2609 2333 ﬁlii
2651 2262 2839 2329 Iacob,
2890 2280 2997 2317 non
3032 2263 3469 2317 abstinebatisab

1884 2358 2252 2428 iniquitatibus
2289 2367 2504 2425 patrum
2544 2367 2855 2411 vestrorum.
2900 2355 3219 2411 Declinastis
3265 2373 3297 2410 a
3342 2355 3469 2425 legi-

1885 2452 2030 2505 timis
2059 2451 2208 2514 meis,
2236 2460 2284 2504 et
2325 2465 2428 2503 non
2458 2447 2783 2503 custodistis.

1957 2540 2232 2597 XXXVll..
2260 2541 2448 2596 Denuo
2480 2540 2627 2610 ipsos
2650 2539 2721 2617 ab
2754 2538 2934 2611 impiis
2968 2538 3390 2611 cOgitationibus
3416 2547 3470 2592 et

1884 2636 2067 2691 verbis
2095 2634 2400 2704 detorquet.
2447 2630 2583 2687 Nam
2620 2631 2937 2688 existimare
2964 2631 3468 2687 esse-immutatum

1886 2727 2267 2781 universorum
2304 2725 2471 2781 Deum
2496 2739 2526 2779 a
2557 2725 2834 2780 voluntate
2860 2725 2985 2780 boni
3018 2724 3071 2779 in
3110 2724 3467 2787 contrarium,

1886 2834 1989 2875 nec
2026 2818 2093 2873 de
2135 2828 2330 2873 caetero
2374 2817 2597 2889 diligere
2624 2816 2913 2887 justitiam,
2950 2816 3245 2886 {avareque
3276 2830 3466 2873 conse-

1886 2909 2186 2967 ctatoribus
2231 2909 2628 2979 improbitatis,
2673 2909 2947 2980 quomodo
3003 2924 3109 2966 non
3156 2909 3468 2981 imperitiae,

1888 3002 1996 3058 imo
2034 3000 2379 3069 absurditati,
2414 3011 2469 3058 et
2498 3016 2712 3058 summo
2745 3000 2962 3069 sceleri,
2987 3011 3042 3057 et
3078 3014 3334 3058 extremae
3365 3003 3472 3057 im-

1890 3094 2073 3166 pietati
2109 3095 2487 3151 ascribendum
2519 3094 2640 3151 est?
2685 3094 2913 3163 Quando
2953 3094 3133 3165 igitur,
3175 3095 3370 3165 inquit,
3402 3094 3469 3150 ad

185 3188 575 3260 μεστωμένον;
604 3188 775 3242 Ὅταν
803 3188 980 3243 τοίνυν
1026 3189 1132 3243 ὑπὸ
1158 3190 1342 3262 κρίσιν
1403 3191 1549 3263 ἴδητε
1582 3192 1781 3246 καλου-

1890 3186 2146 3258 iudicium
2194 3187 2374 3243 vocari
2417 3185 2661 3243 videritis
2712 3185 3016 3250 veneﬁcas,
3069 3190 3164 3242 seu
3219 3186 3465 3241 incanta-

185 3284 412 3356 μένους,
443 3283 597 3355 φησι,
617 3282 717 3347 τάς
765 3300 825 3337 τε
865 3284 997 3354 παρ’
1030 3284 1159 3354 ὑμῖν
1215 3287 1564 3356 φαρμακοὶς,
1616 3287 1785 3358 ἤγουν

182 3377 437 3448 ἐπῳδοὺς
485 3375 721 3447 (γύναια
751 3373 809 3429 δέ
839 3374 1059 3439 πάντως
1104 3375 1311 3447 ψιθυρά
1364 3393 1425 3430 τε
1485 3378 1579 3431 καὶ
1608 3377 1787 3450 βωμο-

182 3466 325 3538 λόχα
336 3467 536 3537 ταυτὶ),
558 3468 651 3522 καὶ
672 3467 799 3531 τοὺς
822 3466 929 3520 τῶν
957 3466 1043 3520 ἐτέ
1053 3484 1160 3537 ρων
1194 3467 1382 3522 κακῶν
1405 3469 1783 3541 ἐπιτηδευτάς,

180 3559 337 3624 τότε,
369 3561 557 3631 φησιν,
584 3556 954 3628 ἐπιγνώσεσθε
991 3558 1079 3613 διὰ
1123 3559 1463 3631 πραγμάτων
1495 3562 1676 3614 αὐτῶν
1703 3563 1785 3616 δτι

183 3653 305 3721 ἐγὼ
332 3651 541 3724 Κύριος
569 3653 600 3705 ὁ
631 3649 764 3715 Θεὸς
794 3650 969 3721 ὑμῶν,
1001 3650 1029 3703 ό
1056 3650 1224 3704 πάλαι
1258 3668 1319 3704 τε
1345 3652 1441 3706 καὶ
1469 3649 1563 3706 νῦν
1584 3652 1786 3721 ἀγαθός

181 3761 245 3798 τε
272 3742 415 3816 ὁμοῦ
449 3744 544 3798 καὶ
578 3742 887 3814 φιλάρετος.
944 3741 1020 3795 Οὐ
1067 3742 1177 3814 γὰρ
1228 3736 1346 3797 οῖδα
1391 3744 1601 3816 τροπὴν
1628 3745 1660 3816 ἢ
1694 3744 1787 3799 ἀλ-

182 3833 429 3889 λοίωσιν.
469 3834 609 3887 Ἀλλ’
632 3833 745 3902 ἐγὼ
793 3832 893 3903 μὲν
930 3833 1049 3903 εί-μὶ
1093 3833 1385 3899 διαπαντὸς
1428 3836 1522 3890 καὶ
1577 3837 1784 3907 ἀμετα-

187 3924 410 3990 στάτως
428 3925 578 3979 τοῦθ’
604 3927 743 3997 ὅπερ
773 3922 909 3993 εἰμί’
938 3924 1097 3995 ὑμεῖς
1120 3925 1199 3991 δὲ,
1224 3927 1378 3998 φησὶ,
1403 3926 1582 3982 καίτοι
1622 3945 1787 3999 γεγο-

184 4018 346 4082 νότες
379 4016 438 4084 ἐξ
474 4016 694 4084 Ἰακὼϐ,
747 4018 941 4091 ἀνδρὸς
989 4018 1237 4088 φιλοθέου
1264 4018 1359 4073 καὶ
1411 4017 1641 4087 ἀγαθοῦ,
1692 4019 1786 4074 καὶ

190 4107 571 4181 μεμισηκότος
608 4109 697 4163 ἀεὶ
714 4108 776 4163 τὸ
797 4109 1029 4182 ἐξήνιον,
1052 4109 1149 4164 καὶ
1176 4108 1297 4180 Θεῷ
1324 4109 1693 4177 δουλεύοντος,
1723 4112 1785 4165 οὐ

186 4202 301 4257 τῶν
324 4201 535 4256 ἐκείνου
560 4201 780 4273 τρόπων
842 4203 1102 4272 γεγόνατε
1132 4202 1391 4273 ζηλωταί·
1433 4203 1688 4274 μιμεῖσθε
1730 4203 1789 4257 δέ

192 4294 401 4367 μῶλον
436 4294 546 4348 τῶν
573 4294 694 4349 καθ’
713 4296 858 4367 ὑμᾶς
890 4295 1142 4366 πατέρων
1164 4294 1225 4349 τὸ
1252 4294 1475 4359 ἀπειθὲς
1520 4294 1616 4350 καὶ
1661 4295 1788 4349 δυσ-

188 4389 435 4456 άγωγον.
460 4387 522 4441 Οἳ
564 4386 661 4440 καὶ
702 4387 907 4457 ταύτης
954 4387 1118 4441 ἕνεκα
1149 4387 1247 4459 τῆς
1275 4386 1456 4451 αἰτίας
1502 4386 1789 4458 ἀπῲχοντο

193 4485 299 4554 μὲν
321 4482 677 4555 αἰχμάλωτοι,
723 4484 823 4554 τὴν
846 4482 1175 4552 ἐνεγκοῦσαν
1219 4482 1475 4552 ἀφέντες,
1508 4480 1789 4535 δεδουλεύ-

1890 3286 2053 3341 trices
2085 3292 2300 3341 vestras
2334 3283 2483 3355 (sunt
2514 3291 2693 3338 autem
2732 3282 3063 3338 mulierculae
3096 3281 3212 3337 ista:
3243 3282 3475 3349 garrulae

1888 3387 1941 3432 et
1969 3374 2394 3447 assentatrices),
2424 3384 2479 3429 et
2514 3375 2637 3432 aliis
2671 3374 2889 3446 ﬂagitiis
2920 3372 3127 3440 allixos,
3154 3383 3282 3428 tunc
3313 3371 3474 3429 rebus

1888 3468 2020 3538 ipsis
2070 3467 2409 3537 cognoscetis
2450 3467 2575 3537 quia
2608 3483 2707 3536 ego
2741 3483 2860 3524 sum
2905 3468 3167 3523 Dominus
3207 3466 3351 3523 Deus
3378 3483 3473 3522 ve-

1887 3572 2019 3625 ster,
2048 3569 2103 3614 et
2140 3559 2268 3614 olim
2312 3568 2365 3615 et
2410 3575 2554 3616 nunc
2592 3559 2766 3617 bonus
2804 3558 2963 3615 simul
2999 3567 3046 3616 et
3098 3561 3365 3616 bonorum
3412 3576 3475 3616 ac

1888 3654 2105 3709 virtutis
2145 3667 2354 3707 amans.
2386 3650 2580 3709 Nescio
2611 3654 2754 3708 enim
2790 3652 3144 3708 mutationem
3182 3663 3277 3707 aut
3314 3653 3477 3708 vicis-

1888 3747 2197 3803 situdinem.
2223 3748 2336 3818 Ego
2390 3745 2533 3801 enim
2568 3758 2782 3814 semper
2806 3752 2861 3799 et
2887 3744 3023 3799 citra
3056 3742 3474 3799 mutabilitatem

1888 3854 2006 3893 sum
2052 3839 2196 3908 quod
2246 3853 2366 3893 sum
2409 3854 2423 3893 :
2465 3852 2561 3892 vos
2601 3844 2805 3902 autem,
2857 3835 3067 3904 inquit,
3125 3837 3374 3906 quamvis
3407 3852 3476 3891 ex

1887 3928 2054 3985 J‘acob
2085 3929 2447 4001 progenerati,
2488 3928 2708 3984 homine
2739 3927 2908 3998 pioet
2939 3928 3102 3997 bono,
3132 3938 3186 3983 et
3211 3928 3302 3997 qui
3335 3943 3499 3983 sem»

1889 4038 1988 4090 per
2028 4022 2428 4079 contumaciam
2462 4022 2667 4077 odit‘ac
2700 4019 2810 4075 Deo
2845 4021 3104 4085 servivit,
3139 4020 3474 4092 857'illius

1874 4114 2072 4167 ‘mores
2107 4112 2552 4182 exprimere-non
2585 4110 2747 4165 enixe
2782 4112 3094 4177 studuistis;
3135 4113 3228 4167 sed
3258 4120 3472 4181 patrum

1888 4217 2197 4263 vestrorqu
2264 4204 2689 4261 inobedientiam
2744 4213 2799 4258 et
2849 4204 3204 4273 pertinaciam
3271 4204 3473 4259 imitari

1880 4299 2166 4355 mavultis.
2192 4296 2295 4365 Qui
2326 4306 2381 4355 et
2410 4298 2511 4353 bac
2543 4297 2609 4352 de
2639 4310 2803 4352 causa
2834 4298 3034 4367 captivi
3062 4297 3250 4367 patria:
3276 4296 3478 4354 ﬁnibus

1892 4402 2272 4458 excesserunt,
2301 4400 2356 4446 et
2389 4390 2637 4446 hostibus
2674 4406 2702 4445 a
2736 4389 2936 4459 quibus
2991 4401 3144 4446 erant
3184 4391 3476 4462 subjugati,

1891 4486 2208 4543 servitutem
2247 4484 2569 4538 servierunt.
2623 4502 2641 4534 ‹
2668 4483 2989 4538 Declinastis
3026 4498 3187 4554 porro
3224 4493 3277 4539 et
3312 4500 3405 4539 vos
3447 4504 3480 4538 a

190 4593 328 4629 κασι
359 4575 417 4629 δέ
459 4578 572 4640 τοῖς
610 4575 877 4647 ᾑρηκόσιν
934 4575 1170 4647 ἐχθροῖς.
1246 4572 1586 4640 Ἑξεκλίνατε
1612 4573 1669 4626 δὲ
1694 4574 1785 4627 καὶ

1895 4575 2153 4647 legitimis
2186 4575 2344 4642 meis,
2374 4582 2433 4629 et
2463 4589 2524 4629 ea
2560 4590 2663 4630 non
2694 4576 3027 4631 custodistis.
3052 4594 3070 4629 ι
3120 4575 3304 4647 itaque
3333 4575 3477 4632 Deus

191 4668 356 4739 ὑμεῖς
387 4684 408 4719 ι
444 4668 510 4721 ἐκ
529 4666 637 4721 τῶν
659 4666 808 4738 ἐμῶν
849 4667 1117 4738 νομίμων,
1142 4666 1238 4722 καὶ
1265 4667 1366 4720 οὐκ
1392 4665 1784 4736 ἐφυλάξασθε.»

193 4759 411 4815 Οὐκοῦν
438 4760 467 4813 ὀ
502 4760 603 4831 μὲν
621 4759 755 4824 Θεὸς
783 4760 1051 4832 ἄτρεπτος
1078 4761 1185 4825 ἀεὶ,
1218 4760 1311 4814 καὶ
1341 4759 1504 4812 οίονεὶ
1522 4757 1792 4829 πεπηγὼς

192 4856 274 4918 εἰς
299 4853 361 4907 τὸ
395 4853 617 4923 ἀγαθὸν,
651 4853 743 4907 καὶ
771 4852 1108 4924 ἀκράδαντος
1133 4853 1214 4917 είς
1238 4849 1586 4921 δικαιοσύνην
1613 4865 1625 4877 ·
1651 4850 1702 4903 οἱ
1732 4849 1791 4903 δὲ

192 4948 483 5017 γεγόνασι,
518 4944 802 5017 μονονουχὶ
827 4946 889 4999 τὸ
916 4946 1187 5017 ἄτρεπτον
1212 4947 1269 4998 ἐν
1321 4943 1519 5015 καρδίᾳ
1555 4958 1792 5015 τετηρη-

194 5043 378 5106 κότες,
412 5040 625 5112 καὶτῆς
648 5040 755 5094 τῶν
781 5039 1034 5111 πατέρων
1069 5039 1414 5111 ἀνοσιότητος
1444 5037 1659 5111 ἄριστοι
1693 5052 1789 5110 μι-

199 5134 395 5206 μηταί.

266 5225 442 5280 Τοῦτό
475 5244 577 5281 που
628 5226 864 5300 Χριστὸς
916 5226 1235 5297 εὑρίσκεται
1279 5224 1474 5295 λέγων.
1500 5224 1791 5291 Ταλανίζει

200 5321 300 5390 μὲν
330 5320 442 5392 γὰρ
489 5322 714 5386 εἰκότως
766 5323 826 5376 τὸ
880 5321 1203 5377 ἀπαίδευτον
1243 5320 1350 5373 τῶν
1404 5320 1789 5392 Γραμματέων

200 5414 294 5467 καὶ
316 5414 629 5483 Φαρισαίων
656 5415 1038 5486 ἐργαστήριον.
1079 5414 1226 5485 Ἔφη
1256 5415 1313 5467 δὲ
1355 5413 1549 5478 οὕτως’
1590 5433 1608 5465 ι
1655 5414 1792 5468 Οὐαὶ

199 5505 351 5575 ὑμῖν,
385 5507 739 5578 Γραμματεῖς
800 5508 898 5562 καὶ
933 5508 1220 5578 Φαρισαῖοι
1249 5506 1563 5578 ὑποκριταὶ,
1596 5507 1678 5561 ὅτι
1708 5508 1791 5560 οξ-

200 5596 480 5670 κοόομεῖτε
506 5600 632 5664 τοὺς
663 5600 870 5670 τάφους
893 5600 1002 5655 τῶν
1042 5600 1370 5673 προφητῶν,
1407 5600 1502 5654 καὶ
1534 5603 1790 5672 κοσμεῖτε

198 5688 267 5742 τὰ
293 5693 535 5762 μνημεῖα
562 5690 668 5745 τῶν
690 5691 934 5755 δικαίων,
965 5692 1060 5746 καὶ
1088 5692 1296 5760 λέγετεο
1322 5692 1384 5746 Εἰ
1408 5687 1550 5763 ἦμεν
1586 5694 1643 5747 ἐν
1670 5694 1791 5755 ταῖς

203 5782 437 5853 ἡμέραις
471 5785 579 5838 τῶν
616 5784 870 5858 πατέρων
900 5787 932 5857 ἡ
944 5784 1079 5856 μῶν,
1116 5785 1217 5839 οὐκ
1241 5786 1307 5839 ἂν
1340 5785 1519 5857 ἤμεθα
1544 5786 1791 5840 κοινωνοὶ

205 5871 379 5927 αὐτῶν
411 5875 469 5929 ἐν
494 5873 574 5947 τῷ
625 5875 817 5947 αἵματι
865 5873 975 5932 τῶν
1023 5876 1337 5950 προφητῶν.
1369 5876 1531 5931 Ὥστε
1580 5892 1799 5947 μαρτυο-

1893 4668 2110 4740 quidem
2133 4676 2187 4723 et
2209 4666 2560 4722 immutabilis
2582 4680 2818 4735 semper,
2846 4677 2899 4723 et
2923 4667 3067 4722 velut
3092 4669 3145 4722 in
3174 4669 3315 4723 bono
3340 4668 3472 4722 ﬁxus

1893 4775 1957 4815 ac
2015 4760 2259 4815 ﬁrmatus
2296 4766 2350 4814 et
2385 4758 2740 4814 inconcussus
2774 4759 2824 4814 in
2872 4758 3084 4827 iustitia
3121 4778 3134 4814 :
3174 4760 3248 4815 illi
3289 4769 3477 4816 contra

1896 4862 2101 4907 tantum
2148 4867 2253 4907 non
2306 4851 2801 4906 immutabilitatem
2846 4850 2900 4904 in
2954 4851 3119 4907 corde
3165 4864 3474 4919 servarunt,

1892 4955 1945 5000 et
1977 4953 2192 5013 patrum
2226 4941 2432 4999 scelera
2473 4943 2855 5000 strenuissime
2890 4953 3019 5000 sunt
3059 4943 3267 5001 secuti.

1964 5217 2075 5275 iloc
2114 5215 2366 5273 Christus
2398 5216 2633 5285 quodam
2672 5217 2789 5273 loco
2828 5216 2984 5275 dixit.
3029 5216 3216 5273 Merito
3244 5232 3477 5287 namque

1894 5311 2209 5367 Scribarum
2235 5320 2290 5364 et
2321 5310 2715 5366 Pharisaeorum
2749 5310 2970 5366 stultam
3005 5324 3225 5381 Operam
3257 5309 3310 5364 in
3348 5310 3475 5364 Indi-

1897 5404 2106 5459 licando
2159 5402 2507 5461 lamentatur.
2557 5402 2650 5458 Sic
2696 5413 2875 5456 autem
2922 5402 2998 5456 ait
3040 5419 3054 5455 :
3099 5419 3118 5453 ι
3160 5400 3251 5457 Vae
3293 5401 3473 5466 vobis,

1894 5497 2099 5554 Scriba:
2134 5505 2189 5552 et
2233 5496 2489 5551 Pharisaei
2534 5494 2849 5568 bypocritae,
2894 5493 3019 5562 quia
3066 5491 3347 5549 acditicatis
3390 5508 3477 5548 se-

1893 5590 2076 5659 pulcra
2112 5589 2519 5660 prophetarum,
2562 5596 2616 5642 et
2646 5585 2854 5662 ornatis
2904 5596 3249 5639 monumenta
3300 5585 3477 5654 justo-

1894 5699 2011 5739 rum
2038 5726 2061 5747 ,
2098 5691 2155 5738 et
2200 5682 2380 5737 dicitis
2425 5694 2441 5734 :
2488 5679 2542 5733 Si
2595 5677 2887 5733 fuissemus
2919 5677 2969 5732 in
3023 5677 3213 5732 diebus
3261 5687 3475 5748 patrum

1895 5789 2243 5840 nostrorum,
2287 5790 2393 5831 non
2440 5787 2683 5829 essemus
2721 5770 2853 5826 socii
2893 5786 3078 5827 eorum
3119 5770 3174 5825 in
3212 5769 3473 5839 sanguine

1895 5871 2301 5943 prophetarum.
2336 5865 2521 5937 Itaque
2549 5864 2856 5923 testimonio
2886 5863 3015 5921 estis
3042 5861 3475 5933 vobismctipsis,
