4070 6524
180 389 298 445 345
1044 381 1594 443 COMMENTARIUS
1634 386 1701 444 ΙΝ
1740 386 1786 442 Μ

1891 387 2146 445 ΔΟΒΙᾹΜ
2186 386 2632 442 ΡιιοΡιιετΑΜ.
3377 384 3483 440 360

184 505 349 569 Θεὸν,
369 503 503 557 διότι
535 502 692 573 ὑμεῖς
732 499 1048 572 πτερνίζετέ
1084 519 1190 572 με;
1229 523 1246 556 ι
1275 503 1349 558 Τὸ
1372 505 1428 559 δὲ
1450 505 1781 575 πτερνίζὲιν

1891 510 2008 565 me?
2027 529 2044 562 ι
2071 507 2430 577 Supplantare
2452 515 2536 561 est
2558 503 2824 571 diripere,
2849 512 2940 557 aut
2965 504 3236 572 decipere,
3258 512 3311 556 et
3336 502 3482 555 arbi-

185 597 310 650 ὲστὶ
339 596 396 648 τὸ
426 592 872 666 συναρπάζειν,ἢ
901 593 1235 660 φενακίζειν,
1270 594 1479 650 οἴεσθαί
1512 614 1572 650 τε
1596 595 1780 652 λαθεῖν

1891 610 2018 655 trart
2035 600 2307 655 fallaciam
2323 612 2482 667 posse
2495 598 2752 667 deceptos
2766 595 2933 650 latere
2959 593 3208 657 forsitan,
3229 594 3481 663 quamvis

181 686 550 756 ψευδομένους
582 684 764 754 τυχὸν,
799 682 833 754 ἢ
857 682 948 736 καί
979 701 1030 738 τι
1067 685 1310 757 δρῶντάς
1331 704 1454 742 τινα
1483 687 1594 741 τῶν
1622 691 1780 743 ὲκτο-

186 778 471 832 πωτάτων.
498 777 608 830 Καὶ
640 776 770 845 γοῦν
792 774 1030 830 ἐνεκότει
1065 779 1164 848 μὲν
1197 781 1224 833 6
1252 779 1422 833 Ἡσαῦ
1451 780 1528 850 τῷ
1562 780 1776 847 Ἰακὼϐ,

187 868 285 923 τοῦ
317 869 374 922 δὲ
413 866 626 936 φθονεῖν
672 868 772 941 τὴν
797 871 1069 940 πρόφασιν
1117 870 1486 941 ἐξηγούμενος
1517 871 1776 940 ἔφασκεν·

199 979 219 1014 ι
270 961 586 1032 Ἐπτέρνισε
612 961 721 1033 γάρ
744 980 810 1032 με
851 963 949 1034 ἤδη
971 963 1226 1034 δεύτερον
1255 962 1433 1026 τοῦτο,
1458 963 1528 1017 τά
1551 981 1609 1016 τε
1633 981 1782 1034 πρωο

194 1051 416 1107 τατόκιά
439 1069 539 1122 μου
573 1053 785 1123 εἴληφε,
814 1055 906 1106 καὶ
935 1053 1030 1107 νῦν
1059 1053 1250 1124 εἴληφε
1279 1055 1373 1108 καὶ
1407 1055 1508 1126 τὴν
1529 1056 1781 1123 εὐλογίαν

197 1158 322 1212 μου.
359 1160 375 1192 ι
427 1137 553 1214 Ἆρ’
582 1137 676 1197 οῦν
725 1143 1028 1214 περιέσται,
1071 1145 1226 1215 φησὶ,
1281 1145 1567 1216 ἄνθρωπος
1608 1145 1780 1211 Θεοῦ,

195 1235 364 1304 ἡγουν
394 1234 729 1304 συναρπάσει
749 1236 841 1289 τὸν
863 1235 1041 1290 πάντα
1072 1238 1285 1302 εἱδότα;
1327 1238 1392 1290 Τί
1426 1237 1604 1292 τοίνυν
1623 1239 1782 1308 ὑμεῖς

194 1326 293 1396 ἐμὲ
316 1327 631 1397 πτερνίζετε
652 1343 666 1392 ;
689 1328 900 1398 Χρῆναι
930 1329 985 1382 δὲ
1010 1329 1380 1399 ὑπολαμϐάνω
1412 1329 1548 1400 πρὸς
1575 1329 1780 1402 ἀκριϐῆ

193 1417 522 1488 διεσάφησεν
553 1418 665 1472 τῶν
690 1420 1067 1490 προκειμένων
1099 1422 1232 1490 ἡμῖν
1262 1420 1478 1474 ἐννοιῶν
1512 1421 1645 1475 ἄττα
1688 1422 1783 1474 καὶ

194 1507 290 1563 νῦν
313 1511 508 1576 είπεῖν,
542 1509 579 1565 ἃ
611 1511 706 1565 καὶ
741 1513 798 1565 ὲν
826 1515 939 1576 τοῖς
979 1511 1074 1566 τοῦ
1107 1513 1314 1582 Ἕσδρα
1343 1513 1655 1583 γέγραπται
1689 1514 1781 1566 Βι-

195 1601 386 1667 ϐλίοις.
425 1603 644 1672 Ἐπειδὴ
677 1605 785 1676 γὰρ
806 1606 1078 1677 ἐπανῆκον
1121 1606 1200 1668 εἱς
1247 1605 1346 1676 τὴν
1399 1606 1654 1661 Ἰουδαίαν
1681 1606 1781 1677 τὴν

193 1695 556 1748 Βαϐυλωνίων
601 1695 829 1765 ἀφέντες
863 1697 968 1767 γῆν
1017 1701 1066 1751 οἱ
1111 1699 1168 1765 ἐξ
1217 1698 1608 1769 Ἰερουσαλὴμ.
1639 1716 1777 1753 κατ-

193 1787 446 1856 ῳκήκασι
476 1787 575 1857 μὲν
599 1789 656 1840 ὲν
683 1790 792 1851 τοῖς
819 1787 1234 1859 Ἱεροσολύμοις.
1253 1789 1579 1861 Ὲγήγερται
1603 1789 1659 1842 δὲ
1689 1789 1781 1844 καὶ

194 1877 222 1928 6
255 1877 405 1940 θεῖος
433 1878 581 1942 ναὸς,
614 1880 707 1934 καὶ
733 1876 802 1951 ἦν
828 1883 886 1935 ὲν
914 1885 1107 1953 κόσμῳ
1137 1881 1321 1936 λοιπὸν
1343 1883 1412 1936 τὰ
1444 1881 1553 1936 τῶν
1591 1882 1782 1952 ἱερέων
1819 1862 1856 1916 Β

193 1970 474 2040 τάγματα,
504 1971 649 2042 ᾠδοί,
688 1975 782 2026 καὶ
817 1974 1153 2045 ἱεροψάλται,
1185 1975 1278 2028 καὶ
1305 1975 1354 2028 οἱ
1400 1978 1512 2038 τοῖς
1541 1975 1782 2029 πυλῶσιν

195 2063 583 2134 ἐφεστηκότες.
615 2059 748 2118 Εἶτα
777 2065 830 2119 τί
853 2066 913 2119 τὸ
941 2066 1076 2136 μετὰ
1105 2065 1296 2132 τοῦτο;
1335 2067 1599 2138 Ῥᾴθυμοι
1621 2067 1785 2136 γεγό-

196 2171 349 2208 νασιν
383 2157 434 2209 οἱ
462 2155 860 2227 λελυτρωμένοι
883 2156 1010 2227 περί
1047 2173 1111 2225 γε
1136 2158 1196 2211 τὸ
1236 2158 1347 2211 δεῖν
1368 2158 1477 2211 τῶν
1509 2157 1669 2212 θείων
1689 2158 1786 2212 άν-

193 2245 451 2316 τέχεσθαι
473 2246 881 2316 θεσπισμάτων.
907 2248 983 2301 Θὺ
1001 2248 1112 2319 γάρ
1131 2266 1258 2318 τετη
1267 2249 1468 2320 ρήκασι
1489 2248 1580 2302 τὸν
1596 2248 1782 2319 νόμον,

196 2336 505 2406 λελόγισται
533 2339 589 2393 δὲ
619 2342 752 2411 παρ’
783 2341 938 2394 οὐδὲν
963 2341 1149 2406 αὑτοῖς
1174 2342 1272 2412 τῆς
1301 2343 1538 2413 ἀρχαίας
1563 2343 1787 2411 ἐντολῆς

197 2430 228 2498 ἡ
258 2429 598 2500 παράϐασις,
623 2431 719 2484 καὶ
754 2432 1123 2503 παρεκόμιζον
1147 2433 1246 2503 μὲν
1266 2435 1345 2496 είς
1383 2433 1575 2486 θυσίαν
1631 2433 1788 2500 μόλις

198 2521 287 2572 καὶ
308 2518 564 2592 ὀκνηρῶς
595 2521 664 2576 τὰ
691 2522 888 2591 τυφλὰ,
920 2524 1015 2577 καὶ
1059 2523 1400 2594 ἁρπάγματα
1426 2563 1441 2588 ,
1473 2525 1568 2577 καὶ
1615 2525 1784 2594 χωλὰ,

199 2611 286 2663 καὶ⁸
317 2611 388 2664 τὰ
439 2612 821 2684 ἐνοχλούμενα.
869 2610 1004 2668 Εἱτα
1047 2615 1331 2686 κείραντες
1374 2617 1432 2668 ὲν
1478 2617 1689 2688 ἀγροῖς,
1728 2617 1787 2670 ὲν

198 2703 330 2774 ᾢρα,
363 2705 464 2759 τὸν
493 2705 732 2777 άσταχυν
766 2708 862 2762 καὶ
905 2708 1015 2779 μὴν
1069 2708 1255 2762 καὶτὰ
1288 2707 1454 2779 ἔτερα
1479 2708 1589 2762 τῶν
1618 2725 1787 2780 σπερ-

201 2797 410 2864 μάτων,
436 2799 855 2868 άποτρυγῶντες
879 2800 936 2853 δὲ
965 2800 1060 2853 καὶ
1086 2800 1386 2870 ἀμπέλους.
1410 2801 1507 2855 καὶ
1533 2801 1662 2864 τοὺς
1689 2802 1789 2872 τῆς

198 2888 384 2952 ἐλαίας
419 2893 667 2961 καρποὺς
699 2892 1063 2958 ὲκθλὶϐοντες,
1093 2893 1154 2947 οὑ
1186 2893 1421 2956 δεκάτας
1470 2894 1749 2964 προσῆγον
1771 2933 1786 2960 ,

196 2981 257 3032 οὑ
294 2981 398 3044 τὰς
436 2983 577 3035 κατὰ
623 2984 786 3054 νόμον
825 2983 1116 3056 ἀπαρχάς,
1165 2985 1254 3040 ἴνα
1292 2985 1485 3056 ἔχοντα
1525 2985 1624 3055 τὴν
1656 2986 1788 3041 αὑτ-

201 3069 432 3139 άρκειαν
460 3073 531 3126 τὰ
553 3072 662 3126 τῶν
699 3074 888 3145 ἱερέων
925 3075 1185 3146 τάγματα
1207 3117 1223 3143 ,
1272 3077 1664 3149 προσιζήσειαν
1689 3076 1789 3148 μὲν

1884 695 2152 763 quispiam
2184 690 2605 746 insolentissima
2636 689 2884 758 quaedam
2915 686 3269 741 commiserit.
3296 685 3482 753 itaque

1883 786 2220 842 irascebatur
2247 784 2383 839 Esau
2410 783 2602 844 Jacoh,
2630 791 2685 834 et
2710 781 2926 834 invidiae
2953 778 3294 834 occasionem
3321 791 3481 830 enar-

1883 893 2010 931 raus
2050 877 2302 929 dicebat:
2339 892 2359 926 ι
2392 872 2767 941 Supplautavit
2814 870 2959 926 enim
2999 885 3084 922 me
3131 867 3300 920 altera
3343 865 3479 921 vice.

1882 968 2244 1038 Primogenita
2278 981 2394 1020 mea
2423 976 2548 1020 aute
2579 965 2719 1024 tulit.
2749 973 2801 1016 et
2841 979 2985 1016 nunc
3017 961 3280 1028 subripuit
3317 961 3480 1014 bene-

1883 1060 2174 1113 dictionem
2215 1054 2477 1111 meam".
2503 1075 2520 1106 ι
2543 1053 2674 1109 Num
2712 1054 2876 1123 igitur
2909 1054 3069 1107 homo
3101 1053 3196 1106 erit
3235 1051 3482 1117 superior

1888 1152 2015 1216 Deo,
2044 1149 2239 1218 inquit.
2269 1159 2365 1203 aut
2393 1148 2612 1215 diripiet
2645 1145 2825 1199 omnia
2854 1143 3311 1211 scientem?Quid
3350 1158 3479 1212 ergo

1883 1260 1980 1299 vos
2011 1259 2096 1298 me
2135 1240 2525 1312 supplantatis?
2558 1239 2824 1294 Existimo
2855 1251 3036 1294 autem
3073 1238 3138 1290 ad
3181 1237 3476 1307 pleniorem

1885 1337 2306 1392 declarationem
2361 1333 2652 1402 proposita:
2701 1333 2988 1386 sentcntiae
3037 1330 3283 1398 quaedam
3335 1343 3480 1384 nunc

1883 1441 2098 1499 quoque
2131 1426 2398 1482 ali'erenda
2432 1425 2484 1478 in
2524 1423 2780 1488 medium,
2827 1439 2946 1494 quae
2973 1421 3025 1476 in
3068 1421 3245 1476 Libris
3295 1419 3480 1475 Esdm

1883 1520 2081 1588 scripta
2115 1528 2352 1574 exstant.
2380 1515 2651 1586 Babylone
2683 1516 2734 1568 in
2768 1513 3009 1569 Iudaeam
3042 1511 3481 1584 llierosolymittn

1885 1612 2087 1666 reversi
2133 1609 2564 1681 Hierosolymam
2615 1609 2951 1664 habitarunt.
2999 1605 3349 1660 IEJiticatum
3395 1613 3482 1659 est

1885 1703 2126 1757 divinum
2183 1699 2470 1769 templum.
2523 1707 2578 1752 et
2620 1696 2890 1752 ﬂorebant
2925 1695 3184 1764 deinceps
3226 1695 3481 1749 sacerdoo

1889 1804 1996 1847 tum
2048 1791 2285 1854 ordines,
2334 1799 2612 1855 cantores,
2665 1788 2850 1857 psalta:
2905 1796 2960 1841 et
3013 1786 3300 1853 ianitores.
3339 1784 3481 1852 Quid

1887 1884 2111 1954 postea?
2151 1885 2428 1939 Servitute
2472 1881 2688 1936 liberati
2723 1881 2776 1935 iu
2811 1878 3012 1933 divinis
3055 1877 3291 1933 oraculis
3328 1891 3483 1932 exse-

1886 1976 2116 2047 quendis
2158 1976 2361 2030 inertes
2389 1983 2702 2030 evaserunt.
2741 1971 2850 2026 Nec
2886 1972 3030 2027 enim
3075 1970 3248 2040 legem
3291 1984 3482 2024 serva-

1887 2070 2038 2133 bant,
2075 2077 2131 2122 et
2181 2077 2338 2121 vetus
2380 2064 2698 2119 mandatum
2737 2078 2835 2133 per
2884 2062 3069 2116 ludum
3116 2059 3484 2132 transgredieo

1889 2163 2105 2225 bantur,
2128 2170 2176 2213 et
2207 2159 2273 2213 ad
2306 2156 2636 2213 sacrificium
2667 2169 2811 2222 aegre
2856 2162 3282 2221 cunctanterque
3313 2167 3482 2218 caeca,

1890 2263 2041 2322 rapta
2078 2260 2134 2306 et
2165 2249 2365 2306 debilia
2399 2249 2802 2304 ministrabant.
2835 2245 3061 2308 Deinde,
3089 2259 3188 2298 suo
3217 2253 3481 2312 tempore,

1889 2344 1942 2397 iu
1971 2344 2119 2413 agris
2160 2350 2372 2411 segetes
2395 2341 2610 2410 aliaque
2638 2339 2910 2406 legumina
2941 2339 3238 2402 dementes,
3267 2346 3320 2392 et
3353 2351 3484 2392 uvas

1889 2434 2222 2503 colligentes,
2249 2439 2304 2486 et
2330 2431 2508 2485 oleum
2539 2429 2929 2497 exprimentes,
2949 2442 3048 2480 nec
3073 2427 3338 2490 decimas,
3359 2439 3481 2492 nec,

1889 2529 2185 2582 secundum
2222 2526 2418 2595 legem,
2457 2522 2730 2594 primitias
2770 2519 3171 2590 persolvebant,
3212 2517 3384 2590 859
3425 2527 3487 2574 ut

1890 2622 2231 2676 sacerdotum
2265 2619 2482 2672 ordines
2517 2617 2661 2687 quod
2693 2615 2831 2668 satis
2858 2623 3008 2669 esset
3049 2613 3336 2678 haberent,
3364 2611 3482 2666 culo

1893 2722 2116 2782 tumque
2150 2711 2390 2765 divinum
2418 2709 2555 2764 citra
2587 2705 2936 2762 solitudinem
2965 2702 3487 2772 distractionemque

1889 2804 2259 2867 celebrarent,
2296 2811 2459 2872 atque
2484 2799 2538 2856 iu
2580 2798 2900 2853 ministeriis
2939 2797 3055 2868 lege
3093 2796 3358 2851 institutis
3390 2809 3484 2849 asc

1889 2898 2047 2952 siduo
2084 2903 2461 2950 versarentur.
2497 2892 2655 2946 Nullo
2691 2893 2857 2964 igitur
2888 2892 3079 2945 horum
3116 2888 3318 2954 oblato,
3351 2886 3488 2942 divi-

1892 3002 2084 3043 norum
2131 2986 2382 3041 altariqu
2420 2983 2652 3040 ministri
2693 2983 2836 3038 sacri
2874 2981 3046 3036 delusi
3097 2990 3243 3044 sunt,
3280 2985 3334 3032 et
3380 2991 3483 3047 po-

1891 3080 2048 3150 pulus
2079 3080 2149 3134 ita
2179 3078 2467 3132 destitutus
2511 3074 2744 3140 mansit,
2778 3089 2897 3128 cum
2935 3088 3034 3128 uec
3065 3086 3216 3126 sacra
3255 3085 3482 3140 perage-

203 3164 633 3261 άπερισπάστως
659 3169 779 3230 ταῖς
800 3168 880 3230 εἱς
931 3167 1064 3221 Θεὸν
1095 3168 1395 3239 λατρείαις,
1434 3168 1787 3240 προσμένωσι

1899 3183 2106 3237 rentur,
2135 3185 2234 3228 nec
2265 3169 2408 3224 aliud
2441 3169 2719 3240 quidpiam
2756 3167 2824 3221 ad
2857 3167 2949 3220 Dei
2989 3165 3215 3233 gloriam
3260 3173 3486 3233 praesta-

203 3252 256 3304 δὲ
281 3255 409 3317 ταῖς
461 3255 526 3308 ὲκ
561 3255 728 3326 νόμου
778 3255 1146 3327 τεταγμέναις
1193 3260 1374 3322 αὑτοῖς
1401 3258 1788 3331 λειτουργίαις.

207 3345 434 3410 Οὐδενὸς
453 3347 744 3419 τοιγαροῦν
766 3351 1336 3422 προσκεκομισμένου,
1359 3353 1795 3425 κατεσκευάσθη-

209 3453 301 3490 σαν
337 3439 390 3490 οἱ
428 3437 538 3491 τῶν
571 3438 733 3493 θείων
792 3439 1195 3514 θυσιαστηρίων
1247 3445 1545 3516 ἱερουργοὶ,
1588 3445 1794 3516 ἔρημός

208 3546 260 3582 τε
288 3528 468 3594 οὕτως
488 3530 912 3603 ἀπομεμένηκεν
943 3537 970 3588 6
1001 3534 1150 3599 λαὸς,
1181 3535 1242 3588 οὑ
1283 3535 1474 3600 Θυσίας
1527 3536 1792 3607 τελουμέ-

209 3638 319 3690 νης,
351 3621 456 3692 οὑχ
493 3623 681 3693 ἐτέρου
711 3624 856 3688 τινὸς
888 3624 1167 3696 δρωμένου
1229 3627 1338 3680 τῶν
1379 3628 1460 3691 εἱς
1515 3627 1674 3694 δόξαν
1704 3645 1794 3681 τε·

208 3712 446 3768 λοὺντων
470 3713 628 3770 Θεοῦ.
667 3716 1069 3789 Κατεφθείρετο
1118 3717 1182 3790 δὴ
1224 3716 1316 3772 οὖν
1363 3719 1579 3774 ἅπαντα
1610 3718 1795 3774 λοιπὸν

209 3804 274 3858 τά
297 3807 355 3860 ὲν
379 3807 596 3878 ἀγροῖς,
628 3808 772 3880 λιμῷ
793 3826 852 3862 τε
876 3809 1289 3875 κατεπιέζοντο.
1323 3811 1418 3866 καὶ
1448 3811 1512 3882 δὴ
1564 3813 1658 3866 καὶ
1715 3814 1797 3876 εἱς

210 3896 360 3951 τοῦτο
391 3896 731 3952 κατώλισθον
766 3900 1012 3970 ἀνάγκης
1039 3918 1101 3954 τε
1155 3902 1253 3956 καὶ¹
1311 3903 1566 3974 ἀπορίας,
1599 3903 1675 3966 ὡς
1702 3903 1795 3956 καὶ

210 3988 346 4041 αὑτὰ
383 3989 674 4059 βούλεσθαι
701 3994 814 4055 τοῖς
846 3991 1030 4061 ἔχουσι
1058 3994 1268 4066 τροφὰς
1300 3995 1706 4065 ἀπεμπωλῆσαι
1727 3992 1797 4048 τὰ

209 4081 391 4144 τέκνα,
432 4083 626 4154 μέχρις
657 4084 724 4138 ἂν
767 4086 1002 4156 Ἔσδρας
1031 4088 1113 4150 εἰς
1165 4085 1419 4158 αἴσθησιν
1460 4086 1798 4158 κεκλημένος

210 4172 302 4243 τῆς
335 4174 492 4238 θείας
518 4176 708 4246 ὀργῆς,
751 4176 1030 4248 ἐπέσκηψε
1064 4178 1192 4249 περὶ
1222 4177 1430 4233 τούτων
1482 4181 1595 4242 τοῖς
1627 4181 1794 4248 ἡγου-

216 4263 391 4331 μένοις
429 4266 522 4320 τοῦ
586 4268 822 4338 Ἰσραήλ.
873 4270 1290 4341 Προσεκόμισάν
1329 4288 1387 4324 τε
1445 4270 1587 4325 οὑτω
1644 4271 1799 4341 μόλις

211 4354 443 4420 δεκάτας
471 4358 563 4412 καὶ
598 4361 874 4432 ἀπαρχάς,
908 4361 1001 4415 καὶ
1024 4361 1211 4414 λοιπὸν
1235 4361 1557 4434 εἰσέδραμον
1586 4363 1799 4433 ἱερουρο

213 4449 312 4518 γοὶ,
344 4450 586 4521 ἔστησάν
637 4471 697 4508 τε
746 4453 815 4508 τά
872 4454 1076 4526 συνήθη
1139 4454 1372 4525 δρῶντες
1432 4455 1491 4507 ὲν
1548 4454 1625 4526 τῷ
1659 4454 1793 4525 ναῷ.

1896 3272 2044 3320 retur
2064 3263 2130 3316 “.
2165 3261 2302 3316 Hinc
2332 3260 2511 3316 omnia
2546 3260 2598 3314 in
2629 3260 2774 3330 agris
2803 3257 3198 3319 moriebantur,
3223 3265 3278 3308 et
3305 3253 3477 3309 fames
3523 3246 3541 3265 ⁸

1894 3355 2176 3422 saeviebat;
2207 3353 2334 3423 quin
2356 3366 2421 3406 eo
2451 3349 2798 3406 necessitatis
2848 3360 2905 3404 et
2939 3348 3134 3416 inopiae
3163 3346 3488 3413 redigebau-

1898 3456 2004 3512 tur,
2039 3456 2096 3502 ut
2137 3447 2281 3517 ipsos
2335 3458 2549 3515 quoque
2599 3441 2799 3498 liberos
2846 3441 3102 3496 alimenta
3161 3437 3486 3494 habentibus

1899 3538 2136 3593 vendere
2179 3552 2286 3591 nou
2347 3534 2682 3603 refugerent,
2714 3533 2890 3588 donec
2930 3533 3150 3596 Esdras,
3194 3531 3372 3584 divina
3405 3530 3486 3584 ira

1899 3637 2210 3700 perspecta,
2263 3641 2428 3694 super
2475 3627 2558 3680 his
2602 3625 2879 3696 principes
2932 3625 3098 3679 Israel
3157 3622 3485 3690 objurgavit.

1897 3721 2073 3788 Atque
2101 3717 2174 3772 ita
2204 3718 2441 3781 demum,
2472 3730 2779 3785 quanquam
2813 3714 2928 3778 vix,
2960 3712 3187 3767 decimae
3210 3721 3270 3765 et
3297 3708 3489 3777 primi-

1899 3812 1989 3867 tize
2023 3811 2240 3877 oblatze,
2267 3821 2323 3865 et
2351 3825 2417 3865 ex
2446 3823 2510 3861 eo
2535 3808 2848 3862 sacerdotes
2875 3808 2926 3861 in
2962 3804 3219 3875 templum
3252 3801 3489 3873 regressi

1898 3914 2067 3965 stare.
2095 3914 2148 3959 et
2179 3911 2438 3958 consueta
2473 3917 2696 3957 munera
2726 3901 2878 3956 obire
2906 3909 3188 3966 coeperunt
3211 3897 3279 3951 ⁸⁸.
3314 3896 3492 3964 inquit

1897 4011 2049 4065 ergo,
2073 4012 2093 4047 ι
2123 3994 2302 4061 Quare
2319 4008 2415 4048 vos
2433 4008 2520 4047 me
2541 3991 2943 4061 supplantatis?
2969 4011 2986 4043 ι
3012 3991 3198 4044 Annus
3229 4004 3488 4044 consum-

1899 4098 2078 4143 matus
2105 4095 2208 4152 est,
2257 4084 2462 4140 fructus
2485 4085 2720 4149 collecti,
2750 4094 2803 4139 et
2833 4083 2972 4150 apud
3012 4096 3108 4134 vos
3139 4081 3316 4134 adhuc
3361 4085 3491 4134 sunt

1898 4183 2123 4237 decimae
2171 4189 2228 4236 et
2257 4179 2508 4250 primitiae
2555 4178 2762 4248 legibus
2806 4176 3022 4230 debitae.
3066 4192 3085 4226 ι
3117 4173 3182 4228 Et
3225 4173 3278 4227 in
3328 4172 3490 4225 domo

1898 4287 2087 4327 eorum
2115 4270 2250 4336 erit,
2300 4269 2507 4339 inquit,
2555 4269 2743 4336 rapina
2793 4281 3017 4324 eorum:
3047 4282 3066 4316 ι
3110 4279 3172 4317 ac
3211 4263 3256 4317 si
3297 4262 3486 4316 dicat:

1899 4364 2290 4434 Comportastis
2337 4362 2554 4431 quidem
2608 4361 2659 4416 in
2698 4361 2889 4414 domos
2921 4368 3130 4414 vestras
3175 4355 3404 4422 fructus,
3433 4365 3490 4408 et

1901 4456 2240 4510 arbitramini
2293 4453 2520 4508 forsitan
2579 4453 2729 4506 vobis
2779 4465 2874 4507 eos
2931 4449 3107 4505 salvos
3154 4457 3212 4503 ct
3264 4455 3382 4502 tuto
3434 4446 3487 4500 ill

220 4559 236 4588 ι
271 4541 368 4595 Διὰ
392 4543 668 4609 τίτοὶνυν,
705 4546 893 4617 φησὶν,
927 4547 1088 4616 ὑμεῖς
1138 4545 1239 4617 ἐμὲ
1273 4547 1622 4617 πτερνΚετε;
1665 4565 1685 4598 ι
1726 4547 1789 4600 Ti

1903 4550 2108 4604 adibus
2143 4548 2412 4616 repositos
2437 4547 2573 4602 fore.
2605 4545 2964 4605 Evauescent,
2989 4553 3042 4596 et
3071 4557 3100 4594 a
3129 4540 3332 4610 rapinis
3355 4535 3489 4593 nihil

215 4633 328 4699 ετος
363 4636 745 4709 συνετελέσθη,
783 4638 1132 4709 συνήχθησαν
1159 4639 1208 4691 οί
1240 4638 1466 4710 καρποὶ,
1523 4640 1617 4693 καὶ
1665 4642 1789 4710 παρ¹

1906 4640 2175 4696 different.
2193 4640 2511 4710 Alliigemiui
2535 4641 2679 4695 enim
2706 4637 2872 4702 fame,
2896 4635 3110 4692 tametsi
3134 4636 3348 4688 inventa
3365 4645 3488 4686 cum

217 4724 339 4795 ὑμῖν
367 4728 452 4781 ἔτι
483 4728 554 4782 τὰ
581 4730 894 4795 ἑπιδέκατα,
916 4730 1010 4784 καὶ
1037 4731 1095 4784 αἱ
1130 4730 1270 4786 κατὰ
1300 4732 1497 4802 νόμους
1525 4729 1789 4802 ἀπαρχαί.

1904 4731 2104 4787 sudore
2132 4731 2446 4801 collegistis.

223 4839 238 4870 ι
272 4822 378 4876 Καὶ
408 4823 468 4875 ὲν
496 4821 573 4892 τῷ
611 4822 744 4891 οῐκῳ
771 4822 936 4876 αὑτοῦ
967 4822 1120 4878 ἔσται
1141 4865 1156 4889 ,
1222 4823 1408 4896 φησὶν,
1447 4825 1478 4894 ἡ
1553 4822 1831 4894 διαρπαγὴ
1903 4820 2090 4874 αὑτοῦ·
2114 4839 2132 4872 ι
2170 4823 2358 4889 ὅμοιον
2383 4821 2456 4886 ὡς
2484 4821 2532 4874 εί
2586 4819 2756 4890 λέγοιο
2811 4814 3248 4888 Συνεκομίσασθε
3303 4813 3403 4885 μὲν
3430 4812 3490 4880 ἐξ

219 4914 398 4983 ἀγρῶν
439 4915 496 4966 ἐν
533 4917 644 4979 τοῖς
671 4914 840 4978 οἴκοις
865 4915 994 4980 τοὺς
1047 4918 1312 4987 καρποὺς,
1357 4916 1497 4987 τάχα
1558 4933 1662 4970 που
1694 4917 1789 4970 καὶ
1827 4915 2005 4969 οἴεσθε
2068 4911 2338 4979 σώζεσθαί
2375 4931 2438 4968 τε
2501 4915 2630 4984 ὑμῖν
2665 4914 2864 4972 αὑτοὺς
2886 4913 2980 4966 καὶ
3005 4908 3067 4964 εὖ
3121 4908 3334 4963 κεῖσθαι
3371 4906 3491 4960 λίαν

219 5004 274 5056 ὲν
305 5006 501 5069 αὑταῖς
522 5009 643 5070 ταῖς
667 5007 881 5070 οἰκίαις.
923 5008 1426 5080 Ἀφανισθησονται,
1491 5009 1586 5062 καὶ
1641 5008 1792 5061 οὐδὲν
1829 5006 2142 5076 διαρπαγῆς
2191 5006 2384 5060 διοίσει
2448 5007 2510 5060 τὸ
2572 5006 2781 5078 χρῆμα.
2830 5001 3350 5073 Καταπιεσθήσεσθε
3381 4999 3491 5072 γὰρ

220 5097 376 5168 λιμῷ,
398 5099 575 5151 καίτοι
607 5097 1042 5166 συνενεγκόντες,
1075 5099 1226 5171 φησὶ,
1259 5101 1316 5153 ὲν
1339 5100 1522 5171 ἱδρῶτι
1552 5099 1704 5172 μόλις
1732 5098 1800 5152 τὰ
1839 5096 2138 5168 εὑρημένα.

287 5193 560 5265 Εἰσόμεθα
605 5189 698 5247 οὖν
755 5193 1050 5249 κάντεῦθεν
1092 5195 1255 5265 ἡμεῖς
1309 5195 1385 5258 ὡς
1420 5197 1477 5249 ὲν
1536 5196 1789 5268 μεγάλαις

1983 5192 2262 5247 Discemus
2317 5190 2441 5246 hinc
2481 5190 2645 5244 etiam
2698 5205 2797 5244 nos
2837 5187 3018 5260 magni
3071 5185 3318 5242 criminis
3369 5199 3489 5239 .oco

222 5286 417 5351 αἱτίαις
446 5287 688 5340 κείσεται
716 5287 778 5340 τὸ
818 5287 893 5357 μὴ
948 5286 1246 5356 προσάγειν
1291 5286 1410 5357 Θεῷ
1455 5287 1524 5341 τά
1582 5289 1789 5358 εὑχαρι·

1899 5284 2202 5338 ducendum
2233 5299 2338 5338 non
2372 5283 2570 5338 offerre
2604 5283 2712 5337 Deo
2748 5283 2944 5352 quibus
2980 5278 3362 5350 gratitudincm
3395 5293 3488 5333 no-

225 5377 414 5447 στηρια
435 5378 530 5430 καὶ
555 5377 614 5429 δν
662 5377 728 5430 ἂν
763 5376 1050 5448 χαρίσαιτο
1073 5375 1172 5447 τὴν
1201 5375 1476 5448 ἀρκοῦσαν
1504 5377 1789 5448 ἀπονέμειν

1900 5387 2067 5430 stram
2093 5376 2450 5442 ostendimus,
2477 5386 2529 5431 et
2554 5391 2741 5446 agrum
2766 5391 2926 5445 quem
2952 5373 3041 5427 ille
3063 5371 3226 5426 victui
3260 5370 3488 5424 ferendo

225 5465 404 5537 χώραν
425 5469 506 5532 εἰς
531 5467 686 5533 δόξαν
718 5467 906 5522 αὑτοῦ.
951 5467 1094 5522 Ἀλλ’
1123 5469 1172 5520 εἱ
1212 5469 1310 5538 μὲν
1335 5468 1491 5522 τοῦτο
1520 5468 1666 5540 δρῴη
1679 5486 1797 5538 μεν,

227 5554 400 5626 πάντη
449 5575 508 5611 τε
566 5559 659 5612 καὶ
708 5558 927 5621 πάντως
982 5557 1266 5630 εὐλογήσει
1321 5560 1416 5613 καὶ
1469 5560 1800 5631 ἀμφιλαφῶς

229 5648 494 5713 χαριεῖται
528 5647 596 5700 τά
627 5648 827 5702 ἁναθά.
877 5650 940 5703 Εἱ
979 5648 1035 5701 δὲ
1061 5650 1124 5719 δὴ
1159 5649 1256 5722 τὴν
1289 5652 1448 5721 χεῖρα
1489 5653 1800 5708 συστείλαν-

1902 5467 2256 5523 sullicicntem
2283 5468 2582 5532 donaverit,
2610 5468 2676 5522 ad
2705 5466 2929 5537 gloriam
2963 5464 3052 5519 Dei
3083 5463 3304 5518 referre.
3333 5461 3488 5529 Quod

1903 5560 1947 5614 si
1983 5560 2265 5624 faciamus,
2311 5561 2637 5617 omnimodis
2686 5557 2970 5614 benedicet
3004 5566 3058 5614 et
3103 5553 3307 5612 ati‘atim
3352 5554 3488 5608 bona

1906 5652 2183 5724 largietur.
2236 5652 2330 5708 Sin
2359 5664 2561 5717 autem,
2599 5667 2815 5708 manum
2854 5651 3259 5716 contrahentes,
3303 5658 3489 5704 nostro

297 5819 339 5850 ”
370 5819 502 5876 ch.
541 5838 708 5889 xxv",
739 5823 825 5878 36.
906 5825 950 5858 ³⁵
979 5823 1022 5881 ll
1051 5824 1206 5883 Esdr.
1238 5842 1356 5895 xm,
1401 5827 1466 5884 l5
1519 5846 1671 5900 seqq.
1747 5831 1789 5861 ⁸⁵

1891 5830 2040 5886 listlr.
2078 5849 2123 5897 ν,
2168 5832 2183 5885 l
2252 5848 2403 5902 δι’«ιαι.
