4070 6554
634 372 760 460 ’δατ

1687 396 1746 455 8.
1787 395 2064 453 CYBILLI
2102 390 2578 453 ALEXANDRINI
2616 387 2934 446 ARCHIEP.
3078 416 3083 425 -
3791 395 3866 454 us

653 512 1025 573 tantummodo
1065 513 1224 585 genio
1269 519 1490 581 accepta
1541 511 1959 579 reservabimus,
1991 528 2090 569 nec
2119 511 2233 566 ala-

2336 525 2447 572 τες,
2480 507 2670 576 μόναις
2689 507 2813 568 ταῖς
2836 500 3047 556 ἑαυτῶν
3078 502 3308 571 τρυφαῖς
3331 500 3393 554 τὺ
3420 499 3572 554 δοθὲν
3597 506 3867 577 τηρήσομεν,

653 607 823 664 criter
845 605 968 662 aliis
1003 604 1097 661 Dei
1137 604 1277 660 dona
1307 601 1917 660 eommunicaverimus.

650 794 653 797 ’
730 783 892 839 Vsus.
928 781 1115 838 10-12.
1158 780 1491 836 Revertimini
1522 795 1681 850 porro
1712 781 1767 834 in
1810 780 1930 841 hoc,
1963 778 2089 831 dicit
2128 777 2236 831 Do-

655 875 830 929 minus
872 876 1221 941 omnipotens.
1250 871 1310 928 Si
1352 888 1456 927 non
1488 872 1724 940 aperiam
1771 872 1911 927 vobis
1945 881 2239 924 cataractas

655 968 791 1034 cmli,
821 979 870 1023 et
912 968 1179 1037 effundam
1213 966 1354 1021 vobis
1390 965 1799 1019 benedictionem
1837 980 2038 1027 meam,
2076 963 2240 1015 donec

655 1060 894 1130 sufﬁciat.
914 1058 980 1113 Et
1008 1058 1239 1113 dividam
1252 1056 1391 1111 vobis
1418 1057 1474 1110 in
1503 1058 1696 1110 cibum.
1722 1053 1791 1108 Et
1812 1071 1916 1109 non
1940 1054 2240 1121 disperdam

656 1151 797 1206 vobis
830 1152 1063 1219 fructum
1108 1159 1265 1205 terra:
1298 1159 1503 1213 vestrre,
1531 1158 1580 1202 et
1620 1164 1723 1202 non
1766 1146 2125 1216 inﬁrmabitur
2160 1162 2242 1199 ve-

654 1249 766 1293 stra
802 1240 953 1295 vinea
1009 1241 1064 1295 in
1098 1256 1248 1309 agro,
1289 1240 1417 1293 dicit
1461 1238 1720 1293 Dominus
1775 1237 2121 1303 omnipotens.
2172 1238 2238 1290 Et

636 1331 833 1386 beatos
872 1331 1047 1385 dicent
1088 1348 1175 1385 vos
1205 1346 1382 1385 omnes
1411 1341 1607 1400 gentes,
1639 1329 1763 1401 quia
1798 1329 1946 1384 eritis
1985 1329 2112 1383 mihi
2153 1345 2240 1384 vos

657 1433 799 1479 terra
826 1421 1206 1490 desiderabilis,
1234 1422 1359 1476 dicit
1387 1421 1642 1476 Dominus
1675 1423 2018 1489 omnipotens.

723 1686 892 1760 860
917 1685 1162 1744 XXXIX.
1202 1684 1403 1743 lterum
1465 1687 1695 1743 crimina
1750 1687 2007 1754 remittit,
2050 1697 2106 1743 et
2146 1703 2241 1744 eos

653 1782 802 1835 omni
823 1783 981 1853 culpa
997 1778 1251 1845 absolvit,
1279 1779 1679 1849 promittitque,
1706 1779 1959 1836 contritis
1972 1779 2241 1836 oblivione

655 1872 895 1943 injuriis,
917 1881 1101 1943 optata
1135 1873 1497 1937 donaturum,
1525 1882 1578 1927 et
1610 1886 1708 1927 eos
1748 1886 1912 1941 supra
1939 1886 2102 1942 quam
2137 1872 2242 1926 dici
2279 1855 2319 1911 Β

655 1964 829 2036 possit
870 1963 1234 2020 muniﬁcentia
1283 1978 1381 2019 sua
1431 1972 1825 2020 recreaturum.
1879 1962 2003 2017 Vult
2061 1971 2242 2018 autem

656 2056 779 2112 illos
822 2056 937 2125 ipsa
975 2055 1313 2126 experientia
1347 2063 1403 2109 et
1443 2056 1604 2111 rebus
1641 2055 1854 2109 discere
1901 2052 2240 2108 fertilitatem

658 2149 909 2205 utilitatis
931 2148 1329 2219 plenissimam.
1360 2144 1464 2211 Et,
1513 2147 1558 2201 si
1588 2146 1692 2201 hoc
1722 2144 1903 2201 facere
1952 2161 2059 2200 non
2090 2162 2245 2201 recu-

655 2252 799 2307 sent,
833 2240 1139 2312 pluviarum
1168 2240 1555 2296 abundantiam
1586 2251 1642 2295 et
1672 2240 2106 2297 benedictionem
2137 2241 2244 2295 lar-

654 2348 776 2400 gam
820 2331 1068 2401 spondet,
1116 2341 1176 2387 ut
1218 2331 1623 2387 esculentorum
1663 2334 1802 2389 satis
1849 2342 1907 2389 et
1952 2333 2242 2403 plusquam

652 2425 790 2481 satis
832 2424 1101 2489 habeant,
1146 2424 1479 2494 omninoque
1510 2424 1724 2497 frugum
1782 2436 1939 2481 terra;
1979 2437 2243 2496 quantum

653 2515 823 2571 velint
855 2516 1177 2587 percipiant.
1213 2533 1233 2568 ι
1267 2514 1509 2571 Dividam
1540 2516 1711 2584 enim,
1747 2516 1945 2587 inquit,
1974 2515 2028 2570 in
2060 2516 2243 2572 cibum

654 2610 829 2667 vobis.
858 2628 877 2663 ι
913 2608 1160 2665 Verbum
1194 2609 1442 2667 Dividam
1497 2608 1888 2679 interpretare,
1932 2619 2025 2665 aut
2072 2608 2245 2679 Sepa-

655 2703 822 2767 rabo;
852 2710 945 2757 aut
967 2702 1091 2771 quia
1117 2715 1239 2771 qua:
1259 2714 1289 2755 e
1313 2711 1456 2755 terra
1483 2701 1799 2771 gignuntur,
1827 2701 2247 2772 unumquodque

656 2810 813 2850 suum
851 2804 1064 2864 tempus
1102 2792 1267 2849 habet
1296 2808 1406 2863 quo
1435 2794 1518 2848 vel
1552 2794 1754 2849 crescit
1784 2793 1868 2849 vel
1908 2793 2243 2855 maturescit.

656 2887 805 2944 Nihil
851 2902 1014 2960 porro
1061 2885 1375 2942 detrimenti
1426 2900 1711 2956 passurum
1761 2894 1921 2943 terrae
1970 2886 2244 2952 fructum,

657 2995 907 3051 magnam
952 2980 1081 3035 item
1121 2978 1237 3034 fore
1283 2991 1510 3033 uvarum
1542 2978 1793 3048 copiam,
1840 2988 1896 3035 et
1946 2978 2159 3034 vineam
2194 2979 2245 3033 in

628 3082 633 3087 "
657 3072 806 3143 agris
828 3069 1349 3134 luculentissimam,
1376 3082 1435 3124 ut
1463 3069 1533 3124 ad
1566 3070 1937 3125 maturitatem
1976 3068 2249 3140 perductis

656 3163 930 3225 omnibus,
973 3160 1274 3232 pollicetur,
1305 3169 1362 3216 et
1395 3162 1622 3232 posthac
1652 3162 1846 3217 beatos
1885 3160 1963 3215 ait
2011 3161 2149 3225 fore,
2183 3175 2247 3216 ac
2273 3199 2316 3257 ο

632 3254 803 3309 velut
837 3264 1035 3310 terram
1069 3252 1484 3310 desiderabilem
1518 3252 1855 3309 nominatum
1890 3253 1977 3317 iri,
2011 3253 2115 3308 hoc
2141 3264 2243 3321 est,

663 3365 849 3406 arnore
879 3350 1125 3420 dignam,
1160 3357 1379 3421 propter
1421 3349 1697 3407 fructuum
1744 3352 2051 3406 ubertatem
2080 3359 2134 3406 et
2172 3350 2249 3407 fc-

657 3441 1015 3499 cunditatem.

728 3623 831 3692 Qui
889 3622 1053 3694 igitur
1103 3622 1268 3678 habet
1330 3622 1541 3678 viscera
1601 3620 2027 3689 misericordiae,
2085 3624 2248 3679 talem

660 3716 817 3785 plane
859 3714 1170 3785 experietur
1216 3713 1427 3781 Deum,
1486 3722 1543 3769 et
1591 3714 1890 3770 cumulabit
1935 3714 1989 3769 in
2059 3716 2246 3781 caelis,

661 3808 977 3876 fructusque
1018 3806 1269 3860 laborum
1315 3820 1536 3861 suorum
1589 3806 1973 3869 manducabit,
2014 3815 2073 3860 ut
2112 3808 2250 3862 seri-

659 3908 810 3969 ptum
846 3906 930 3953 est
949 3895 1014 3949 ⁸⁸.
1049 3894 1159 3951 Nec
1204 3894 1351 3950 illum
1398 3895 1659 3950 immitem
1702 3905 1757 3951 et
1807 3895 2244 3952 amentissimum

658 3991 881 4045 divitem
938 3988 1258 4051 imitabitur,
1306 4001 1467 4056 quem
1509 3988 1561 4040 in
1621 3986 1879 4055 parabola
1928 3989 2248 4060 evangeliea

660 4081 914 4138 Salvator
943 4081 1124 4136 villam
1157 4095 1313 4136 suam
1350 4078 1663 4150 implevisse
1713 4088 1917 4134 narrat.
1962 4079 2054 4135 llle
2102 4081 2249 4135 enim

658 4177 841 4232 aiebat
874 4193 888 4230 :
927 4194 946 4227 ι
975 4172 1116 4241 Quid
1156 4173 1393 4229 faciam?
1443 4171 1727 4227 Destruam
1778 4173 1976 4229 horrea
2015 4189 2163 4238 mea,
2196 4182 2252 4230 et

658 4268 863 4336 majora
891 4266 1109 4330 faciam,
1135 4274 1190 4320 et
1216 4265 1393 4319 dicam
1416 4263 1613 4318 animae
1642 4278 1774 4319 mea:
1799 4281 1812 4319 :
1836 4264 2053 4331 Anima,
2087 4267 2252 4323 habes

663 4359 830 4415 multa
872 4358 1011 4413 bona
1058 4357 1296 4426 reposita
1352 4355 1405 4411 in
1456 4370 1629 4410 annos
1664 4355 1946 4423 plurimos.
1998 4356 2248 4424 comede,

661 4450 809 4516 bibe,
840 4448 1022 4504 laetare
1042 4448 1110 4501 ⁸⁷.
1137 4466 1157 4499 ι
1192 4445 1461 4516 Cogitanti
1502 4456 1683 4499 autem
1718 4445 1847 4500 talia
1889 4457 1943 4501 et
1977 4446 2283 4516 ignoranti-

2342 598 2455 652 οὐτ’
2483 599 2550 651 ἂν
2579 597 2898 666 ὲπιδοὶημεν
2923 593 3220 665 προθύμως
3253 596 3366 657 τοῖς
3400 592 3583 657 ἄλλοις
3608 596 3680 658 είς
3704 597 3865 668 μέθεξιν

2340 690 2408 743 τὰ
2440 689 2599 761 παρὰ
2636 688 2773 742 Θεοῦ
2798 688 3125 759 δωρήματα.

2426 781 2865 850 Ἐπιστρέψατε
2897 778 2974 848 δὴ
3007 779 3078 833 ἐν
3106 778 3313 842 τούτῳ,
3349 776 3515 847 λέγει
3536 779 3733 848 Κύριος
3760 800 3867 838 παν.

2340 873 2661 945 τοκράτωρ.
2710 872 2853 928 Ἐὰν
2876 870 2960 941 μὴ
3011 870 3237 936 ἀνοίξω
3277 869 3421 940 ὑμῖν
3474 870 3614 936 τοὺς
3639 878 3863 942 καταρῤἀ-

2343 983 2491 1033 κτας
2515 966 2622 1021 τοῦ
2648 964 2934 1035 οὐρανοῦ,
2968 962 3067 1018 καί
3106 961 3294 1032 ἐκχεῶ
3335 960 3457 1030 τὴν
3494 964 3756 1033 εὐλογίαν
3778 984 3860 1036 μου

2341 1058 2502 1127 ὑμῖν,
2532 1057 2642 1124 ἕως
2695 1056 2803 1111 τοῦ
2848 1055 3238 1123 ίκανωθῆναι.
3293 1055 3403 1109 Kal
3444 1054 3723 1109 διαστελῶ
3765 1061 3863 1127 ὑμὶν

2340 1152 2428 1216 εἰς
2444 1149 2704 1218 βρῶσιν.
2737 1146 2849 1203 Kal
2904 1149 2977 1202 οὐ
3019 1147 3107 1216 μὴ
3146 1144 3455 1215 διαφθαρῶ
3494 1146 3631 1217 ὑμῖν
3656 1149 3746 1203 τὸν
3768 1169 3862 1220 καρ-

2341 1242 2461 1296 πὸν
2493 1241 2599 1311 τῆς
2627 1238 2763 1310 τῆς,
2794 1240 2896 1294 καὶ
2926 1240 3000 1293 οὐ
3022 1237 3111 1309 μὴ
3160 1238 3482 1307 ἀσθενήσῃ
3526 1239 3683 1309 ὑμῶν
3734 1243 3763 1306 ἠ
3790 1246 3863 1313 ἀμ.

2341 1338 2529 1401 πελος
2587 1333 2626 1400 ἡ
2655 1332 2727 1387 ἐν
2766 1330 2848 1398 τῷ
2893 1330 3089 1403 amri},
3132 1329 3295 1401 λέγει
3335 1330 3557 1397 Κύριος
3598 1333 3861 1402 παντοκρά-

2340 1445 2475 1495 τωρ.
2544 1424 2655 1481 Καὶ
2719 1423 3151 1495 μακαριοῦσίν-1
3176 1421 3337 1492 ὑμᾶς
3387 1422 3585 1475 πάντα
3628 1423 3693 1478 τὰ
3729 1424 3858 1491 ἔθνη,

2339 1520 2490 1574 διότι
2522 1520 2741 1574 ἔσεσθε
2765 1516 2933 1587 ὑμεῖς
2962 1515 3037 1587 γῆ
3072 1514 3318 1584 θελητὴ,
3358 1513 3525 1585 λέγει
3550 1516 3743 1584 Κύριος
3766 1532 3862 1571 παν-

2340 1612 2660 1683 τοκράτωρ.

2409 1703 2534 1761 ΛΘ’.
2561 1704 2733 1758 Πάλιν
2779 1704 2994 1775 ἀνίησιν
3024 1702 3391 1774 ἐγκλημάτων
3417 1740 3432 1766 ,
3477 1700 3571 1753 καὶ
3598 1700 3859 1755 ἀπαλλάττει

2348 1798 2445 1870 μὲν
2467 1798 2664 1861 αὐτοὺς
2693 1796 2912 1867 ἀπάσης
2937 1795 3138 1859 αίτίας.
3169 1795 3518 1865 ὑπισχνεῖται
3546 1792 3600 1845 δὲ
3628 1794 3711 1846 καὶ
3739 1795 3862 1863 am.

2348 1887 2588 1950 σικάκως
2613 1884 2925 1957 χαριεῖσθαι
2957 1883 3026 1937 τά
3054 1885 3175 1937 κατ’
3206 1883 3397 1954 εὐχὴν,
3416 1882 3513 1935 καὶ
3539 1884 3653 1945 ταῖς
3673 1882 3861 1936 ἐπέκεινα

2345 1977 2504 2046 λόγου
2539 1974 2967 2047 κατευφραίνειν
3022 1971 3387 2043 φιλοτιμίαις.
3449 1971 3692 2025 Βούλεται
3733 1972 3777 2025 δὲ
3804 1973 3862 2026 διὰ

2346 2067 2542 2137 πείρας
2563 2066 2765 2127 αὐτοὺς
2786 2065 2882 2119 καὶ
2919 2064 3265 2135 πραγμάτων
3302 2063 3628 2134 ἀναμαθείν,
3672 2063 3735 2125 ὡς
3757 2062 3861 2116 ἔσται

2348 2157 2564 2220 πάντως
2595 2158 2778 2219 αὐτοῖς
2804 2156 2866 2209 τὺ
2893 2157 3267 2227 καρποφορεῖν
3299 2156 3643 2227 ὀνησιφόρον.
3696 2156 3807 2222 Καὶ,
3830 2160 3861 2209 εί

2343 2249 2505 2301 τοῦτο
2524 2248 2657 2319 δρᾷν
2679 2248 2906 2312 ἕλοιντο,
2934 2245 3269 2302 ηταδὼσειν
3300 2246 3685 2316 ζεπαγγέλλετται
3705 2250 3781 2301 καὶ
3796 2248 3861 2318 τὴν

2344 2338 2454 2393 τῶν
2482 2338 2653 2392 ὑετῶν
2706 2338 2938 2408 ἄφθονον
2964 2336 3232 2409 χορηγίαν
3254 2376 3271 2401 ,
3325 2336 3613 2408 ἀμφιλαφῆ
3652 2336 3702 2390 δὲ
3734 2341 3858 2408 νεῖμαι

2343 2431 2445 2503 τὴν
2473 2429 2746 2499 εὐλογίαν,
2779 2430 2855 2494 ὡς
2888 2429 3033 2502 ἔχειν
3072 2431 3274 2496 αὐτοὺς
3318 2430 3432 2484 τῶν
3482 2428 3733 2507 ἐδωδίμων
3754 2429 3861 2498 ἄφθοσ

2345 2538 2434 2577 νον
2485 2522 2583 2594 τὴν
2637 2521 2997 2595 αὐτάρκειαν,
3057 2522 3153 2577 καὶ
3200 2521 3540 2588 ἁπαξαπλῶς
3589 2520 3687 2574 τῶν
3713 2522 3763 2575 ὲκ
3793 2522 3857 2590 γῆς

2346 2613 2565 2684 ἀγαθῶν
2615 2614 2716 2686 τὴν
2772 2614 3105 2686 ἀποχρῶσαν
3130 2614 3396 2687 ’μέθεξιν.
3440 2635 3459 2668 ι
3491 2614 3739 2669 Διαστελῶ
3760 2615 3858 2683 γὰρ.

2347 2706 2533 2777 φησὶν,
2563 2706 2694 2777 ὑμῖν
2722 2707 2804 2771 είς
2832 2706 3056 2779 βρῶσιν.
3089 2725 3108 2761 s
3146 2707 3221 2761 Τὸ
3252 2707 3308 2761 δὲ
3333 2705 3626 2761 διαστελῶ
3658 2706 3858 2777 νοήσειςῆ

2360 2797 2619 2869 Ἀφοριῶ,
2652 2796 2821 2868 ἤγουν
2852 2799 2934 2852 ὅτι
2964 2797 3074 2852 τῶν
3131 2799 3197 2852 ὲκ
3249 2796 3355 2869 γῆς
3386 2798 3663 2869 φυομένων
3696 2797 3859 2849 ἕκαστον

2348 2888 2480 2944 ῐδιον
2502 2888 2615 2959 ἔχει
2648 2890 2861 2961 καιρὸν,
2888 2889 3015 2944 καθ’
3037 2889 3097 2945 ὃν
3125 2890 3158 2961 ἢ
3190 2890 3405 2960 γίνεται
3444 2888 3647 2961 τυχὸνῆ
3670 2890 3856 2941 πεπαίνε-

2346 2999 2457 3036 ται.
2488 2982 2608 3036 Ὅτι
2635 2982 2694 3036 δὲ
2730 2981 2934 3054 βλάϐης
2986 2982 3207 3055 ἀπάσης
3248 2983 3492 3055 ἀμείνων
3525 2982 3665 3036 ἔσται
3696 2983 3775 3052 τῆς
3794 2982 3860 3050 γῆς

2348 3075 2377 3128 ὁ
2404 3073 2639 3144 καρπὸς,
2676 3074 3017 3147 πολύϐοτρυς
3043 3075 3122 3141 δὲ,
3174 3075 3270 3129 καὶ
3326 3074 3635 3146 εὐοινοτάτη
3662 3073 3800 3142 λίανή
3822 3074 3859 3125 ἐν

2349 3164 2539 3235 ἀγροῖς
2571 3163 2836 3234 ἄμπελος,
2864 3165 3207 3235 ὑπισχνεῖται
3267 3165 3480 3235 σαφῶς,
3529 3166 3599 3228 ὼς
3644 3168 3711 3229 είς
3741 3164 3859 3235 πέρας

2350 3257 2753 3327 ὲνηνεγμένων,
2809 3256 3113 3328 μακαρίους
3153 3256 3423 3334 τέφησιν
3454 3257 3661 3312 ἔσεσθαι
3696 3254 3856 3320 lotum,

2351 3349 2441 3401 καὶ⁹
2467 3342 2558 3402 οἷά
2588 3366 2712 3402 τινα
2767 3349 2873 3419 γῆν
2929 3348 3162 3421 θελητὴν
3204 3348 3605 3421 ὀνομάζεσθαι,
3650 3349 3856 3415 τουτέστι,

2347 3439 2447 3511 τὴν
2474 3439 2794 3512 ἀξιέραστον
2823 3439 2911 3496 διά
2933 3458 2990 3495 τε
3016 3440 3116 3513 τὴν
3168 3441 3505 3513 εὐκαρπίαν,
3550 3443 3637 3497 καὶ
3663 3443 3729 3496 ὅτι
3762 3457 3857 3509 γονι-

2353 3532 2603 3603 μωτάτη.

2420 3621 2630 3676 Οὐκοῦν
2668 3622 2829 3686 εἴτις
2863 3621 2978 3693 ἔχει
3027 3624 3313 3696 σπλάγχνα
3361 3624 3671 3697 οἰκτιρμῶν,
3699 3620 3858 3690 τοιούτῳ

2349 3714 2415 3785 δὴ
2443 3716 2659 3777 πάντως
2708 3712 3086 3783 περιτεύξεται
3113 3714 3193 3786 τῷ
3222 3715 3363 3787 Θεῷ,
3422 3718 3515 3770 καὶ
3561 3712 3855 3783 ἀποωρεὺσει

2353 3807 2450 3875 μὲν
2473 3806 2531 3858 ὲν
2554 3805 2823 3875 οὐρανοῖς,
2856 3804 3091 3873 φάγεται
3118 3804 3177 3858 δὲ
3220 3807 3349 3870 τοὺς
3393 3808 3635 3879 καρποὺς
3658 3806 3745 3859 τῶν
3763 3802 3858 3856 ίδίων

2351 3898 2550 3963 πόνων,
2603 3896 2747 3950 κατὰ
2796 3897 2856 3949 τὸ
2888 3898 3299 3969 γεγραμμένον.
3350 3901 3465 3953 Καὶ
3512 3900 3608 3952 οὐκ
3638 3895 3857 3951 ἔσταικατ⁸

2350 3988 2559 4041 ἐκεῖνον
2616 3987 2707 4043 τὸν
2737 3987 2920 4059 ἀπηνῆ
2970 4005 3032 4042 τε
3072 3989 3164 4043 καί⁵
3216 3990 3546 4044 ἀνούστατον
3579 3984 3859 4052 πλούσιον,δν

2349 4079 2450 4149 τὴν
2478 4078 2658 4150 χώραν
2690 4080 3139 4151 ὲμπεφορηκέναι
3173 4083 3337 4153 φησὶν
3372 4084 3402 4136 ὁ
3442 4082 3625 4153 Σωτὴρ
3661 4082 3710 4133 ὲν
3733 4093 3857 4147 παρα·

2352 4170 2533 4236 ϐολαῖς
2557 4172 2958 4240 εὐαγγελικαῖς.
2991 4173 3051 4226 Ὀ
3072 4173 3171 4243 μὲν
3187 4174 3296 4245 γὰρ
3327 4174 3553 4244 ἔφασκε’
3580 4194 3597 4226 ι
3615 4172 3672 4226 Τί
3693 4171 3857 4241 notion);

2352 4264 2581 4318 Καθελῶ
2619 4282 2719 4335 μου
2770 4264 2870 4329 τὰς
2917 4264 3240 4336 ἀποθήκας,
3305 4269 3399 4321 καὶ
3447 4266 3684 4339 μείζονας
3720 4260 3859 4318 οἰκοδο-

2357 4355 2536 4425 μήσω,
2567 4354 2662 4408 καὶ
2717 4353 2829 4425 ὲρῶ
2874 4357 2942 4426 τῇ
2990 4354 3139 4426 ψυχῇ
3178 4371 3301 4427 μου·
3331 4357 3517 4429 Ψυχὴ,
3576 4356 3703 4427 ἔχεις
3736 4348 3859 4419 ἀγαθᾶ

2354 4444 2583 4515 κείμενα
2611 4446 2690 4507 είς
2718 4444 2813 4515 ἔτη
2838 4443 3028 4509 πολλὰ,
3062 4447 3225 4515 φάγε,
3254 4447 3368 4510 πίε,
3398 4447 3731 4521 εὐφραίνου.»
3771 4441 3859 4493 Σκε-

662 4544 865 4608 futura,
903 4542 1083 4598 Deus:
1119 4558 1138 4593 ι
1170 4540 1378 4604 Stulte,
1420 4538 1627 4607 inquit,
1660 4537 1763 4593 hac
1798 4548 1959 4595 nocte
2006 4548 2253 4609 repetent

2313 4536 2619 4609 )πτομένῳ
2673 4536 2731 4591 δὲ
2771 4537 2840 4590 τὰ
2897 4536 3127 4592 τοιαῦτα
3181 4540 3279 4594 καὶ
3322 4540 3691 4611 ἀμαθαίνοντι,
3740 4534 3858 4595 θεὸς.

663 4651 693 4690 a
747 4644 801 4691 te
849 4634 1084 4689 animam
1143 4642 1339 4688 tuam:
1394 4646 1516 4701 quas
1568 4640 1747 4686 autem
1810 4632 2046 4700 parasti,
2096 4632 2252 4700 cujus

662 4734 825 4784 erunt
846 4726 928 4781 "‘i
955 4744 974 4780 ι
1008 4726 1403 4794 Quamobrem,
1446 4732 1504 4777 ut
1543 4723 1821 4789 dicebam,
1874 4724 2253 4780 benedictione

664 4824 854 4895 plenus
879 4831 963 4879 est
988 4838 1086 4879 sua
1116 4821 1547 4878 communicatis.
1570 4819 1717 4874 Talis
1741 4820 1907 4874 etiam
1942 4820 2253 4889 spirituales

668 4918 869 4973 imbres
907 4931 1002 4973 cor
1033 4916 1151 4986 ejus
1199 4913 1491 4985 irrigantes
1532 4922 1589 4967 et
1620 4909 1842 4966 ’aﬂ‘atim
1886 4911 2254 4966 exbilarantes

666 5010 921 5080 accipiet,
961 5008 1288 5079 pietatisque
1340 5006 1556 5062 fructus
1593 5006 1873 5075 producet,
1926 5004 2059 5058 alias
2096 5004 2253 5057 aliter

665 5113 719 5157 et
755 5102 899 5159 velut
939 5102 1176 5167 divisim,
1210 5101 1405 5171 partim
1444 5100 1735 5165 eharitate,
1770 5098 1966 5168 partim
2001 5097 2253 5167 benigni-

668 5207 781 5251 tate
810 5204 865 5250 et
902 5195 1239 5251 humanitate
1274 5194 1575 5262 reciproca,
1612 5191 2038 5261 fortitudineque
2073 5200 2127 5245 et
2159 5207 2252 5261 pa-

670 5287 858 5342 tientia
886 5286 1196 5343 excellens:
1228 5287 1441 5354 eritque
1469 5284 1610 5339 sicut
1640 5294 1782 5338 terra
1814 5282 1972 5337 beata
2005 5283 2251 5354 frugibus

668 5389 721 5435 et
771 5380 1182 5444 fecundissima,
1234 5378 1525 5445 clarusque
1571 5383 1627 5431 et
1676 5376 1925 5442 celebris,
1980 5384 2035 5432 et
2065 5392 2250 5433 revera

670 5468 828 5539 longe
861 5469 1225 5525 beatissimus.
1262 5486 1280 5519 ι
1315 5466 1503 5521 Melius
1540 5474 1620 5521 est
1655 5466 1797 5520 enim
1831 5481 2025 5522 nomen
2050 5466 2250 5522 bonum

667 5577 830 5632 quam
858 5562 1054 5619 divitias
1082 5561 1283 5625 multae,
1306 5579 1323 5612 ι
1356 5568 1413 5614 ut
1442 5560 1699 5628 scriptum
1727 5568 1807 5613 est
1831 5558 1876 5590 ⁸⁸

751 5830 798 5863 ⁸⁸
830 5829 969 5887 Psal.
1011 5845 1216 5897 cxxvtt,
1265 5828 1318 5885 2.
1398 5830 1438 5861 ⁸⁷
1476 5827 1606 5885 Luc.
1650 5841 1747 5893 xu,
1788 5826 1973 5882 17-19.
2051 5826 2093 5859 ⁸⁸
2122 5825 2256 5883 ibid.
2308 5825 2396 5880 20.

2361 4650 2379 4684 ι
2423 4630 2660 4699 Ἀφρον,
2724 4629 2894 4701 φησὶ,
2964 4629 3138 4703 ταύτῃ
3189 4634 3257 4703 τῇ
3291 4634 3451 4686 νυκτὶ
3504 4633 3599 4704 τὴν
3632 4628 3778 4701 ψυχήν
3800 4640 3858 4677 om

2354 4723 2678 4777 ἀπαιτοῦσιν
2717 4722 2825 4776 ἀπὸ
2856 4721 2970 4776 σοῦ·
3012 4724 3048 4777 ὃ.
3079 4725 3136 4778 δὲ
3170 4723 3499 4796 ἡτοίμασας,
3535 4725 3633 4778 τίνι
3680 4721 3855 4779 Essem

2313 4841 2317 4845 -
2356 4813 2588 4880 Οὐκοῦν,
2624 4815 2699 4876 ὡς
2728 4814 2886 4886 ἔφην,
2909 4815 3166 4885 εὐλογίας
3191 4816 3444 4888 ἔμπλεως
3468 4820 3495 4870 ὁ
3521 4810 3799 4873 κοινωνικός.
3823 4807 3858 4857 ’0

2356 4905 2599 4968 τοιοῦτος
2626 4904 2736 4970 ἕξει
2775 4906 2867 4959 καὶ
2917 4909 3145 4979 νοητοὺς
3197 4908 3387 4970 ὑετοὺς
3433 4906 3760 4977 κατάρδοντας
3796 4900 3859 4965 τὴν

2359 4998 2587 5069 καρδίαν
2622 4998 2713 5051 καὶ
2757 4998 2959 5063 ἱκανῶς
3009 5001 3531 5072 κατευφραίνοντας,
3565 4998 3650 5053 καὶ
3676 4996 3776 5055 τοὺς
3796 4990 3858 5055 τῆς

2359 5090 2641 5154 εὐσεϐείας
2673 5089 2898 5144 ἐκδώσει
2923 5092 3192 5163 καρποὺς,
3225 5093 3415 5149 ἄλλοτε
3454 5092 3620 5153 ἄλλως
3646 5087 3725 5140 καὶ
3748 5078 3859 5135 οἱονεὶ

2342 5197 2482 5243 ηπως
2510 5179 2947 5251 διεσταλμένους,
2984 5181 3145 5235 τοῦτο
3177 5183 3275 5253 μὲν
3299 5184 3507 5254 ἀγάπῃ,
3538 5176 3744 5233 τοῦτοδὲ
3769 5187 3859 5241 χρη·

2369 5273 2584 5342 στὸτητι
2643 5272 2737 5325 καὶ
2801 5272 3143 5345 φιλαλληλία,
3182 5274 3405 5346 ἀνδρείᾳ.
3456 5292 3512 5327 τε
3558 5273 3643 5326 καὶ
3679 5260 3858 5333 ὑπομονῇ

2358 5364 2693 5435 διαπρέπων·
2746 5364 2898 5418 ἔσται
2928 5365 2984 5419 δὲ
3023 5360 3111 5420 οἷά
3136 5384 3221 5428 τις
3262 5366 3536 5439 εὐκαρπος
3573 5363 3656 5417 καὶ
3682 5370 3857 5427 γονιμω-

2359 5460 2493 5529 τάτη
2528 5459 2620 5529 γῆ.
2658 5457 2907 5528 λαμπρός
2959 5475 3018 5512 τε
3050 5458 3145 5512 καὶ
3196 5459 3477 5531 διαϐόητος
3510 5456 3594 5510 καὶ
3626 5440 3856 5524 τρισμακά·

2366 5567 2475 5622 ριος
2504 5548 2739 5617 ἀληθῶς.
2778 5567 2796 5599 ι
2820 5547 3050 5619 Αἱρετὸν
3086 5550 3194 5622 γὰρ
3243 5551 3417 5623 ὄνομα
3460 5548 3610 5605 καλὸν
3640 5546 3665 5616 ἦ
3698 5535 3859 5595 πλοῐτιί

2362 5642 2548 5706 πῂὼς,
2582 5660 2601 5694 ι
2634 5640 2818 5704 καθὼς
2847 5640 3176 5714 γέγραπται.

2476 5825 2518 5855 ⁸⁹
2559 5822 2716 5877 Prov.
2751 5840 2881 5885 xxii,
2920 5823 2968 5880 1.
