4070 6530
161 403 278 460 Νθ
988 407 1543 464 COMMENTARIUS
1584 406 1654 463 IN
1693 402 2101 463 MALACHIAM
2150 405 2596 463 PROPHETAM.
3165 458 3169 462 .
3355 407 3464 464 5εο

254 507 608 592 ἐὔαρύνετε
639 522 732 577 ἐπ’
755 522 860 594 ἐμὲ
895 525 1040 593 τοὺς
1075 528 1300 598 λόγους
1350 528 1538 597 ὑμῶν,
1593 525 1758 596 λέγει
1789 529 1836 584 Α

1937 521 2098 578 Vens.
2135 523 2258 578 15-!
2272 523 2325 579 5.
2376 521 2752 593 Ingravabatis
2791 540 2948 593 super
2973 540 3054 580 me
3085 524 3238 580 verba
3267 535 3457 586 vestra,

166 616 412 682 Κύριος,
476 613 575 668 καὶ
631 615 860 672 εἴπατε·
934 618 1037 672 Ἔν
1082 621 1198 673 τίνι
1260 619 1765 688 κατελαλήσαμεν

1866 609 1993 662 dicit
2032 608 2312 672 Dominus,
2353 616 2401 661 et
2434 608 2648 662 dixistis
2683 623 2704 662 :
2746 605 2813 662 In
2856 623 2960 679 quo
3009 606 3238 661 oblocuti
3281 624 3459 663 sumus

165 706 328 759 κατὰ
349 705 503 771 σοῦ;
550 707 794 762 Εῑπατε’
848 711 1112 778 Μάταιος
1166 715 1200 766 ὀ
1250 711 1562 766 δουλεύων
1601 709 1760 774 Θεῷ,

1866 711 2048 755 contra
2097 704 2183 756 te?
2217 700 2438 755 Dixisti;
2467 716 2486 754 :
2528 701 2706 755 Vanus
2741 702 2830 771 qui
2875 701 3034 754 servit
3084 699 3212 765 Deo,
3255 709 3302 754 et
3335 702 3461 770 quid

169 797 272 850 καὶ
323 797 381 851 τί
415 795 640 863 πλέον,
687 800 777 854 ὅτι
833 801 1227 872 ὲφυλάξαμεν
1277 802 1350 856 τὰ
1405 801 1766 872 φυλάγματα

1866 795 2288 865 amplius,861
2309 797 2431 856 quia
2453 794 2822 848 custodirimus
2839 794 3090 846 mandata
3114 793 3252 862 ejus,
3271 801 3318 846 et
3341 791 3463 862 quia

167 889 387 953 αὑτοῦ,
412 889 512 943 καὶ
546 889 698 945 διότι
729 893 1140 962 ἐπορεύθημεν
1178 894 1365 948 ἱκέται
1412 894 1528 961 πρὸ
1574 908 1763 962 προσ-

1866 887 2250 940 umbulavimus
2290 887 2547 953 supplices
2575 896 2696 940 ante
2733 887 2920 954 faciem
2962 885 3176 938 Domini
3227 883 3463 950 omnipo-

169 978 344 1033 ὠπου
372 980 595 1048 Κυρίου
618 972 1133 1051 παντοκράτορος;
1167 986 1274 1038 Καὶ
1314 984 1432 1037 νῦν
1466 985 1638 1053 ἡμεῖς
1654 1001 1767 1052 μα-

1868 978 2142 1032 tentis”?!
2161 995 2299 1032 nunc
2330 994 2423 1031 nos
2452 981 2626 1032 beatos
2643 980 2870 1032 dicimus
2901 977 3118 1041 alienos,
3154 989 3200 1032 et
3226 978 3465 1042 eamdi/i-

172 1066 492 1138 κομίζομεν
517 1069 900 1139 ἀλλοτρίους,
929 1074 1026 1128 καί
1055 1075 1590 1144 ἀνοικοδομοῦνται
1625 1073 1768 1128 πάνυ

1869 1082 2063 1123 canlur
2091 1087 2268 1124 omnes
2297 1071 2387 1141 qui
2434 1070 2642 1139 faciunt
2688 1071 2871 1140 iniqua
2899 1080 2946 1123 et
2979 1069 3280 1123 restiterunt
3313 1068 3423 1123 Deo
3444 1109 3459 1136 ,

173 1176 273 1225 τες
301 1159 622 1228 ποιοῦντες
658 1161 882 1233 ἄνομα,
917 1166 1014 1219 καί
1049 1166 1439 1236 ἀντέστησαν
1476 1167 1556 1233 τῷ
1608 1166 1730 1232 Θεῷ
1750 1208 1763 1232 ,

1868 1173 1919 1218 et
1950 1163 2082 1218 salvi
2114 1163 2245 1233 facti
2270 1175 2412 1221 sunt.
2451 1163 2578 1218 Haec
2618 1164 2844 1217 oblocuti
2873 1173 2992 1217 sunt
3024 1163 3113 1230 qui
3145 1163 3325 1217 timent
3354 1160 3463 1216 Do-

172 1252 271 1306 καὶ
296 1252 643 1324 ἐσώθησαν.
683 1256 875 1312 Ταῦτα
908 1260 1344 1329 κατελάλησαν
1384 1264 1440 1317 οί
1468 1263 1758 1332 φοϐούμε-

1870 1259 2092 1320 minum,
2119 1259 2471 1329 unusquisque
2498 1259 2567 1313 ad
2600 1259 2900 1330 proximum
2927 1274 3102 1312 suum.
3137 1255 3461 1312 Et'attendit

173 1360 269 1398 νοι
293 1344 408 1400 τὸν
435 1343 673 1414 Κύριον,
704 1347 964 1418 ἕκαστος
1001 1351 1151 1420 πρὸς
1193 1352 1302 1406 τὸν
1349 1355 1618 1422 πλησίον
1642 1351 1769 1408 αὐ-

874 1366 964 1418 τος
1001 1351 1151 1420 πρὸς
1193 1352 1302 1406 τὸν
1349 1355 1618 1422 πλησίον
1642 1351 1769 1408 αὐ·
1875 1349 2154 1413 Dominus,
2182 1359 2229 1403 et
2261 1349 2481 1404 audivit.

171 1434 302 1490 τοῦ.
334 1437 448 1491 Kal
483 1441 793 1511 προσέσχε
819 1443 1053 1510 Κύριος,
1082 1444 1178 1498 καί
1205 1445 1556 1512 είσήκουσε.
1909 1501 1911 1503 ,
2821 1515 2826 1522 ,

241 1525 335 1583 Μ’.
383 1523 518 1584 Ὅτε
563 1531 719 1595 τινὰς
766 1533 872 1587 τῶν
919 1535 1216 1607 γνωρίμων
1272 1537 1648 1609 ὠλισθηκότας
1688 1543 1768 1605 είς

1948 1526 2064 1584 XL.
2093 1528 2334 1595 Quando
2358 1529 2626 1598 quosdam
2659 1537 2815 1585 notos
2844 1536 2897 1584 et
2922 1527 3128 1584 amicos
3158 1528 3212 1584 in
3269 1541 3463 1598 pecca-

171 1623 459 1696 ἀμαρτίαν
485 1627 826 1700 ἐπανορθοῦν
858 1629 1020 1704 ἐθέλῃ
1058 1631 1213 1695 Θεὸς,
1252 1634 1626 1704 παρακομίζει
1669 1636 1769 1706 μὲν

1875 1632 1985 1675 tum
2028 1620 2309 1690 prolapsos
2348 1621 2623 1690 corrigere
2667 1621 2780 1674 vult
2817 1620 2977 1685 Deus,
3004 1622 3058 1675 in
3098 1619 3335 1675 medium
3360 1621 3457 1674 ad-

173 1715 254 1778 είς
284 1715 456 1786 μέσον
484 1717 554 1772 τὰ
592 1719 1010 1791 διεπταισμένα,
1041 1722 1304 1794 διελέγχει
1331 1723 1387 1777 δὲ
1424 1726 1633 1795 σαφῶς,
1675 1727 1770 1781 καὶ

1874 1714 2028 1768 ducit
2061 1713 2321 1774 admissa,
2355 1720 2409 1766 et
2432 1723 2622 1784 aperte
2651 1713 2942 1782 redarguit,
2987 1725 3041 1769 et
3069 1711 3459 1783 expostulando

172 1801 288 1860 οἷον
319 1806 548 1880 πλήττει
582 1814 848 1882 μομφαϊς,
878 1813 965 1866 ἵνα
996 1816 1109 1878 τοῖς
1149 1815 1298 1880 ἰδίοις
1329 1817 1770 1889 ὲπερυθριῶντες

1873 1803 2270 1874 quodammodo
2299 1803 2443 1870 ferit,
2476 1815 2535 1858 ut
2568 1803 2777 1860 delictis
2809 1806 2924 1860 suis
2957 1802 3341 1859 erubescentes
3393 1803 3461 1857 ad

173 1869 876 1975 πλημμελήμασινέέοιντό
896 1922 955 1958 τε
983 1869 1320 1979 μεταφοιτᾷν
1342 1869 1446 1963 ἐπὶ.
1460 1869 1767 1980 ’ἀρε-ινῷ

1876 1900 2096 1955 meliora
2125 1909 2180 1954 et
2214 1900 2431 1955 utiliora
2469 1897 2706 1952 transire
2738 1897 2925 1962 velint,
2953 1905 3009 1951 et
3040 1896 3112 1950 ita
3137 1895 3264 1965 ejus
3299 1894 3463 1950 mise-

175 1992 267 2046 καὶ
293 1993 720 2066 χρησιμώτερα,
763 1996 989 2052 σωθεῖέν
1021 2017 1079 2053 τε
1110 1999 1274 2064 οὕτω,
1311 2001 1404 2055 τὸν
1431 2001 1562 2075 παρ’
1595 2004 1763 2058 αὐτοῦ

1873 1994 2104 2050 ricordia
2137 1995 2406 2064 exquisita
2445 2035 2458 2058 ,
2495 1992 2722 2047 salutem
2757 1990 3040 2046 obtineant
3088 1988 3331 2043 .Accusat
3363 1987 3463 2056 igi-

174 2085 518 2166 ζητήσαντες
569 2086 734 2144 ἔλεον.
783 2089 1037 2144 Δίτιᾶται
1087 2092 1268 2146 τοίνυν
1316 2094 1409 2147 καὶ
1453 2096 1540 2162 ἐφ’
1591 2096 1764 2168 ἑτέρῳ

1873 2096 1960 2142 tur
1990 2099 2045 2142 et
2079 2099 2295 2157 propter
2320 2087 2464 2142 aliud
2487 2085 2780 2149 lsraelitas,
2800 2093 2856 2139 et
2909 2083 3056 2138 velut
3113 2095 3461 2138 communem

176 2176 280 2228 τινὶ
317 2177 452 2241 τοὺς
497 2177 556 2245 ἐξ
594 2177 848 2253 Ἰσραὴλ,
879 2183 974 2236 καὶ
1021 2184 1211 2255 κοινὴν
1258 2183 1448 2258 ὥσπερ
1499 2187 1622 2242 τινὰ
1669 2189 1764 2242 καὶ

1871 2181 2156 2248 quamdam
2183 2180 2414 2250 posteris
2473 2193 2688 2249 quoque
2737 2178 2974 2247 ipsorum
3036 2175 3459 2243 increpationem

173 2271 281 2333 τοῖς
310 2273 436 2341 μετ’
466 2272 665 2338 αὐτοὺς
689 2274 968 2345 ὲξυφαίνει
1005 2277 1105 2350 τὴν
1133 2279 1444 2352 ἐπίπληξιν,
1485 2281 1546 2335 τὸ
1573 2283 1764 2355 χρῆμα

1871 2273 2132 2337 contexit,
2163 2286 2284 2325 cum
2317 2269 2485 2325 sciret
2515 2271 2567 2323 id
2605 2267 2950 2324 commodum
2982 2275 3038 2321 et
3059 2265 3298 2321 salutare"
3319 2264 3465 2318 lutu-

174 2359 328 2426 είδὼς
361 2363 650 2433 ὲπωφελὲς
681 2365 855 2421 ἅπασι
878 2368 973 2421 καὶ
1014 2371 1299 2441 σωτήριον.
1332 2373 1473 2426 Ὅσα
1504 2374 1613 2444 γὰρ
1651 2378 1764 2440 τοῖς

1872 2379 1991 2419 rum
2023 2363 2295 2418 omnibus.
2333 2361 2687 2429 Quaecunque
2725 2360 2867 2416 enim
2903 2358 3140 2427 antiquis
3168 2358 3275 2412 illis
3301 2357 3353 2412 in
3398 2355 3463 2410 ﬁ-

174 2450 277 2520 πρὸ
328 2451 499 2523 ἡμῶν
549 2454 865 2527 συμϐέϐηκε
911 2460 1178 2524 τυπικῶς,
1226 2461 1399 2517 ταῦτα
1453 2466 1763 2536 γέγραπται

1872 2471 2004 2528 gnra
2032 2455 2398 2527 contigerunt,
2423 2453 2488 2508 ad
2535 2463 2777 2507 nostram
2825 2446 3224 2536 correpti‘onern
3259 2450 3463 2519 scripta

176 2543 308 2614 πρὸς
360 2544 650 2601 νουθεσίαν
701 2549 864 2620 ήμῶν
892 2589 907 2615 ,
957 2551 1104 2606 καθά
1153 2570 1318 2625 φησιν
1367 2558 1395 2610 6
1454 2557 1764 2626 σοφώτατος

1871 2557 2016 2613 Sunt,
2036 2548 2174 2604 sicut
2219 2557 2276 2602 et
2319 2546 2758 2618 sapientissimus"
2793 2545 2992 2600 Paulus
3041 2543 3210 2598 ait".
3242 2537 3463 2598 Ineusat

175 2633 408 2699 Παῦλος.
455 2638 706 2693 Αίτιᾶται
749 2640 930 2696 τοίνυν
958 2642 1086 2707 τοὺς
1126 2643 1635 2717 ἀθυροστομοῦντας
1673 2649 1765 2703 αὐ-

1868 2657 1999 2712 ergo
2026 2658 2120 2698 eos
2148 2652 2202 2696 ct
2222 2643 2402 2712 lingua
2429 2639 2831 2694 incontinentes
2853 2647 2909 2693 et
2940 2636 3124 2692 verbis
3154 2634 3462 2690 maledictis

174 2726 294 2790 τοὺς
313 2727 418 2780 καὶ
441 2727 697 2800 παλιμφή
706 2747 830 2801 μοις
849 2733 1060 2803 ῥήμασι
1088 2735 1411 2790 καταλαλεῖν
1428 2739 1760 2809 ᾑρημένους.

1871 2732 2304 2802 deditos.lnquit
2331 2731 2510 2786 enim:
2549 2749 2569 2783 ι
2602 2727 2930 2800 lngravastis
2973 2742 3136 2797 super
3184 2741 3270 2780 me
3299 2726 3461 2781 verba

180 2817 558 2890 «Ἐσαρύνατε
615 2821 747 2894 γὰρ,
817 2825 1004 2894 φησιν,
1069 2827 1156 2879 ἐπ’
1217 2827 1317 2898 ἐμὲ
1382 2832 1511 2895 τοὺς
1571 2831 1763 2901 λόγους

1871 2836 2103 2880 vestra.»
2127 2823 2245 2892 Quo
2272 2834 2456 2879 autem
2487 2823 2740 2878 modo'illi
2772 2820 3459 2886 obtrectarunt'chixistis,

177 2907 348 2989 ὑμῶν.
388 2928 411 2962 ι
451 2910 561 2964 Καὶ
581 2913 735 2977 ποῖος
763 2908 834 2985 ἧν
860 2915 969 2987 ἄρα
999 2916 1097 2987 τῆς
1132 2919 1468 2985 καταλαλιᾶς
1488 2925 1515 2976 6
1537 2924 1759 2995 τρόπος;

1871 2917 2048 2984 inquit
2082 2935 2095 2971 :
2131 2933 2150 2969 ι
2181 2916 2364 2971 Vanus
2397 2923 2478 2971 est
2513 2915 2604 2984 qui
2637 2914 2805 2969 servit
2832 2911 2994 2978 Deo,»
3032 2923 3082 2967 et
3122 2913 3254 2968 nihil
3289 2912 3464 2968 facere

182 3021 198 3052 ι
238 3001 485 3068 Εἴπατε,
536 3006 703 3075 φησί’
753 3006 999 3073 Μάταιος
1035 3011 1064 3062 6
1108 3009 1373 3065 δουλεύων
1416 3014 1564 3085 Θεῷ,
1604 3035 1623 3069 ι
1668 3019 1765 3072 καὶ

1872 3009 2010 3063 lucri
2040 3010 2133 3078 qui
2161 3009 2273 3064 vult
2306 3008 2688 3077 obtemperare
2726 3006 2997 3060 mandatis
3027 3005 3165 3076 ejus,
3190 3004 3293 3060 hoc
3333 3013 3419 3059 est
3444 3045 3459 3071 ,

177 3095 254 3148 ὅτι
291 3096 554 3168 περιττὸν
579 3098 732 3153 οὐδὲν
761 3101 820 3154 ὲν
851 3101 929 3172 τῷ
957 3102 1244 3173 βούλεσθαι
1278 3110 1465 3178 τηρεῖν
1495 3107 1564 3161 τὰ
1595 3109 1765 3178 φυλά-

1872 3101 2161 3172 praeceptis
2185 3116 2286 3172 per
2315 3101 2487 3170 leuem
2519 3101 2782 3155 divinitus
2815 3099 3044 3154 traditis.
3077 3098 3159 3154 Ad
3193 3099 3308 3154 haec
3339 3098 3461 3153 ina-

178 3202 357 3254 γματα
407 3187 612 3254 αὐτοῦ,
656 3188 902 3244 τουτέστι
965 3191 1033 3246 τὰ
1067 3193 1157 3247 διὰ
1190 3194 1356 3266 νόμου
1395 3195 1760 3268 θεσπίσματα.

1874 3211 1941 3250 ne
1970 3205 2073 3259 est,
2102 3193 2336 3258 dixistis,
2375 3192 2680 3261 supplicare
2707 3191 2807 3256 illi,
2834 3191 2884 3244 id
2919 3199 3021 3253 est,
3051 3205 3240 3259 preces
3266 3191 3465 3246 oll‘erre

176 3277 393 3333 Εἰκαῖόν
443 3282 562 3334 ὲστι
609 3282 748 3354 πρὸς
790 3283 986 3355 τούτῳ,
1036 3287 1192 3354 φατὲ,
1241 3288 1337 3342 καὶ
1385 3289 1448 3344 τὸ
1501 3293 1764 3345 ἱκετεύειν

1870 3306 1967 3361 pro
2006 3288 2202 3359 quibus
2230 3285 2469 3340 libuerit.
2490 3285 2582 3339 Est
2603 3299 2736 3339 sane
2761 3283 3150 3339 veracissimus
3174 3285 3461 3342 universo-

177 3371 354 3436 αὑτὸν,
386 3373 640 3426 τουτέστι
692 3374 792 3439 τὰς
824 3375 967 3447 ὑπὲρ
1006 3371 1082 3430 ὧν
1118 3377 1184 3431 ἂν
1216 3379 1424 3433 ἕλοισθε
1465 3381 1765 3451 προσάγειν

1871 3397 1988 3435 rum
2019 3380 2186 3445 Deus,
2216 3379 2341 3433 dum
2371 3378 2483 3432 haec
2509 3377 2670 3442 dicit,
2707 3385 2756 3430 et
2804 3375 2884 3431 sic
2926 3385 3144 3430 accusat
3177 3373 3455 3434 lsraelem.

178 3463 344 3528 λιτάς.
380 3466 494 3518 Kal.
528 3466 736 3538 ἀληθὴς
764 3468 862 3540 μὲν
898 3469 1116 3535 πάντως
1145 3472 1174 3524 6
1209 3471 1315 3525 τῶν
1343 3472 1479 3526 ὅλων
1505 3473 1640 3538 Θεὸς
1659 3514 1672 3539 ,
1715 3477 1763 3528 εί

1867 3472 2037 3539 Quum
2071 3481 2252 3526 autem
2287 3469 2621 3525 blaterantes
2667 3467 2871 3537 peccati
2923 3467 3006 3522 sui
3051 3468 3458 3523 excusationem

181 3555 328 3610 ταυτί
360 3575 426 3611 τε
455 3557 644 3627 λέγοι,
679 3559 776 3614 καὶ
810 3543 1140 3633 καταιτιῷτο
1168 3564 1295 3627 τοὺς
1326 3563 1385 3628 ἐξ
1422 3565 1661 3637 Ἰσραήλ.
1698 3567 1764 3620 Τί

1865 3563 2228 3636 praetendant,
2294 3561 2586 3615 videndum
2637 3569 2742 3615 est.
2795 3557 2940 3614 Mille
2997 3569 3187 3629 gentes
3241 3559 3461 3628 regebat

179 3647 229 3700 δὲ
250 3648 310 3720 δὴ
339 3652 463 3714 τοῖς
493 3651 996 3726 πεφλυαρηκὸσινή
1026 3657 1128 3726 τῆς
1161 3655 1434 3727 ἁμαρτίας
1463 3657 1759 3728 πρόφασις,

1867 3659 2011 3713 Deus
2043 3680 2057 3714 :
2086 3659 2179 3712 sed
2208 3671 2274 3711 ex
2303 3654 2558 3710 omnibus
2589 3669 2748 3708 unam
2780 3653 2966 3722 elegit,
3007 3667 3130 3722 qua:
3162 3661 3353 3708 vocata
3377 3661 3462 3708 est

181 3742 473 3811 ἀναγκαῖον
498 3745 697 3799 εἰπεῖν.
727 3746 918 3818 Μυρία
952 3747 1050 3817 μὲν
1079 3747 1190 3818 γὰρ
1213 3748 1576 3802 κατεδόσκετο
1600 3751 1756 3823 γένη·

1866 3765 2012 3820 pars,
2039 3759 2094 3803 et
2124 3746 2418 3808 funiculus,
2459 3755 2513 3800 et
2543 3745 2834 3801 Increditas
2884 3748 3003 3816 ejus
3027 3747 3072 3778 ⁹¹
3095 3781 3111 3798 .
3167 3744 3298 3799 Eam
3357 3745 3460 3802 sibi

180 3833 286 3888 ἀλλ’
327 3838 397 3889 ἐκ
445 3837 662 3891 πάντων
695 3837 754 3892 ἓν
776 3837 838 3892 τὸ
872 3838 932 3904 ἐξ
975 3839 1194 3912 Ἰσραὴλ
1232 3841 1527 3907 ἐπελέξατο
1554 3845 1581 3896 6
1606 3843 1759 3911 Θεὸς,

1867 3837 2193 3892 vindicatum
2233 3836 2351 3906 lege
2389 3835 2649 3902 instituit,
2684 3849 2782 3906 per
2808 3836 3099 3906 prophetas
3119 3839 3295 3894 eidem
3328 3851 3463 3892 con-

181 3923 485 3996 ὠνόμασται
525 3926 581 3980 δὲ
609 3929 795 4000 μερὶς,
824 3929 921 3984 καὶ
954 3931 1267 4003 σχοίνισμα,
1304 3934 1398 3987 καὶ
1432 3934 1632 4008 κλῆρος
1661 3937 1760 3990 αὑ-

1865 3927 2048 3984 suluit.
2079 3927 2216 3996 Quid
2271 3936 2450 3982 autem
2490 3928 2558 3982 ad
2587 3929 2700 3983 haec
2733 3928 2957 3984 insanus
2979 3927 3462 3985 lsrael?Adoravit

181 4013 284 4068 τοῦ.
321 4017 772 4087 υίκειωσάμενος
800 4018 857 4072 δὲ
891 4019 1354 4093 πεπαιδαγώγηκε
1392 4023 1576 4095 νόμον,
1616 4023 1763 4093 ὠφέ-

1866 4018 2114 4074 militiam
2143 4019 2290 4085 cmli,
2309 4019 2537 4075 servivit
2565 4019 2744 4082 idolis,
2769 4020 2902 4074 dixit
2932 4020 3274 4090 sculptilibus
3299 4037 3312 4074 :
3352 4017 3461 4074 Vos

181 4103 302 4175 λησε
332 4105 428 4160 διὰ
459 4107 778 4180 προφητῶν.
807 4109 920 4163 Καὶ
947 4110 1001 4163 τί
1040 4111 1178 4183 πρὸς
1205 4111 1382 4167 ταῦτα
1415 4113 1700 4187 πέπραχεν
1733 4119 1770 4171 6

1863 4113 1996 4167 estis
2029 4112 2102 4167 dii
2129 4114 2300 4168 nostri
2322 4113 2392 4168 ".
2419 4113 2517 4168 Ast
2555 4113 2935 4168 universorum
2965 4115 3106 4169 Deus
3150 4127 3315 4184 super
3349 4122 3459 4168 tam

179 4197 528 4269 ἀπόπληκτος
564 4200 818 4274 ’Ῑσραήλς
853 4203 1280 4276 Προσκεκύνηκε
1309 4207 1374 4277 τῇ
1407 4207 1759 4279 στρατιᾷτοῦ

1863 4206 2089 4263 nefariis
2117 4207 2416 4263 sceleribus
2444 4223 2552 4262 non
2585 4207 2861 4262 immerito
2885 4207 3216 4277 indignalus,
3275 4206 3459 4262 multis

181 4287 400 4359 οὐρανοῦ
423 4329 438 4354 ,
471 4288 834 4361 λελάτρευκεν
874 4291 1140 4359 εἰδώλοις,
1180 4292 1282 4365 ἔφη
1315 4297 1427 4358 τοῖς
1459 4295 1723 4363 γλυπτοῖς
1742 4317 1756 4330 ο

1861 4299 2038 4353 modis
2061 4299 2113 4354 in
2147 4314 2241 4354 eos
2268 4300 2601 4365 vindicabat,
2631 4309 2683 4354 et
2714 4299 2780 4352 ad
2817 4298 3192 4369 ptenitentiam
3228 4299 3459 4355 vocabat

191 4379 369 4450 Ὑμεῖς
423 4382 547 4435 ἐστε
580 4381 695 4437 θεολ.
732 4383 932 4455 ήμῶν..
960 4385 1375 4457 Ἀγανακτήσας
1406 4388 1631 4454 εἰκότως
1667 4391 1761 4445 ἐπὶ

1863 4391 2028 4456 fame,
2060 4393 2408 4460 corruptione
2451 4394 2595 4448 aeris
2624 4435 2639 4460 ,
2697 4393 2970 4448 fructuum
3014 4393 3272 4462 penuria,
3306 4392 3459 4447 locu-

180 4475 278 4534 τοῖς
301 4473 448 4528 οὕτω
473 4473 667 4538 δεινοῖς
699 4475 1203 4548 ἀνοσιουργήμασιν
1235 4479 1264 4531 6
1292 4478 1401 4532 τῶν
1435 4481 1571 4534 ὅλων
1602 4481 1755 4549 Θεὸς,

1862 4485 1983 4552 stis,
2007 4493 2061 4539 et
2085 4485 2313 4556 brucho,
2341 4484 2512 4540 ictero
2551 4494 2606 4539 et
2635 4500 2818 4540 eruca.
2856 4485 3106 4540 Nondum
3161 4485 3305 4540 enim
3361 4499 3457 4542 eos

181 4564 427 4619 ἐπαίδευε
460 4565 836 4638 πολυτρόπως,
851 4569 1034 4622 καλῶν
1065 4570 1148 4632 είς
1173 4570 1515 4640 μετάγνωσιν
1549 4573 1750 4645 λιμοῖς,
1785 4582 1788 4633 ζ

1863 4592 2021 4631 manu
2055 4577 2230 4630 valida
2254 4577 2420 4633 ferire
2441 4577 2755 4643 voluit,'sed
2791 4580 3190 4647 quodammodo
3224 4579 3455 4635 terricu-

183 4651 618 4726 ἀνεμοφθορίαις.
651 4655 881 4727 καρπῶν
909 4657 1171 4723 ἐνδείαις,
1213 4659 1422 4733 ἀκρίσι,
1463 4662 1558 4748 καὶ
1595 4662 1756 4734 βροῦ-

1864 4666 2138 4735 lamentis,
2166 4677 2222 4723 et
2266 4667 2342 4722 ira
2380 4675 2698 4738 temperata,
2738 4671 2914 4726 adhuc
2971 4671 3037 4726 ad
3087 4672 3456 4742 persequenda

181 4759 269 4812 χῳ,
303 4745 525 4818 ίκτέρῳ,
553 4749 648 4802 καῖ⁵
672 4748 948 4820 κάμπαις.
984 4749 1152 4806 Οὔπω
1173 4752 1283 4824 γὰρ
1310 4745 1567 4826 πλήττειν
1593 4757 1753 4829 ἤθελε

1863 4764 1997 4835 ipsis
2028 4763 2407 4832 conducibilia,
2437 4749 2693 4835 atque'ad
2723 4780 2911 4820 verum
2957 4773 3014 4820 et
3045 4776 3240 4819 natura
3285 4763 3453 4819 Deum

183 4835 311 4906 χειρὶ
344 4839 546 4911 στερεᾷ
572 4877 588 4902 ,
623 4841 906 4912 μονονουχὶ
935 4859 996 4895 τε
1023 4843 1117 4897 καὶ
1147 4846 1466 4914 μετασοϐεῖν
1494 4851 1608 4912 τοῖς
1635 4849 1755 4903 δαί-

1872 4854 2190 4925 liligendum
2235 4858 2473 4928 adigere.
2502 4859 2668 4930 862
2693 4857 2832 4925 Quia
2861 4873 2991 4914 vero
3015 4858 3317 4914 mediocres
3340 4857 3479 4928 pla-‘

184 4927 429 5024 E0611“),
471 4931 564 4984 καὶ
591 4932 928 5005 συμμέτροις
953 4933 1032 4988 ἐτι
1065 4937 1364 5007 κινήμασιν
1402 4938 1495 4993 ἐπὶ
1526 4939 1586 4993 τὸ
1619 4941 1756 5014 δρᾷν

1863 4966 1960 5022 gas
2001 4927 2447 5017 contemnebant,
2502 4927 2940 5024 έινίιηροιοηιει
2966 4953 3019 5007 in
3072 4967 3232 5008 omne
3285 4967 3455 5024 genus

181 5017 384 5075 ἑλέσθαι
425 5022 781 5103 ἰδ-ὠφελοῦν,
816 5026 1032 5081 καὶτὸν
1079 5027 1238 5096 φύσει
1290 5046 1350 5083 τε
1395 5031 1489 5085 καὶ
1533 5033 1755 5106 ἀληθῶς

1864 5044 2189 5114 lmpurilatis
2217 5047 2462 5110 ruebant,
2494 5059 2588 5100 eos
2631 5045 2682 5100 in
2711 5041 3082 5114 captivitatem
3120 5044 3284 5111 misit,
3339 5060 3454 5098 ma-

179 5111 452 5184 ἀγαπῆσαι
470 5114 624 5171 Θεόν.
659 5117 877 5189 Ἐπειδὴ
913 5117 968 5171 δὲ
997 5119 1174 5184 οὐδεὶς
1199 5116 1267 5193 ἦν
1297 5124 1482 5190 αὐτοῖς
1506 5127 1625 5181 οὐδὲ
1656 5129 1751 5184 τοῦ

1865 5111 2128 5205 niliusque
2176 5134 2594 5205 Babyloniorum
2647 5111 2860 5192 obtulit.
2900 5136 3194 5207 Postquam
3247 5147 3452 5201 autem,

183 5206 487 5280 συμμέτρου
517 5208 597 5275 (2)
633 5209 968 5282 πλήττεσθαι
1005 5210 1184 5282 λόγος,
1218 5214 1504 5287 ἁπῴχοντο
1531 5218 1587 5272 δὲ
1613 5220 1748 5291 ἀχα-

1854 5224 1966 5280 Deo
2001 5229 2312 5292 miserante,
2338 5226 2389 5281 in
2434 5225 2673 5281 Iudaeam
2705 5238 2832 5282 sunt
2874 5206 3139 5293 revocati,
3179 5235 3231 5283 et
3262 5227 3450 5282 urbem

181 5295 328 5391 λίνως
352 5302 434 5366 είς
464 5304 575 5357 πᾶν
603 5299 742 5370 εἶδος
774 5303 1137 5377 ἀκαθαρσίας,
1183 5305 1430 5379 ἐπεμψεν
1475 5313 1556 5376 είς
1585 5315 1750 5384 αίχμ-

1858 5317 2278 5386 reaedillcat'unt,
2343 5322 2710 5391 templumque
2752 5322 3080 5383 excitarunt,
3142 5320 3319 5376 denuo
3383 5320 3450 5374 ad

182 5387 426 5462 αλωσίαν,
481 5396 576 5450 καὶ
609 5396 714 5451 ὑπὸ
754 5400 913 5469 χεῖρα
966 5401 1152 5453 πεσεῖν
1207 5403 1593 5473 παρεσκεύασε
1650 5406 1750 5478 τὴν

1861 5409 2128 5481 ignaviam
2175 5411 2425 5478 revoluti,
2451 5425 2574 5468 vola
2613 5430 2715 5469 non
2787 5412 3169 5484 impleverunt,
3202 5426 3302 5468 nec
3346 5409 3447 5482 legi

242 5549 288 5583 ”
319 5552 358 5606 Il
391 5553 516 5610 Cor.
548 5571 603 5622 ιι,
643 5555 732 5610 ll.
808 5557 852 5590 "
887 5559 1045 5614 Deut.
1090 5574 1266 5626 xxx",
1315 5559 1368 5616 9.
1449 5563 1494 5594 θ’
1528 5564 1596 5618 IV
1629 5563 1760 5638 Reg.
1808 5584 1944 5636 xvtt,
1977 5569 2063 5628 16.

251 5708 322 5798 (ξ.)
355 5711 676 5784 Corruptam
711 5723 840 5786 puto
880 5729 1064 5771 vocem
1097 5731 1110 5770 :
1149 5715 1287 5773 forte
1317 5717 1600 5791 legendum
1631 5720 1743 5774 δεί-

1859 5725 2192 5798 συμμέτρως
2235 5727 2313 5782 vcl
2365 5744 2462 5782 ουν
2519 5727 2728 5798 μέτρῳ,
2782 5727 2909 5794 quia
2959 5744 3088 5798 t'ero
3137 5729 3282 5784 nulla
3333 5737 3451 5784 erat

187 5791 484 5872 ﬂigi-“Ah.
595 5869 628 5872 Α
993 5855 1029 5872 μ
1100 5858 1110 5872 Ι
1185 5857 1221 5872 μ
1329 5857 1376 5872 η
1621 5861 1630 5872 _
1709 5862 1720 5872 _
1859 5791 1999 5862 (qud
2022 5791 2107 5854 eos
2144 5799 2296 5864 ratio,
2335 5802 2474 5868 quod
2505 5791 2580 5852 in
2606 5791 2891 5854 mediocres
2911 5797 3098 5872 pingas
3136 5801 3454 5855 acciverant.

245 5849 637 5919 (‘2)Cotelerius
688 5854 948 5925 (Monum.
985 5855 1130 5912 Eccl.
1181 5857 1274 5912 Gr.
1319 5857 1402 5928 ll,
1443 5860 1570 5932 562)
1619 5861 1747 5933 legit
