4070 6524
145 389 275 446 353

978 381 1539 440 COMMENTARIUS
1575 381 1642 439 IN
1683 381 2094 440 MALACHIAM
2135 380 2585 442 PROPHETAM.

3348 396 3454 454 354

231 501 370 556 MA'.
428 496 1003 569 Κατακερτομούντων
1052 496 1216 552 αὑτὸν
1256 497 1368 552 τῶν
1413 495 1474 563 ἐξ
1518 497 1789 570 Ἰσραὴλν

1936 493 2074 552 XLI.
2106 495 2385 554 lsraelitas
2417 513 2539 554 sese
2565 498 2939 570 criminantes,
2969 513 3025 561 et
3063 506 3228 579 impie
3279 511 3454 570 blate-

146 595 264 649 καὶ
280 592 468 648 ἀνόσια
496 590 617 644 κατ’
648 589 818 644 αὐτοῦ
847 589 1319 662 πεφλυαρηκότων
1347 591 1622 661 προσέσχε
1652 590 1753 662 μὲν

147 687 264 741 καὶ
308 687 652 756 είσὴκουσεν.
704 678 839 738 Εἶτα
889 683 1010 737 δέον
1054 685 1169 748 τοῖς
1211 683 1625 756 ἡμαρτημένοις
1657 684 1756 756 τὴν

148 777 486 849 πράττουσαν
509 777 817 848 ὲπαρτῆσαι
844 775 1025 848 δίκην,
1059 777 1154 831 καὶ
1184 777 1312 841 τοὺς
1332 777 1434 847 τῆς
1462 776 1758 850 ἀθυροστο-

155 868 301 939 μίας
362 867 702 940 πράττεσθαι
763 866 958 936 λόγους
985 904 1000 931 ,
1059 868 1287 940 πάρεισι
1345 868 1445 940 μὲν
1496 868 1573 934 ὡς
1622 869 1756 935 Θεὸς

155 960 564 1033 ἁμνησικάκως
593 959 890 1015 καὶτοῦτο.
924 960 1135 1032 Γράφει
1182 960 1240 1014 δὲ
1289 961 1496 1032 βιϐλίον
1540 978 1754 1034 μνημο-

161 1054 334 1109 σύνου
373 1055 490 1116 τοῖς
521 1051 879 1123 φοϐουμένοις
919 1052 1101 1116 αὐτὸν,
1140 1052 1270 1123 περὶ
1296 1045 1394 1117 ὧν,
1429 1047 1587 1124 οἶμαί
1629 1069 1752 1117 που,

158 1145 266 1198 καὶ
312 1143 476 1208 αὐτὸς
528 1143 769 1212 έφασκεν
838 1144 868 1196 ὁ
924 1142 1090 1196 Δαϐὶδ
1140 1143 1278 1214 πρὸς
1334 1143 1426 1198 τὸν
1473 1144 1758 1214 γράφοντα

157 1234 414 1305 βιϐλίον·
471 1253 490 1285 ι
526 1234 640 1287 Καὶ
671 1232 766 1288 ἐπὶ
814 1231 878 1287 τδ
924 1231 1130 1305 βιϐλίον
1162 1250 1259 1288 σου
1294 1233 1496 1298 πάντες
1542 1235 1763 1306 γραφή-

153 1341 379 1380 σονται.
416 1344 436 1377 ι

230 1416 567 1487 Εὑρήσομεν
594 1414 650 1469 δὲ
676 1413 842 1470 αὑτὸν
881 1414 973 1469 τὸν
1002 1414 1208 1488 Κύριον
1237 1415 1396 1488 ήμῶν
1433 1417 1641 1488 Ἰησοῦν
1666 1416 1758 1472 τὸν

150 1509 404 1581 Χριστὸν
427 1512 541 1574 τοῖς
569 1507 750 1577 ἁγίοις
781 1507 1011 1577 λέγοντα
1039 1509 1311 1580 μαθηταῖς
1331 1524 1344 1539 ο
1377 1528 1396 1562 ι
1422 1511 1513 1580 Μὴ
1535 1510 1757 1582 χαίρετε

151 1602 244 1654 ὅτι
275 1600 350 1653 τὰ
369 1600 622 1669 δαιμόνια
656 1599 1026 1653 ὑποτάσσεται
1054 1600 1203 1671 ὑμῖνο
1225 1598 1445 1671 χαίρετε
1470 1600 1526 1653 δὲ
1557 1600 1758 1671 μᾶλλον

150 1691 244 1744 ὃτι
273 1691 343 1744 τὰ
378 1691 620 1760 ὀνόματα
653 1688 808 1759 ὑμῶν
837 1689 1160 1759 ἐγράφησαν
1195 1689 1254 1742 ὲν
1288 1691 1401 1752 τοῖς
1431 1688 1698 1759 οὐρανοῖς.
1731 1706 1752 1743 ο

168 1784 490 1854 Ἐπαρᾶται
532 1780 588 1834 δὲ
631 1780 836 1854 σφόδρα
874 1780 1102 1845 εἰκότως
1151 1783 1179 1834 ό
1221 1779 1510 1843 Θεσπέσιος
1557 1779 1754 1845 Δαϐὶδ,

1857 597 2046 647 rantes
2071 589 2304 646 attendit
2331 599 2385 646 et
2410 590 2622 648 audivit
2656 592 2818 650 Deus.
2855 594 3060 654 Deinde
3095 615 3216 655 cum
3250 603 3304 658 in
3332 618 3456 662 reos

1856 695 2072 753 prauam
2097 680 2357 751 aequalem
2409 685 2739 740 constituere
2764 697 3060 757 oporteret,
3086 701 3141 746 et
3167 694 3455 750 verborum

1856 769 2215 841 petulantium
2250 773 2516 828 rationem
2569 790 2878 846 reposcere,
2923 781 3025 836 hoc
3053 783 3212 837 etiam
3249 785 3461 853 injuriae

1860 873 1918 917 ut
1951 861 2092 919 Deus
2139 864 2426 920 immemor
2479 871 2870 936 praetermittit.
2902 872 3102 929 Scribit
3162 886 3340 932 autem
3395 878 3461 933 li-

1859 954 2018 1010 brum
2050 959 2385 1013 monumenti
2417 958 2732 1016 timentibus
2794 964 2991 1032 ipsum,
3024 966 3090 1022 de
3134 968 3350 1037 quibus,
3404 970 3459 1024 ui

1857 1044 2038 1112 fallor,
2060 1058 2112 1103 et
2143 1049 2255 1118 ipse
2279 1049 2450 1106 David
2485 1053 2742 1108 scribenti
2790 1054 2991 1112 librum
3018 1058 3162 1114 hunc
3192 1073 3208 1114 :
3249 1077 3268 1111 ι
3306 1059 3371 1115 Ει
3404 1061 3458 1116 in

1857 1142 1997 1199 libro
2030 1152 2122 1200 tuo
2150 1159 2340 1201 omnes
2361 1147 2674 1203 scribentur
2698 1148 2765 1203 ".
2795 1169 2816 1201 ι

1934 1409 2262 1469 Dixitetiam
2289 1415 2519 1486 ipsemet
2558 1416 2821 1474 Domiuns
2858 1426 3046 1474 noster
3083 1417 3331 1478 Christus
3379 1421 3459 1479 di-

1861 1500 2087 1573 scipulis
2125 1504 2240 1559 suis
2274 1522 2286 1558 :
2322 1523 2339 1556 ι
2376 1504 2554 1560 Nolite
2577 1508 2813 1576 gaudere
2842 1508 2968 1579 quia
3006 1509 3272 1567 daemonia
3330 1516 3458 1568 sub-

1854 1591 2120 1662 jiciuntur
2143 1596 2296 1652 vobis
2329 1615 2343 1650 :
2377 1597 2604 1668 gaudete
2637 1610 2818 1654 autem
2852 1602 3030 1670 potius
3056 1602 3185 1672 quia
3240 1604 3455 1659 nomina

1859 1697 2039 1742 vestra
2070 1689 2269 1759 scripta
2298 1701 2424 1745 sunt
2459 1691 2510 1746 in
2550 1692 2706 1747 caelis
2743 1693 2839 1746 ⁸⁸.»
2882 1694 3016 1750 Maio
3043 1705 3294 1764 precatur
3323 1712 3460 1766 quo-

1867 1795 1994 1850 que,
2019 1788 2073 1835 et
2106 1782 2323 1852 quidem
2367 1784 2684 1853 justissime.
2707 1786 2920 1841 divinus
2955 1787 3120 1843 David
3145 1787 3454 1846 Judaeorum

154 1878 278 1939 τοῖς
326 1873 596 1928 Ἰουδαίων
625 1872 818 1944 δήμοις
847 1873 1171 1926 ἀπεκτονόσι
1194 1872 1450 1944 Χριστὸν,
1493 1871 1638 1926 οῦτω
1669 1871 1756 1925 λέ·
1786 1858 1789 1914 Ῐ

1871 1874 2071 1943 populis
2098 1874 2299 1930 Christi
2325 1874 2768 1932 interfectoribus
2794 1877 2878 1931 his
2900 1879 3079 1934 verbis
3106 1894 3121 1931 :
3161 1899 3180 1932 ι
3215 1879 3458 1934 Delean-

156 1987 315 2040 γων·
370 1990 388 2022 ι
432 1967 940 2039 Ἐξαλειφθήτωσαν
997 1967 1064 2020 ἐκ
1120 1965 1300 2036 βίϐλου
1353 1964 1571 2029 ζώντων
1599 2005 1612 2030 ,
1662 1965 1758 2019 καὶ

1871 1973 1950 2019 tur
2007 1963 2074 2018 de
2114 1963 2251 2017 libro
2286 1964 2570 2020 viventiun
2593 2004 2608 2029 ,
2641 1973 2696 2019 et
2721 1981 2843 2019 cum
2869 1965 3032 2035 justis
3057 1982 3161 2022 non
3214 1970 3459 2024 scriban-

160 2063 319 2134 μετά
355 2061 577 2116 δικαίων
629 2059 706 2132 μὴ
753 2061 1145 2132 γραφήτωσαν.
1191 2078 1210 2110 ι
1263 2057 1542 2132 Γράφεται
1578 2056 1759 2112 τοίνυν

1871 2063 1951 2111 tur
1981 2056 2052 2110 ’⁷.
2095 2074 2112 2107 ι
2153 2053 2428 2110 Scribitur
2459 2070 2590 2125 ergo
2630 2055 2768 2111 liber
2811 2059 3147 2114 monumenti
3213 2061 3458 2116 timenti-

157 2156 222 2210 τὸ
269 2154 370 2208 τοῦ
418 2153 766 2225 μνημοσύνου
812 2149 1017 2221 βιϐλίον
1055 2151 1168 2214 τοῖς
1209 2149 1569 2220 φοϐουμένοις
1601 2148 1755 2213 Θεὸν,

1871 2150 1964 2204 bus
1996 2147 2306 2211 Dominum,
2338 2161 2476 2217 quos
2507 2147 2636 2201 item
2682 2147 2782 2202 sibi
2821 2148 3150 2207 domesticos
3188 2161 3245 2207 et
3295 2151 3453 2208 fatui-

158 2246 258 2310 οῦς
292 2247 390 2300 καὶ
424 2245 656 2306 οἰκείους
681 2242 902 2296 έσεσθαί
932 2259 1099 2315 φησιν
1123 2241 1304 2314 ἑαυτῴ
1335 2244 1430 2296 καὶ
1463 2259 1756 2314 γνωριμω-

1871 2240 2178 2296 liarissimos
2196 2247 2438 2310 tempore
2460 2239 2834 2310 acquisilionis
2847 2239 2963 2298 fore
2981 2241 3231 2308 afﬁrmat,
3246 2247 3461 2315 quando

157 2338 369 2402 τάτους
403 2337 546 2390 κατὰ
581 2351 645 2405 γε
691 2335 784 2388 τὸν
821 2334 920 2406 τῆς
967 2335 1374 2406 περιποιήσεως
1412 2334 1626 2406 καιρὸν,
1669 2337 1758 2389 ὅτε

1871 2334 2068 2390 scilicet
2093 2334 2306 2388 sedebit
2326 2333 2579 2389 Christus
2613 2349 2778 2404 super
2809 2336 3063 2390 thronum
3092 2337 3280 2408 gloria:
3323 2357 3456 2408 suae,

161 2430 443 2486 καθιετται
492 2429 590 2500 μὲν
625 2428 654 2480 ό
697 2426 934 2498 Χριστὸς
978 2427 1073 2480 ἐπὶ
1125 2426 1319 2498 θρόνου
1364 2427 1525 2497 δόξης
1567 2427 1755 2493 αὐτοῦ,

1871 2424 2192 2494 ςιὶροιιιίυιιε
2246 2424 2454 2494 angelis
2484 2439 2498 2478 :
2534 2442 2553 2477 ι
2591 2425 2657 2480 Et
2711 2435 2912 2481 statuet
2963 2441 3095 2483 oves
3156 2445 3187 2484 a
3225 2430 3458 2494 dextris,

160 2522 616 2595 δορυφορούντων
645 2520 893 2591 ἀγγέλων
915 2534 930 2549 °
972 2536 992 2572 α
1026 2520 1138 2574 Καὶ
1189 2521 1377 2591 στήσει
1406 2519 1476 2574 τὰ
1508 2521 1608 2591 μὲν
1634 2519 1762 2590 πρόο

1871 2516 2044 2571 bardos
2069 2528 2250 2572 autem
2282 2530 2312 2569 a
2360 2514 2620 2580 sinistris,
2646 2525 2702 2572 et
2746 2517 2888 2574 dicet
2920 2520 3004 2575 his
3039 2521 3132 2591 qui
3163 2537 3193 2575 a
3255 2524 3461 2578 dextris

161 2613 316 2668 ϐατα
343 2617 406 2667 ὲκ
431 2613 644 2680 δεξιῶν,
674 2612 743 2665 τά
773 2611 832 2666 δὲ
861 2611 1049 2681 ἐρίφια
1078 2609 1139 2676 ἐξ
1169 2611 1490 2682 εὐωνύμων,
1525 2611 1622 2664 καὶ
1645 2613 1762 2681 ὲρεῖ

1871 2608 2022 2664 erunt
2059 2626 2071 2663 :
2109 2608 2323 2674 Venite,
2359 2607 2628 2664 benedicti
2678 2607 2856 2666 Patris
2897 2616 3024 2680 mei,
3057 2612 3320 2683 percipite
3372 2631 3461 2670 re-

161 2711 281 2772 τοῖς
323 2711 386 2760 ἐκ
421 2706 641 2772 δεξιῶν·
693 2703 882 2768 Δεῦτε,
917 2706 964 2757 oi
1009 2704 1366 2775 εὐλογημένοι
1417 2703 1510 2758 τοῦ
1547 2704 1762 2776 Πατρός

1871 2716 2026 2769 gnum
2107 2698 2254 2769 quod
2329 2698 2490 2754 vobis
2539 2709 2790 2768 paratum
2847 2711 2931 2756 est
2989 2717 3018 2755 a
3073 2704 3460 2759 constitutione

165 2818 301 2871 μου,
353 2799 800 2871 κληρονομήσατε
851 2798 951 2868 τὴν
1000 2798 1412 2869 ἡτοιμασμένην
1446 2798 1576 2868 ύμῖν
1607 2797 1762 2868 βασι-

1871 2789 2049 2844 mundi
2075 2789 2143 2843 ’⁸.
2185 2807 2203 2841 ι
2237 2787 2390 2843 Tunc
2419 2788 2563 2844 enim
2595 2804 2689 2844 eos
2736 2789 2932 2859 eliget,
2964 2791 3068 2848 hoc
3121 2804 3204 2850 est
3255 2795 3461 2851 electos

162 2895 327 2948 λείαν
371 2895 479 2947 ἀπὸ
525 2892 833 2964 καταϐολῆς
874 2892 1107 2962 κόσμου.
1145 2911 1162 2943 ι
1217 2892 1351 2944 Τότε
1397 2890 1506 2961 γὰρ
1563 2891 1763 2956 αὐτοὺς

1871 2881 2049 2948 faciet,
2088 2882 2446 2952 philostorgia
2499 2889 2552 2937 et
2583 2897 2771 2938 amore
2806 2884 2896 2940 illo
2919 2885 3182 2955 singulari
3216 2887 3350 2942 nihil
3374 2902 3465 2943 ce-

163 2988 430 3059 αίρετιεῖ,
460 2985 738 3038 τουτέστιν
793 2985 1046 3055 αίρετοὺς
1072 2985 1379 3055 ποιήσεται,
1414 2980 1763 3053 παραχωρῶν

1871 2971 1999 3025 deus
2023 2971 2276 3040 patribus
2302 2971 2628 3041 nostris,qui
2668 2988 2832 3043 super
2863 2975 2987 3030 filiis
3011 2978 3307 3042 exsultant,
3335 2994 3460 3033 cum

163 3079 330 3134 οὐδὲν
363 3080 445 3141 είς
495 3076 880 3148 φιλοστοργίαν
907 3079 1020 3140 τοῖς
1055 3075 1177 3130 καθ’
1207 3077 1354 3147 ἡμᾶς
1385 3075 1677 3146 πατράσιν,
1712 3073 1763 3128 οἳ

1871 3072 1996 3117 sunt
2023 3077 2184 3131 quam
2217 3063 2605 3134 sapientissimi
2625 3074 2679 3120 et
2695 3066 2950 3137 morigeri
2983 3087 2997 3122 :
3023 3078 3318 3140 etquorum
3339 3079 3462 3126 satu

165 3174 284 3238 τοῖς
342 3167 492 3235 ίδὶοις
542 3169 899 3238 ὲπιγάνυνται
930 3169 1164 3232 τέκνοις,
1207 3167 1335 3222 ὅταν
1377 3163 1488 3220 εἷεν
1529 3166 1763 3237 μάλιστα
1790 3215 1831 3238 η
1868 3154 2213 3225 progenerati
2261 3163 2387 3210 ευιιι
2419 3193 2435 3212 θ
2489 3170 2586 3211 008
2647 3169 2860 3212 Summa
2920 3159 3264 3215 observantia
3330 3175 3458 3230 pro-

168 3262 322 3331 σοφά
350 3262 444 3315 καὶ
481 3261 696 3332 εὐήνια,
730 3259 827 3314 καὶ
855 3259 944 3312 διὰ
972 3259 1234 3330 πλείστης
1269 3257 1451 3323 αίδοῦς
1480 3256 1762 3313 ποιοῦνται

168 3353 304 3416 τοὺς
336 3351 632 3421 φύσαντας.

243 3443 362 3499 Καὶ
404 3442 958 3512 ἐπιστραφήσεσθε,
1010 3441 1108 3496 καὶ
1152 3440 1382 3510 ὄψεσθε
1419 3442 1537 3497 ἀνὰ
1571 3442 1771 3511 μέσον

169 3537 447 3600 δικαίου,
485 3536 583 3589 καὶ
621 3535 738 3589 ἀνὰ
771 3535 968 3604 μέσον
1010 3535 1262 3603 ἀνόμου,
1303 3534 1402 3586 καὶ
1431 3534 1548 3588 ἀνὰ
1571 3534 1770 3604 μέσον

172 3628 285 3684 τοῦ
359 3626 764 3691 δουλεύοντος
820 3624 902 3690 τῷ
969 3623 1120 3691 Θεῷ,
1169 3624 1269 3680 καί
1330 3624 1436 3678 τοῦ
1484 3625 1570 3695 μὴ
1632 3624 1772 3679 δου-

173 3721 494 3785 λεύοντος.

247 3811 389 3868 MB’.
433 3810 568 3864 Τότε
605 3809 691 3879 δὴ,
728 3807 871 3873 τότε,
904 3807 1060 3878 φησὶ,
1084 3809 1183 3879 τῆς
1215 3807 1358 3861 οὕτω
1401 3806 1667 3879 λαθραίας
1695 3806 1772 3860 εί-

175 3902 516 3974 καιομυθίας
564 3901 1049 3972 ἀποπαυσάμενοι,
1097 3901 1193 3954 καὶ
1246 3901 1350 3972 τὴν
1405 3901 1626 3973 ἀκρατῆ
1677 3902 1772 3956 καὶ

173 3995 511 4050 ἀπαίδευτον
540 3993 941 4056 ἀνακόπτοντες
984 3991 1261 4061 γλῶσσαν,
1294 3992 1768 4066 διαλοιδορήσεσθε

181 4089 282 4160 μὲν
332 4087 434 4140 οὐκ
477 4086 557 4139 ἔτι
603 4084 681 4157 τῷ
721 4085 1001 4158 φιλαρέτῳ
1042 4084 1196 4157 Θεῷ,
1242 4087 1526 4157 μονονουχὶ
1567 4087 1626 4140 δὲ
1671 4087 1772 4159 τὴν

182 4181 364 4253 μέθην
412 4179 898 4250 ἀποπεμψάμενοι,
944 4180 1040 4234 καὶ
1080 4174 1192 4233 οἷον
1234 4180 1662 4251 ἐπιστρέφοντες
1706 4182 1774 4236 ἐκ

183 4272 426 4341 πλάνης,
451 4268 510 4324 εὖ
548 4271 694 4341 μάλα
732 4270 1110 4342 καταθρήσετε
1143 4271 1264 4325 τότε
1300 4273 1395 4327 καὶ
1422 4274 1546 4328 ὅσον
1571 4276 1691 4328 ἐστὶ
1714 4275 1774 4329 τὸ

186 4362 400 4434 μεταξὺ
429 4362 638 4416 δικαίου
671 4361 765 4416 καὶ
793 4362 1018 4433 ἀνόμου,
1048 4361 1144 4415 τοῦ
1167 4362 1512 4429 δουλεύοντος
1534 4365 1653 4438 Θεῴ
1677 4367 1774 4421 καὶ

181 4455 277 4510 Ιτοῦ
329 4454 406 4526 μὴ
450 4452 814 4518 δουλεύοντος.
843 4455 906 4507 Ui
938 4453 1039 4525 μὲν
1074 4453 1186 4526 γὰρ
1219 4455 1412 4526 ἄνομοι
1451 4473 1510 4512 τε
1555 4459 1649 4512 καὶ
1683 4458 1774 4526 ἐξ-

1869 3257 2197 3317 sequuntur.

1941 3431 2105 3486 Vsus.
2148 3430 2232 3485 l8.
2265 3429 2335 3484 Et
2379 3431 2782 3500 convertimini,
2817 3442 2865 3488 et
2917 3433 3152 3489 videbitis
3199 3434 3328 3505 quid
3394 3436 3461 3489 sit

1869 3526 2011 3579 inter
2050 3525 2258 3593 justum
2323 3532 2372 3578 et
2417 3524 2715 3594 iniustum,
2773 3536 2824 3581 et
2873 3526 3012 3582 inter
3039 3526 3209 3601 864
3238 3528 3464 3584 seruien-

1870 3627 1971 3674 tem
1999 3616 2108 3672 Deo
2135 3658 2150 3678 .
2172 3628 2218 3672 et
2249 3633 2351 3671 non
2375 3618 2681 3672 serviente»:
2705 3619 2776 3674 ei.

1947 3798 2103 3856 XLII.
2143 3799 2313 3866 Tunc,
2339 3807 2487 3867 tunc,
2517 3798 2711 3870 inquit,
2738 3798 2806 3855 ab
2829 3799 2927 3855 ista
2955 3799 3286 3857 clandestina
3312 3801 3465 3858 vani-

1873 3887 2145 3960 loquentia
2173 3889 2506 3953 desinentes,
2562 3899 2615 3942 et
2647 3889 3069 3944 incontinentem
3127 3906 3191 3946 ac
3242 3893 3462 3948 stultam

1873 3984 2111 4052 linguam
2161 3982 2737 4051 compesceutes,Deo
2793 3983 3049 4038 bonitatis
3097 3985 3301 4039 amanti
3353 4000 3463 4041 non

1874 4075 2106 4145 amplius
2134 4073 2522 4144 obloquemiui,
2552 4084 2604 4128 et
2634 4076 3021 4145 propemodum
3055 4076 3318 4130 ebrietate
3372 4093 3460 4132 re-

1874 4168 2118 4239 pudiata,
2145 4177 2199 4221 et
2238 4167 2392 4237 quasi
2429 4168 2564 4238 pede
2588 4168 2655 4220 ab
2690 4180 2878 4221 errore
2903 4177 3175 4233 revocato,
3231 4167 3466 4224 intuebi-

1875 4259 2010 4316 mini
2041 4259 2343 4315 clarissime
2374 4259 2520 4329 quod
2549 4268 2604 4313 et
2652 4268 2912 4328 quantum
2970 4259 3111 4313 inter
3154 4259 3359 4328 justum
3410 4273 3466 4316 et

1877 4357 2137 4428 injustum
2155 4358 2225 4410 sit
2250 4357 2565 4418 discrimen,
2611 4355 2752 4409 inter
2782 4355 3107 4410 servientem
3140 4355 3250 4411 Deo
3270 4367 3325 4413 et
3355 4373 3462 4413 non

1877 4446 2470 4518 servientemeprubi
2487 4446 2711 4509 enim,et
2730 4444 2977 4513 rebelles,
2992 4455 3044 4501 et
3057 4446 3242 4517 jugum
3256 4445 3372 4514 ejus
3389 4464 3469 4503 re-

181 4547 353 4617 ήνιοι,
401 4545 496 4598 καὶ
525 4544 616 4598 τὸν
655 4545 757 4617 τῆς
785 4545 877 4598 ὑπ’
926 4544 1077 4616 αὐτῷ
1111 4545 1358 4610 δουλείας
1385 4548 1773 4620 ἀποσειόμενοι

1873 4541 2222 4615 jectantes,iu
2238 4539 2594 4611 perditionem
2611 4548 2665 4592 et
2680 4549 2920 4593 extrema
2937 4539 3196 4609 supplicia
3210 4542 3467 4593 amanda-

183 4639 358 4708 ζυγὸν
387 4638 697 4710 οίχήοονται
723 4637 858 4710 πρὸς
884 4640 1160 4695 ἀπώλειαν
1187 4641 1281 4695 καὶ
1311 4643 1392 4704 είς
1420 4642 1776 4715 ἀτελεύτητον

182 4730 433 4783 κόλασιν.
492 4749 508 4779 ι
547 4729 693 4782 Ἐκεῖ
738 4728 890 4785 ἔσται
938 4732 966 4784 ὁ
1009 4731 1284 4803 κλαυθμὸς
1318 4733 1412 4785 καὶ
1451 4734 1480 4786 ὁ
1533 4733 1776 4805 βρυγμὸς

181 4821 297 4872 τῶν
345 4821 592 4882 ὀδόντων,
628 4840 646 4871 ι
705 4819 848 4874 καθά
881 4820 1208 4892 γέγραπται.
1266 4823 1330 4875 Οἱ
1360 4821 1415 4876 δὲ
1449 4822 1646 4892 ἀγαθοὶ
1679 4823 1775 4878 καὶ

184 4911 453 4981 φιλόθεοι,
505 4912 600 4966 καὶ
641 4911 749 4966 τῶν
795 4911 958 4966 θείων
1002 4912 1182 4984 νόμων
1232 4913 1631 4984 ἐπιστήμονες,
1679 4915 1776 4969 καὶ

185 5005 412 5075 ἀπάσης
440 5002 643 5075 ἀρετῆς
673 5003 1025 5075 ἐπιμεληταὶ,
1068 5002 1334 5074 λαμπροὶ,
1366 5004 1463 5058 καὶ
1489 5004 1774 5076 ήγιασμέο

187 5110 263 5146 νοι
282 5134 304 5159 ,
343 5092 437 5146 τὸν
463 5093 565 5164 τῆς
596 5091 906 5164 ἀφθαρσίας
953 5092 1311 5165 ἀναδήσονται
1360 5093 1645 5164 στέφανον,
1681 5093 1777 5148 καὶ

186 5187 244 5238 ὲν
290 5187 412 5248 ταῖς
453 5185 567 5238 ἀνω
605 5184 895 5254 γεγονότες
927 5187 1140 5256 μοναίς,
1167 5184 1638 5258 συνδιαιτήσονται
1678 5185 1778 5258 μὲν

187 5279 367 5346 ἁγίοις
403 5278 676 5347 ἀγγέλοις,
717 5277 964 5333 κοινωνοὶ
1003 5277 1060 5332 δὲ
1084 5278 1183 5350 τῆς
1215 5277 1373 5351 δόξης
1402 5279 1777 5350 ἀποφανέντες

189 5371 454 5444 Χριστοῦ,
501 5372 612 5434 τοῖς
664 5371 744 5434 είς
803 5371 1129 5443 μακραίωνα
1182 5369 1298 5441 βίον
1344 5373 1775 5444 ὲντρυφήσουσιν

189 5464 438 5530 ἀγαθοῖς,
464 5481 483 5513 ι
501 5465 568 5515 "A
595 5461 876 5533 ὀφθαλμὸς
899 5463 1000 5515 οὐκ
1022 5457 1152 5527 εἶδε,
1180 5462 1274 5516 καὶ
1295 5458 1389 5526 οῦς
1420 5462 1520 5516 οὐκ
1546 5463 1772 5534 ήκουσε,

181 5556 285 5608 καὶ
332 5554 426 5607 ἐπὶ
470 5553 701 5624 καρδίαν
744 5552 1036 5626 ἀνθρώπου
1083 5553 1185 5608 ούκ
1232 5552 1434 5625 ἀνέϐη,
1471 5572 1490 5604 ι
1531 5554 1672 5608 κατά
1714 5552 1777 5608 τὸ

262 5764 309 5796 ’⁵
349 5762 489 5817 Psal.
524 5774 790 5836 cxxxvm,
822 5760 908 5836 [ὃ.
983 5759 1032 5793 ’⁸
1059 5759 1185 5836 Luc
1228 5775 1281 5828 ι,
1311 5760 1402 5818 20-.
1479 5764 1522 5798 ³⁷
1551 5763 1693 5823 Psal.
1725 5780 1918 5836 vam,
1961 5764 2050 5822 29.

199 5839 212 5868 ‘
255 5836 528 5897 Joanmv,
571 5833 628 5886 ‘2.
710 5835 729 5864 ²
771 5831 788 5885 Ι
830 5831 957 5887 Cor.
1005 5847 1068 5899 tt,
1110 5832 1164 5888 9.

1884 4637 2105 4690 buntur.
2141 4651 2159 4686 ι
2181 4632 2373 4688 ibierit
2392 4629 2550 4687 ﬂetus
2571 4641 2626 4685 et
2641 4631 2840 4686 stridor
2857 4633 3096 4686 dentium
3121 4633 3302 4702 rjuxta
3318 4631 3468 4688 Scri-

1883 4739 2097 4799 pturam
2125 4728 2192 4780 θ’.
2233 4724 2365 4779 Boni
2393 4734 2580 4778 contra
2595 4721 2753 4778 etDei
2774 4723 3466 4793 amantes,divinarumque

1883 4821 2060 4892 legum
2089 4819 2265 4890 gnari,
2301 4818 2698 4885 virtutibusque
2723 4815 2913 4879 dediti,
2945 4816 3230 4886 Splendidi,
3257 4825 3312 4870 et
3339 4831 3466 4870 sau-

1882 4912 2102 4969 ctificati
2126 4953 2140 4976 ,
2176 4909 2602 4966 immortalitatis
2635 4923 2834 4965 corona
2867 4907 3178 4974 induantur,
3219 4917 3274 4962 et
3296 4907 3349 4962 in
3377 4923 3468 4961 su-

1884 5021 2078 5079 pernas
2126 5004 2433 5060 mansiones
2483 5003 2682 5072 recepti
2715 5003 2752 5069 ⁸,
2787 5015 2908 5054 cum
2970 5000 3174 5072 angelis
3220 5000 3468 5055 fruentur

1882 5111 2000 5154 avo
2025 5097 2378 5167 sempiterno,
2413 5103 2471 5150 et
2513 5093 2802 5164 participes
2825 5090 2954 5147 facti
2981 5091 3163 5162 gloriae
3213 5090 3411 5147 Christi
3447 5131 3464 5155 ,

1885 5191 1939 5247 in
1971 5191 2128 5262 longa
2161 5187 2355 5244 saecula
2386 5187 2628 5243 suaviter
2657 5197 2882 5256 carpent
2931 5187 3103 5248 bona,
3141 5202 3159 5235 ι
3191 5202 3310 5256 quae
3365 5201 3467 5240 nec

1878 5283 2068 5340 oculus
2092 5280 2247 5348 vidit,
2287 5295 2388 5336 nec
2415 5283 2565 5334 auris
2611 5279 2836 5342 audivit,
2864 5291 2961 5333 nec
2986 5278 3039 5331 in
3075 5291 3170 5331 cor
3228 5276 3464 5331 hominis

1877 5373 2260 5440 ascenderunt,
2301 5391 2320 5424 ι
2365 5381 2422 5426 ιιι
2453 5374 2716 5440 scriptum
2747 5372 2891 5424 est'.
2924 5365 3312 5443 Verumtamen
3341 5380 3461 5419 cer-

1878 5477 2069 5524 nentes
2090 5468 2144 5522 iu
2179 5467 2280 5521 hac
2310 5467 2416 5521 vita
2435 5465 2683 5520 homines
2705 5460 3030 5534 improbitati
3054 5460 3276 5524 amicos,
3304 5474 3465 5516 renus

1878 5561 2130 5618 secundis
2166 5561 2356 5617 beatos
2390 5574 2454 5615 ac
2509 5556 2784 5621 ﬂorentes,
2837 5553 3166 5623 cogitatione
3217 5553 3464 5609 distracti

2155 5765 2200 5799 ”
2229 5763 2412 5821 Matth.
2442 5779 2567 5833 xxv,
2614 5763 2704 5830 5⁸5,
2737 5759 2826 5815 54.
2907 5759 2951 5790 "
2986 5756 3175 5812 Matth.
3204 5770 3323 5820 vttt,
3374 5751 3460 5808 12.
