4070 6538
704 385 817 443 555

1742 380 1801 436 S.
1841 378 2121 436 CYRILLI
2163 379 2635 437 ALEXANDRINI
2680 380 3004 439 ARCHIEP.
3831 398 3902 456 Μ

698 506 916 562 fuerunt
942 514 1253 563 sanctorum
1280 502 1546 569 nonnulli,
1579 504 1829 572 quamvis
1858 510 1964 557 nan
2020 502 2283 556 nescirem

2396 490 2799 575 γεγραμμένον.
2826 505 2972 576 Πλὴν
2996 503 3411 577 εὐημεροῦντας
3443 503 3723 575 βλέποντες
3747 510 3795 563 ἐν
3811 514 3901 585 τῷδι

697 598 863 653 vitam
909 597 1122 653 illorum
1175 599 1228 652 in
1284 596 1507 653 exilium
1574 595 1891 652 desituram.
1938 592 2172 649 Proinde
2211 594 2283 648 ita

698 698 921 759 sanctus
946 689 1213 745 Jeremias
1232 705 1246 743 :
1266 708 1285 741 ι
1310 688 1498 744 Justus
1524 702 1605 753 es.
1631 689 1880 751 Domine,
1904 687 2031 755 quia
2058 700 2282 755 respon-

697 780 840 835 debo
862 781 926 834 ad
948 791 997 836 te
1021 799 1033 835 :
1069 790 1441 836 verumtamen
1460 779 1725 849 judicium
1749 779 1939 848 loquar
1955 778 2022 831 ad
2052 787 2120 832 te.
2142 776 2282 843 Quid

697 885 774 927 εει
805 873 947 943 quod
977 873 1062 928 via
1107 873 1393 942 impiorum
1429 870 1821 943 prosperantur?
1850 869 2283 923 Ahundaverunt

696 978 885 1018 omnes
909 963 1354 1033 prmvaricatione
1386 964 1810 1034 praevaricantes
1830 961 1854 1014 ’ἒ
1872 958 2134 1013 Plantasti
2188 973 2282 1013 eos

696 1063 751 1108 et
774 1056 1005 1110 radicem
1041 1066 1306 1125 egerunt:
1344 1056 1484 1110 filios
1515 1060 1928 1123 generaverunt,
1950 1060 2005 1107 et
2038 1050 2285 1106 fecerunt

696 1147 952 1203 fructum.
982 1147 1155 1217 Prope
1185 1164 1244 1203 es
1282 1158 1335 1201 tu
1364 1149 1445 1203 ori
1480 1154 1763 1211 eorum,et
1807 1145 1965 1214 longe
1997 1159 2026 1197 a
2062 1142 2283 1198 renibus

696 1255 904 1295 eorum.
931 1239 1000 1295 Et
1036 1250 1114 1305 ιιι,
1154 1240 1398 1303 Domine,
1432 1238 1716 1306 cognoscis
1746 1252 1851 1297 me.
1890 1235 2129 1306 probasti
2184 1250 2281 1289 cor

696 1347 873 1387 meum
911 1346 1094 1387 coram
1123 1342 1174 1385 te
1205 1330 1247 1385 ³.
1290 1349 1308 1383 ι
1361 1330 1427 1385 Ει
1480 1345 1730 1384 rursum:
1774 1347 1793 1380 ι
1835 1327 2125 1382 Sanctifica
2189 1341 2282 1381 eos

694 1422 761 1477 ad
798 1422 940 1477 diem
967 1423 1255 1477 occisionis
1270 1437 1477 1477 eorum.
1501 1421 1793 1490 Quousque
1817 1419 2019 1489 lugebit
2041 1418 2274 1474 terra‘.»

695 1513 890 1569 Cernis
922 1514 1192 1583 quomodo
1220 1515 1274 1567 in
1308 1514 1664 1582 cogitationes
1699 1512 1981 1583 perplexas
2010 1511 2282 1575 inciderit,

692 1614 1011 1659 cumtamen
1041 1604 1200 1659 finem
1236 1605 1521 1675 impiorum
1557 1604 1701 1658 haud
1728 1605 2022 1673 ignoraret.
2052 1619 2070 1653 ι
2094 1601 2283 1656 Omnis

692 1708 821 1749 caro
853 1694 1057 1760 fenum,
1081 1704 1135 1750 et
1165 1698 1342 1752 omnis
1375 1696 1540 1766 gloria
1568 1694 1706 1763 ejus,
1741 1706 1799 1749 ut
1821 1693 1919 1748 ﬂos
1946 1692 2109 1757 feni,»
2142 1691 2285 1746 sicut

693 1789 954 1857 scriptum
982 1798 1065 1843 εει
1090 1789 1134 1842 ⁸.

2389 594 2469 665 τῷ
2500 595 2601 667 βίῳ
2621 598 2750 661 τοὺς
2776 598 2877 668 τῆς
2907 597 3242 670 φαυλότητος
3272 597 3542 670 ἐραστὰς,
3585 601 3811 668 γεγόνασι
3836 611 3900 676 μιν

2390 688 2447 742 ὲν
2469 687 2749 759 λογισμοῖς
2780 689 2889 743 τῶν
2920 689 3095 759 ἁγίων
3124 690 3289 757 τινες,
3314 692 3423 745 οὐκ
3439 691 3709 761 ἠγνόησαν
3728 694 3773 749 δὲ
3791 699 3902 755 ὅτιτὸ

2389 775 2485 828 τοῦ
2525 775 2640 844 βίου
2685 776 2863 848 πέρας
2893 778 3107 842 ἕξουσιν
3155 776 3257 842 εἰς’
3284 778 3591 835 ἀπώλειαν.
3629 782 3731 836 Καὶ
3764 787 3901 855 γοῦνὸ

2391 868 2660 937 μακάριος
2701 868 2971 940 Ἱερεμίας
3014 870 3157 925 οὕτω
3201 866 3329 935 πώς
3368 888 3543 941 φησιν
3584 890 3602 925 ι
3638 874 3820 941 Δίκαιος
3854 878 3899 947 εἴ,

2390 953 2565 1026 Κύριε
2586 995 2601 1020 ,
2632 958 2715 1009 ὅτι
2747 958 3161 1031 ἀπολογήσομαι
3193 961 3331 1031 πρὸς
3364 961 3450 1027 σὲ,
3503 961 3643 1033 πλὴν
3671 968 3814 1037 κρῖμα
3840 969 3898 1025 λα.

2386 1046 2535 1117 λήσω
2568 1048 2706 1118 πρὸς
2734 1050 2815 1103 σέ.
2865 1051 2931 1104 Τί
2961 1052 3044 1105 ὅτι
3083 1050 3205 1117 ὁδὸς
3249 1053 3472 1107 ἀσεϐῶν
3510 1054 3793 1125 εὐοδοῦται;
3829 1060 3900 1118 Εὖ,

2386 1139 2624 1209 θήνησαν
2654 1140 2896 1206 ἅπαντες
2922 1144 2971 1196 οἱ
2995 1142 3316 1208 ἀθετοῦντες
3345 1144 3899 1218 ἀθετὴματαςἘφύτευ·

2387 1232 2485 1297 σας
2527 1231 2749 1298 αὐτοὺς,
2801 1235 2895 1286 καὶ
2938 1231 3350 1307 ὲρῤιζώθησανσ
3398 1238 3813 1307 ὲτεκνοποίησαν,
3838 1246 3899 1296 καὶ

2385 1320 2648 1391 ἐποίησαν
2682 1324 2914 1393 καρπόν.
2950 1326 3148 1394 Ἐγγὺς
3180 1323 3231 1379 εί
3262 1328 3327 1381 σὺ
3354 1326 3454 1380 τοῦ
3484 1328 3735 1398 στόματος
3755 1332 3894 1398 αὐτῶν,

2389 1414 2493 1469 καὶ.
2514 1415 2703 1485 πόρρω
2747 1416 2853 1469 ἀπὸ
2879 1417 2988 1470 τῶν
3015 1417 3232 1488 νεφρῶν
3266 1412 3476 1472 αὐτῶν.
3524 1419 3635 1472 Καὶ
3658 1422 3734 1481 σὺ,
3757 1423 3894 1494 Κύριε,

2390 1503 2679 1572 γινώσκεις
2711 1524 2801 1577 με,
2836 1507 3167 1580 ἐδοκίμασας
3194 1510 3294 1580 τὴν
3320 1510 3563 1580 καρδίαν
3597 1528 3692 1582 μου
3724 1513 3896 1568 ἐναντίον

2392 1612 2505 1651 σου.
2544 1616 2563 1649 ι
2602 1593 2733 1651 Εἶτα
2762 1599 2927 1653 πάλιν
2958 1601 3124 1671 φησί’
3164 1603 3464 1671 ι”Αγνισον
3491 1601 3683 1666 αὐτοὺς
3712 1605 3777 1667 είς
3799 1607 3894 1674 ἡμέ-

2395 1704 2493 1755 ραν
2539 1690 2753 1760 σφαγῆς
2797 1691 2997 1746 αὑτῶν.
3033 1693 3179 1758 Ἕως
3223 1693 3356 1748 πότε
3408 1693 3669 1762 πενθήσει
3717 1694 3745 1763 ἡ
3780 1693 3889 1763 γῆς»

2404 1779 2566 1851 Ὁρᾷς
2609 1782 2761 1846 ὅπως
2804 1783 3167 1852 ἐμπέπτωκεν
3202 1787 3282 1849 είς
3310 1784 3596 1855 λογισμῶν
3632 1784 3892 1854 δυσχέρειαν,

692 1884 792 1936 οὐκ
819 1882 1055 1953 ἠγνόηκε
1087 1882 1143 1936 δὲ
1171 1883 1280 1936 τῶν
1310 1881 1712 1936 δυσσεϐούντων
1749 1881 1810 1935 τὺ
1876 1880 2068 1953 πέρας.
2093 1878 2291 1931 «Πᾶσα
2332 1873 2471 1946 σὰρξ
2534 1875 2728 1947 χόρτος
2796 1879 2891 1932 καὶ
2932 1880 3085 1934 πᾶσα
3131 1879 3261 1947 δόξα
3302 1878 3635 1949 ἀνθρώπων,
3674 1878 3739 1942 ὡς
3789 1878 3894 1941 ἄνθος

694 1970 988 2043 χόρτου[ς],
1025 1990 1043 2022 ι
1083 1972 1226 2026 κατά
1259 1973 1318 2025 τὸ
1350 1972 1758 2044 γεγραμμένον.

1331 2106 1481 2162 CAP.
1514 2104 1602 2161 IV.

773 2239 933 2296 Vsns.
964 2240 1014 2295 I.
1048 2240 1184 2307 Quia
1218 2256 1334 2295 ecce
1371 2242 1484 2294 dies
1510 2242 1649 2295 venit
1680 2242 1868 2296 ardens
1888 2242 2020 2295 sicut
2044 2239 2281 2297 clibanus

697 2333 1039 2387 etcomburet
1074 2349 1206 2395 eos,
1262 2342 1312 2386 et
1370 2345 1521 2387 erunt
1586 2350 1763 2387 omnes
1834 2333 2180 2403 alienigenae,
2232 2341 2283 2385 et

694 2427 918 2481 universi
948 2426 1035 2494 qui
1065 2425 1270 2495 faciunt
1309 2425 1519 2493 iniqua,
1564 2425 1799 2495 stipula;
1824 2436 1871 2478 et
1898 2424 2171 2478 succendat
2196 2440 2281 2478 eos

694 2517 805 2568 dies
859 2516 1073 2583 veniens
1099 2551 1115 2578 ,
1157 2514 1281 2566 dicit
1332 2513 1589 2567 Dominus
1621 2515 1965 2582 omnipotens,
1990 2525 2164 2567 etnon
2199 2530 2282 2568 re-

692 2606 960 2676 linquetur
991 2606 1055 2660 de
1079 2604 1153 2659 eis
1178 2605 1334 2659 radix
1366 2621 1529 2675 neque
1549 2621 1779 2677 germen.

688 2766 689 2769 η
778 2774 945 2848 865
982 2772 1169 2831 XLIII.
1211 2775 1363 2831 Diem
1400 2776 1587 2846 judicii
1622 2775 1674 2830 in
1708 2775 1831 2841 igne
1855 2774 2090 2832 futurum
2123 2792 2275 2849 repu-

701 2877 820 2923 tare
854 2883 1036 2923 secum
1074 2875 1496 2941 consentaneum
1524 2876 1630 2934 est,
1668 2886 1687 2920 ι
1718 2870 1769 2921 in
1794 2883 1901 2937 quo
1933 2869 2055 2923 caeli
2088 2884 2280 2938 magno

701 2960 902 3031 impetu
953 2961 1240 3027 transient,
1286 2960 1553 3016 elementa
1589 2975 1722 3015 vero
1749 2962 1932 3016 calore
1976 2962 2277 3027 solventur,

703 3062 847 3107 terra
891 3060 1072 3106 autem
1114 3061 1169 3107 et
1213 3065 1333 3121 quae
1372 3050 1425 3105 in
1473 3051 1587 3119 ipsa
1625 3062 1750 3106 sunt
1784 3066 1947 3121 opera
1982 3062 2281 3105 exurentur

700 3143 907 3200 omnia.
941 3143 1121 3215 Novos
1144 3157 1291 3205 vero
1328 3143 1517 3209 cmlos,
1553 3152 1608 3198 et
1634 3158 1825 3198 novam
1855 3156 2051 3198 terram
2087 3159 2283 3199 secun-

701 3238 827 3289 dum
884 3236 1149 3306 promissa
1185 3235 1354 3305 ipsius
1409 3246 1786 3304 exspectamus
1821 3236 1890 3301 ⁶;
1940 3255 1957 3288 ι
2007 3236 2088 3291 sic
2135 3239 2278 3292 enim

702 3326 920 3395 quidam
952 3335 1263 3382 sanctorum
1296 3327 1682 3395 discipulorum
1715 3327 1870 3381 dixit.
1909 3327 2088 3398 Inquit
2119 3345 2270 3400 ergo,

702 3416 896 3475 Veniet
924 3428 983 3473 ut
1023 3419 1268 3474 clibanus
1312 3419 1430 3474 dies
1460 3419 1695 3486 Domini,
1740 3430 1795 3475 et
1839 3435 2028 3476 omnes
2065 3398 2281 3491 quidem
2310 3398 2352 3455 ο

699 3514 1033 3585 alienigenas
1075 3511 1379 3579 comburet,
1424 3513 1782 3569 nihilominus
1824 3515 1986 3568 etiam
2024 3514 2283 3571 facientes

704 3604 888 3673 iniqua
917 3612 1194 3668 assumet;
1226 3618 1391 3658 unum
1423 3606 1565 3659 enim
1601 3616 1657 3659 et
1687 3605 1760 3659 illi
1786 3616 1842 3660 et
1872 3608 1922 3659 lii
1960 3608 2282 3677 supplicium

703 3696 983 3750 subibunt.
1001 3693 1134 3749 Vide
1158 3703 1339 3749 autem
1361 3695 1449 3750 hic
1470 3696 1839 3751 festivitatem.
1865 3696 2017 3751 Nunc
2039 3699 2286 3753 meminit

706 3786 1155 3856 alienigenarum.
1199 3785 1490 3856 Postquam
1541 3789 1684 3842 enim
1724 3802 1818 3843 eos
1866 3789 2053 3844 beatos
2094 3792 2287 3859 prtedi-

703 3888 919 3942 carunt,
963 3878 1201 3933 dicentes
1241 3896 1255 3933 :
1295 3897 1314 3929 ι
1365 3879 1434 3933 Et
1479 3895 1623 3936 nunc
1675 3896 1776 3935 nos
1822 3882 2006 3937 beatos
2055 3884 2285 3940 dicimus

684 3970 935 4036 .alienos,
971 3978 1027 4025 et
1059 3972 1456 4026 reaedilicantur
1486 3986 1677 4028 omnes
1704 3974 1795 4042 qui
1829 3974 2033 4029 faciunt
2078 3976 2282 4047 iniqua,

704 4060 818 4117 Deo
851 4063 1186 4124 restiterunt,
1218 4070 1276 4115 et
1308 4061 1443 4116 salvi
1486 4061 1613 4116 facti
1648 4072 1797 4126 sunt,
1829 4082 1847 4114 ι
1890 4064 1979 4118 hic
2011 4080 2103 4120 eos
2136 4081 2285 4120 eom-

703 4156 920 4210 bustum
953 4153 1017 4208 iri
1048 4161 1313 4220 autumat,
1341 4163 1402 4208 ut
1433 4155 1525 4223 qui
1560 4154 1788 4224 gloriam
1821 4155 1915 4209 Dei
1942 4171 2285 4228 Oppugnave-

702 4246 837 4311 rint,
865 4256 920 4301 et
943 4254 1248 4301 creaturam
1282 4260 1444 4316 quam
1474 4245 1788 4303 Creatorem
1814 4248 2047 4304 adorare
2082 4249 2285 4305 malue-

684 4339 813 4405 _rint
831 4338 874 4392 '.
890 4357 908 4390 ι

777 4430 1249 4485 ltatiocinabimur
1281 4439 1337 4487 et
1385 4433 1565 4498 aliter,
1615 4432 1947 4504 alienigenas
1988 4437 2286 4507 appellatos

704 4536 827 4576 esse
861 4521 1195 4587 idololatras,
1232 4533 1288 4578 et
1323 4523 1428 4578 alio
1463 4527 1696 4594 quodam
1751 4531 1910 4583 modo
1954 4529 2215 4585 alienatos
2254 4547 2284 4585 a

704 4628 862 4668 sacra
885 4624 938 4668 et
964 4616 1135 4669 electa
1162 4626 1323 4684 gente
1348 4631 1362 4669 :
1388 4616 1694 4682 haereticos,
1726 4618 1971 4688 inquam,
1999 4623 2063 4677 de
2090 4624 2286 4692 quibus

3005 2100 3259 2154 ΚΕΦΑΛ.
3287 2101 3365 2155 A'.

2453 2239 2612 2293 Διόττ
2648 2235 2775 2291 ίδοὺ
2813 2236 3002 2307 ἡμέρα
3033 2235 3269 2306 ἔρχεται
3313 2237 3605 2306 καιομένη
3639 2240 3712 2305 ὡς
3743 2244 3890 2297 alleu-

2382 2344 2520 2393 νος,
2556 2327 2653 2380 καὶ
2692 2327 2901 2395 scaeas;
2939 2327 3193 2393 αὐχοὺς,
3246 2327 3345 2381 καὶ
3386 2328 3633 2383 ἔσονται
3663 2331 3888 2399 adi-rego!

2383 2418 2753 2489 ἀλλογενεῑς,
2788 2419 2886 2475 καὶ
2923 2419 3147 2485 πάντες
3184 2423 3238 2474 οι
3270 2420 3594 2486 ποιοῦντες
3630 2421 3793 2491 ἄνομα
3818 2441 3887 2477 κα-

2382 2511 2565 2579 λάμη,
2593 2511 2691 2563 καί
2724 2509 2949 2579 ἀνάψει
2974 2510 3195 2576 αὐτοὺς
3222 2510 3421 2581 ἡμέρα
3449 2513 3488 2580 ἡ
3518 2511 3795 2582 ἐρχομένη,
3820 2516 3884 2569 λέ-

2382 2620 2470 2674 γει
2508 2605 2724 2673 Κύριος
2772 2603 3196 2672 παντοκράτωρ
3226 2645 3241 2669 ,
3272 2605 3373 2658 καὶ
3408 2606 3482 2659 οὐ
3515 2605 3600 2673 μὴ
3632 2605 3885 2673 ὑπολειφθῇ

2380 2695 2451 2759 ἐξ
2478 2695 2678 2749 αὐτῶν
2696 2694 2828 2764 ῥίζα
2852 2695 2996 2750 οὐδὲ
3020 2694 3243 2765 κλῆμα.

2454 2788 2586 2843 Ml".
2644 2789 2732 2843 Ἐν
2798 2790 2932 2859 πυρὶ
2988 2788 3099 2858 γὰρ
3154 2787 3375 2841 ἔσεσθαι
3434 2787 3534 2860 τὴν
3581 2789 3672 2859 τῆς
3717 2788 3884 2860 κρίσεως

2382 2879 2594 2950 ἡμέραν
2641 2881 2841 2932 ἐννοεῖν
2882 2880 3207 2943 ἀκόλουθον,
3255 2898 3274 2931 ι
3318 2881 3409 2933 Ἐν
3528 2879 3576 2932 οί
3607 2879 3791 2950 οὐρανοὶ
3819 2879 3881 2947 μὲν

2384 2971 2629 3041 ῥοιζηδὸν
2676 2970 3145 3043 παρελεύσονται,
3213 2972 3462 3040 στοιχεῖα
3511 2969 3567 3022 δὲ
3611 2969 3882 3037 καυσούμενα

2382 3064 2743 3136 λυθήσονται,
2771 3065 2842 3135 γῆ
2873 3064 2929 3117 δὲ
2962 3065 3056 3117 καὶ
3090 3063 3159 3118 τὰ
3192 3063 3248 3115 ὲν
3271 3063 3411 3133 αὐτῇ
3448 3062 3583 3135 ἔργα
3613 3062 3879 3131 κατακαήσε-

2382 3175 2472 3210 ται
2518 3156 2720 3212 πάντα.
2769 3156 3004 3219 Καινοὺς
3048 3154 3105 3208 δὲ
3148 3156 3438 3226 οὐρανοὺς,
3490 3155 3583 3207 καὶ
3620 3153 3780 3224 καινὴν
3815 3152 3880 3221 γῆν

2382 3248 2525 3303 κατά
2571 3248 2643 3301 τὰ
2687 3247 3083 3318 ἐπαγγέλματα
3127 3246 3293 3301 αὑτοῦ
3336 3246 3740 3318 προσδοκῶμεν·
3768 3263 3783 3297 ι
3814 3244 3878 3312 ἔφη

2383 3340 2491 3410 γὰρ
2522 3333 2625 3393 ὧδέ
2645 3356 2727 3401 τις
2751 3338 2859 3393 τῶν
2882 3338 3052 3407 ἁγίων
3078 3337 3533 3411 μαθητῶν.”Ηξει
3553 3339 3734 3401 τοίνυν,
3751 3337 3877 3404 φησιν,
3976 3333 3977 3373 7

2384 3433 2460 3496 ὡς
2504 3431 2757 3494 κλίϐανος
2798 3430 3044 3504 ἡημέρα
3079 3431 3309 3503 Κυρίου,
3349 3432 3449 3484 καὶ
3490 3428 3778 3498 καταφλέξει
3815 3428 3878 3495 μὲν
3976 3434 3977 3437 ‘

2386 3525 2628 3587 ἅπαντας
2659 3525 2785 3587 τοὺς
2824 3523 3165 3591 ἀλλογενεῖς,
3198 3522 3504 3594 προσθήσει
3542 3522 3596 3575 δὲ
3622 3521 3794 3583 τούτοις
3819 3518 3878 3570 καὶ

2384 3619 2512 3679 τοὺς
2557 3616 2844 3678 ποιοῦντας
2875 3614 2946 3668 τὰ
2977 3616 3183 3685 ἄνομα·
3225 3616 3323 3686 μία
3354 3616 3469 3687 γὰρ
3514 3614 3656 3667 ἔσται
3686 3615 3776 3674 τοῖς
3803 3608 3878 3661 κατ’

2385 3708 2589 3778 ἀμφοῖν
2633 3708 2666 3776 ἡ
2715 3704 2864 3774 δίκη.
2895 3704 3089 3773 Ἀθρει
3131 3705 3189 3757 δὲ
3228 3704 3404 3767 οὕτως
3437 3702 3751 3771 ἁστειότητα.
3789 3696 3877 3749 Νυνὶ

2385 3798 2751 3869 διαμέμνηται
2803 3795 2912 3849 τῶν
2953 3795 3279 3863 ἀλλογενῶν.
3340 3794 3560 3864 Ἐπειδὴ
3606 3793 3702 3861 γὰρ
3744 3787 3878 3845 αὐτοὺς

2387 3889 2751 3962 ἐμακάριζον,
2789 3888 3039 3956 λέγοντες
3060 3904 3073 3917 ·
3111 3888 3249 3940 (Καὶ
3271 3887 3366 3940 νῦν
3396 3888 3560 3958 ἡμεῖς
3587 3879 3876 3952 μακαρίζομεν

2386 3982 2724 4053 ἀλλοτρίους,
2776 3981 2870 4034 καὶ
2912 3979 3387 4049 ἀνοικοδομοῦνται
3437 3975 3701 4037 ποιοῦντες
3738 3972 3874 4039 ἄνομα.

2386 4077 2482 4131 καὶ
2510 4075 2849 4145 ἀντέστησαν
2883 4072 3024 4144 Θεῷ,
3067 4074 3161 4126 καὶ
3197 4071 3504 4142 ἐσώθησαν,
3541 4089 3559 4122 ι
3595 4066 3744 4137 ταύτῃ
3765 4077 3875 4116 κατα-

2386 4164 2785 4237 φλεχθὴσεσθαί
2820 4181 2984 4236 φησιν
3014 4164 3213 4228 αὐτοὺς
3241 4206 3255 4228 ,
3296 4164 3371 4227 ὡς
3413 4168 3481 4235 τῇ
3531 4161 3621 4216 τοῦ
3661 4157 3772 4212 Θεοῦ
3793 4153 3875 4223 δόξῃ
3976 4166 3977 4171 ‘

2386 4260 2865 4331 πεπολεμηκότας,
2897 4260 2993 4311 καὶ
3039 4260 3366 4329 προσκυνεῖν
3396 4256 3673 4328 ἑλομένους
3700 4251 3780 4321 τὴν
3797 4244 3874 4300 ιιτί-

2389 4370 2472 4407 σιν
2507 4352 2660 4423 ποιρά
2688 4349 2779 4403 τὸν
2809 4350 3087 4403 κτίσαντα.

2456 4440 2801 4512 Λογιούμεθα
2860 4440 2956 4494 καὶ
2998 4439 3200 4509 ἑτέρως
3244 4440 3553 4508 ἀλλογενεῑς
3593 4427 3872 4504 ὀνομάζεσθαι

2387 4536 2515 4598 τοὺς
2577 4532 3002 4602 εἰδωλολάτρας,
3070 4532 3166 4585 καὶ
3224 4531 3352 4596 τοὺς
3426 4532 3544 4586 καθ’
3591 4525 3749 4596 ἕτερόν
3796 4533 3873 4570 τινα

2388 4624 2590 4696 τρόπον
2626 4620 3093 4692 ἠλλοτριωμένους
3126 4618 3221 4674 τοῦ
3259 4622 3406 4692 ίεροῦ
3443 4638 3500 4675 τε
3538 4619 3625 4673 καὶ
3650 4611 3870 4696 ἀπολέκτου

705 4704 1109 4774 appositissime
1133 4708 1368 4762 dicitur:
1407 4726 1425 4758 ‹
1451 4708 1527 4762 Ex
1564 4711 1718 4766 nobis
1748 4716 2014 4779 exierunt,
2048 4718 2139 4768 sed
2176 4731 2276 4769 non

2388 4694 2614 4785 γένους,
2668 4707 2778 4765 οἷόν
2809 4710 2862 4764 τί
2901 4728 3044 4781 φημι
3087 4712 3214 4775 τοὺς
3248 4712 3585 4782 αἱρετικοὺς,
3618 4706 3725 4776 περί
3750 4694 3805 4753 ὧν
3832 4696 3872 4746 ἂν

705 4809 948 4851 erantex
975 4798 1148 4853 nobis.
1183 4798 1316 4852 Nam
1339 4800 1382 4855 si
1413 4799 1643 4856 fuissent
1666 4817 1729 4856 ex
1756 4805 1933 4868 nobis,
1963 4806 2283 4862 mansissent

2384 4788 2617 4875 λέγοιτο,
2664 4804 2760 4856 καὶ
2806 4802 2953 4873 μάλα
3005 4802 3263 4865 εἰκότως⁸
3318 4821 3337 4854 ι
3387 4803 3478 4869 Ἐξ
3508 4799 3653 4872 ἡμῶν
3684 4788 3869 4860 ἐξῆλθον.

706 4889 893 4959 utique
940 4890 1222 4945 nobiscum
1262 4890 1305 4945 ⁸.
1342 4912 1361 4944 ι
1402 4891 1466 4946 Ili
1514 4908 1772 4963 namque,
1804 4895 1980 4949 divina
2007 4897 2289 4953 nobilitate

708 4983 944 5054 abjecta,
972 4992 1027 5037 et
1051 4999 1081 5037 a
1112 4993 1275 5054 gente
1300 4992 1486 5038 sancta
1515 4993 1675 5053 atque
1701 4986 1871 5039 electa
1905 4986 2139 5056 separati
2172 5001 2291 5054 qua:

680 5075 849 5147 .facta
886 5086 969 5130 est
1016 5076 1069 5130 in
1114 5075 1526 5145 acquisitionem
1562 5075 1581 5106 ’
1624 5075 1751 5146 (per
1798 5076 1955 5130 Iidem
2008 5076 2190 5144 utique
2226 5077 2280 5130 in

707 5167 1043 5240 Christum),
1083 5171 1235 5224 cibus
1295 5175 1458 5222 erunt
1515 5167 1653 5238 ignis
1710 5168 1889 5222 omnia
1948 5168 2278 5224 devorantis.

710 5262 911 5317 Eodem
952 5262 1071 5318 loco
1113 5262 1253 5333 apud
1293 5263 1460 5317 Deum
1496 5271 1658 5317 erunt
1699 5261 1799 5331 qui
1836 5261 2042 5316 faciunt
2073 5262 2280 5333 iniqua,

711 5354 924 5427 tametsi
942 5353 1155 5427 admisti
1173 5351 1381 5407 fuerint
1402 5352 1628 5407 fortasse
1646 5352 1991 5407 credentibus
2007 5361 2062 5407 et
2077 5352 2280 5420 electis,

708 5452 766 5497 et
785 5459 907 5498 eum
930 5444 1021 5514 qui
1050 5453 1240 5498 natura
1267 5458 1331 5500 ac
1360 5445 1588 5499 veritate
1615 5445 1754 5498 Deus
1782 5454 1886 5506 est.
1911 5448 2282 5513 cognoverint.

681 5595 687 5602 ,
713 5536 824 5589 Non
842 5539 985 5591 enim
1011 5537 1110 5591 hoc
1130 5536 1237 5592 illis
1260 5536 1325 5591 ad
1344 5536 1675 5593 ablutionem
1696 5545 2035 5606 peccatorum
2058 5538 2281 5593 sullicit:

2382 4900 2499 4957 ἀλλ’
2528 4897 2629 4951 οὐκ
2662 4892 2802 4967 ἦσαν
2835 4893 2894 4959 ἐξ
2927 4894 3105 4966 ἡμῶν.
3137 4896 3201 4948 Εί
3230 4894 3342 4966 γὰρ
3370 4890 3511 4966 ἦσαν
3544 4893 3599 4958 ἐξ
3638 4887 3781 4959 ἡμῶν,
3810 4894 3870 4948 με·

2388 4990 2699 5060 μενὴκεσαν
2728 4986 2794 5040 ἂν
2829 4985 2948 5056 μεθ’
2976 4985 3183 5056 ἡμῶν.»
3213 4981 3370 5040 Οὗτοι
3392 4986 3491 5058 τὴν
3511 4982 3646 5039 θείαν
3669 4972 3870 5060 εὐγένειαι

2389 5058 2850 5151 ἀποϐεϐληκότες,
2892 5076 3383 5149 ἀπονοσφιζὸμενοί
3429 5095 3489 5132 τε
3534 5072 3621 5129 τοῦ
3661 5065 3776 5139 ίεροῦ
3810 5058 3869 5112 καὶ

2389 5172 2692 5226 ἀπολέκτου
2738 5169 2931 5239 γένους
2995 5169 3089 5222 τοῦ
3151 5170 3436 5238 γεγονότος
3485 5169 3561 5231 εἰς
3606 5165 3869 5233 mperoth

2371 5264 2511 5336 (διὰ
2559 5263 2794 5341 πίστεως
2838 5261 2897 5315 δὲ
2941 5261 3186 5333 δηλονότι
3233 5263 3334 5333 τῆς
3376 5262 3434 5316 ὲν
3484 5254 3727 5332 Χριστῷ),
3753 5240 3867 5341 “VP?

2389 5331 2722 5411 ἔσονταιτοῦ
2752 5331 3055 5425 παμφάγου
3090 5331 3299 5426 τροφή.
3336 5356 3427 5411 Ἐν
3457 5355 3541 5428 ῖσῃ
3563 5352 3614 5404 δὲ
3639 5345 3774 5418 μοίρᾳ
3797 5331 3869 5428 ait

2394 5465 2577 5503 σονται
2622 5430 2773 5519 παρὰ.
2816 5423 2936 5517 Θεῷ
2969 5448 3064 5500 καὶ
3113 5423 3160 5499 οἱ
3204 5423 3485 5511 ποιοῦντες
3515 5423 3707 5511 -ἇνομα,
3737 5423 3866 5519 xiiii!

2393 5512 2728 5613 ὲγκρίνοιντο
2759 5512 2920 5610 τυχὸν
2951 5541 3065 5603 τοῖς
3100 5539 3491 5593 πεπιστευκόσι
3518 5535 3603 5590 καὶ
3638 5512 3867 5594 ἐξειλεγμέ·

782 5738 1034 5811 ide-rem.
1079 5756 1173 5802 xu,
1220 5740 1269 5805 ί,
1303 5739 1354 5795 2.
1441 5742 1697 5811 ‘Ibid.5,
1744 5742 1797 5797 lt.
1874 5742 1895 5772 ⁸
1937 5740 2041 5798 Isa.
2087 5758 2173 5809 ιιι,
2220 5742 2272 5799 li.

2415 5743 2455 5797 Il
2499 5741 2643 5798 Pctr.
2692 5758 2773 5807 ιιι,
2821 5743 2903 5797 l0.
2986 5741 3003 5772 τ
3049 5739 3203 5795 Rom.
3251 5755 3287 5805 I,
3329 5738 3417 5793 25.
3494 5738 3512 5767 ⁸
3543 5732 3709 5789 lloan.
3744 5709 3863 5780 tt,l9.

771 5808 787 5862 I
833 5809 976 5865 I’etr.
1022 5826 1079 5877 ιι,
1123 5812 1173 5862 9.
