  <div class='ocr_page' id='page_1' title='image "/cluster/home/n/w/nwhite01/storage/ocr_20150623/72/hvd.32044019207893/186.png"; bbox 0 0 4070 6550; ppageno 0'>
   <div class='ocr_carea' id='block_1_1' title="bbox 208 431 348 489">
    <p class='ocr_par' dir='ltr' id='par_1_1' title="bbox 208 431 348 489">
     <span class='ocr_line' id='line_1_1' title="bbox 208 431 348 489; baseline -0.021 0"><span class='ocrx_word' id='word_1_1' title='bbox 208 431 348 489; x_wconf 65' lang='grc'><strong>⁷357</strong></span> 
     </span>
    </p>
   </div>
   <div class='ocr_carea' id='block_1_2' title="bbox 1061 420 2673 480">
    <p class='ocr_par' dir='ltr' id='par_1_2' title="bbox 1061 420 2673 480">
     <span class='ocr_line' id='line_1_2' title="bbox 1061 420 2673 480; baseline -0.001 0"><span class='ocrx_word' id='word_1_2' title='bbox 1061 420 1617 480; x_wconf 72' lang='lat' dir='ltr'><strong>COMMENTARIUS</strong></span> <span class='ocrx_word' id='word_1_3' title='bbox 1658 421 1723 477; x_wconf 82' lang='lat' dir='ltr'><strong>IN</strong></span> <span class='ocrx_word' id='word_1_4' title='bbox 1766 422 2177 479; x_wconf 66' lang='lat' dir='ltr'><strong>MALAClllAM</strong></span> <span class='ocrx_word' id='word_1_5' title='bbox 2225 422 2673 479; x_wconf 79' lang='lat' dir='ltr'><strong>PROPHETAM.</strong></span> 
     </span>
    </p>
   </div>
   <div class='ocr_carea' id='block_1_3' title="bbox 3423 426 3531 485">
    <p class='ocr_par' dir='ltr' id='par_1_3' title="bbox 3423 426 3531 485">
     <span class='ocr_line' id='line_1_3' title="bbox 3423 426 3531 485; baseline 0.009 -1"><span class='ocrx_word' id='word_1_6' title='bbox 3423 426 3531 485; x_wconf 71' lang='lat'><strong>358</strong></span> 
     </span>
    </p>
   </div>
   <div class='ocr_carea' id='block_1_4' title="bbox 228 498 1855 617">
    <p class='ocr_par' dir='ltr' id='par_1_4' title="bbox 228 543 1825 617">
     <span class='ocr_line' id='line_1_4' title="bbox 228 543 1825 617; baseline -0.005 -13"><span class='ocrx_word' id='word_1_7' title='bbox 228 556 376 615; x_wconf 58' lang='grc' dir='ltr'>νοις,</span> <span class='ocrx_word' id='word_1_8' title='bbox 413 549 507 603; x_wconf 80' lang='grc' dir='ltr'><strong>καὶ</strong></span> <span class='ocrx_word' id='word_1_9' title='bbox 535 547 627 601; x_wconf 81' lang='grc' dir='ltr'>τὸν</span> <span class='ocrx_word' id='word_1_10' title='bbox 656 545 817 617; x_wconf 82' lang='grc' dir='ltr'>φύσει</span> <span class='ocrx_word' id='word_1_11' title='bbox 861 544 919 599; x_wconf 80' lang='grc' dir='ltr'>δὲ</span> <span class='ocrx_word' id='word_1_12' title='bbox 952 544 1047 599; x_wconf 83' lang='grc' dir='ltr'>καὶ</span> <span class='ocrx_word' id='word_1_13' title='bbox 1092 543 1312 617; x_wconf 83' lang='grc' dir='ltr'>ἀληθῶς</span> <span class='ocrx_word' id='word_1_14' title='bbox 1356 543 1524 598; x_wconf 85' lang='grc' dir='ltr'>είδόσι</span> <span class='ocrx_word' id='word_1_15' title='bbox 1551 543 1706 598; x_wconf 87' lang='grc' dir='ltr'>Θεόν.</span> <span class='ocrx_word' id='word_1_16' title='bbox 1748 543 1825 596; x_wconf 79' lang='grc' dir='ltr'><strong>Οὐ</strong></span> 
     </span>
    </p>
   </div>
   <div class='ocr_carea' id='block_1_5' title="bbox 1929 498 3533 617">
    <p class='ocr_par' dir='ltr' id='par_1_5' title="bbox 1929 498 3533 614">
     <span class='ocr_line' id='line_1_5' title="bbox 1929 498 3533 614; baseline -0.002 -14"><span class='ocrx_word' id='word_1_17' title='bbox 1929 543 2196 614; x_wconf 86' lang='lat' dir='ltr'><strong>siquidem</strong></span> <span class='ocrx_word' id='word_1_18' title='bbox 2229 557 2414 597; x_wconf 88' lang='lat' dir='ltr'><strong>verum</strong></span> <span class='ocrx_word' id='word_1_19' title='bbox 2442 542 2573 597; x_wconf 89' lang='lat' dir='ltr'><strong>illud</strong></span> <span class='ocrx_word' id='word_1_20' title='bbox 2602 561 2615 597; x_wconf 90' lang='lat'><strong><em>:</em></strong></span> <span class='ocrx_word' id='word_1_21' title='bbox 2656 560 2675 593; x_wconf 84' lang='grc' dir='ltr'><strong>ι</strong></span> <span class='ocrx_word' id='word_1_22' title='bbox 2713 541 2905 597; x_wconf 82' lang='lat' dir='ltr'><strong>Fidem</strong></span> <span class='ocrx_word' id='word_1_23' title='bbox 2942 541 3061 598; x_wconf 88' lang='lat' dir='ltr'><strong>sine</strong></span> <span class='ocrx_word' id='word_1_24' title='bbox 3092 498 3350 614; x_wconf 84' lang='lat' dir='ltr'><strong>operibus</strong></span> <span class='ocrx_word' id='word_1_25' title='bbox 3384 559 3533 600; x_wconf 58' lang='lat' dir='ltr'><strong>more</strong></span> 
     </span>
    </p>
   </div>
   <div class='ocr_carea' id='block_1_6' title="bbox 224 634 1827 713">
    <p class='ocr_par' dir='ltr' id='par_1_6' title="bbox 224 634 1827 713">
     <span class='ocr_line' id='line_1_6' title="bbox 224 634 1827 713; baseline -0.004 -18"><span class='ocrx_word' id='word_1_26' title='bbox 224 642 353 713; x_wconf 70' lang='grc' dir='ltr'>γὰρ</span> <span class='ocrx_word' id='word_1_27' title='bbox 382 640 599 711; x_wconf 81' lang='grc' dir='ltr'><strong>ἀπόχρη</strong></span> <span class='ocrx_word' id='word_1_28' title='bbox 646 636 806 691; x_wconf 91' lang='grc' dir='ltr'>τοῦτο</span> <span class='ocrx_word' id='word_1_29' title='bbox 839 638 1023 700; x_wconf 62' lang='grc' dir='ltr'>αὐτοῖς</span> <span class='ocrx_word' id='word_1_30' title='bbox 1056 635 1196 707; x_wconf 80' lang='grc' dir='ltr'>πρὸς</span> <span class='ocrx_word' id='word_1_31' title='bbox 1227 635 1483 705; x_wconf 77' lang='grc' dir='ltr'>ἀπόνιψιν</span> <span class='ocrx_word' id='word_1_32' title='bbox 1532 634 1827 707; x_wconf 84' lang='grc' dir='ltr'>ἁμαρτίας,</span> 
     </span>
    </p>
   </div>
   <div class='ocr_carea' id='block_1_7' title="bbox 234 719 1829 804">
    <p class='ocr_par' dir='ltr' id='par_1_7' title="bbox 234 719 1829 804">
     <span class='ocr_line' id='line_1_7' title="bbox 234 719 1829 804; baseline -0.002 -19"><span class='ocrx_word' id='word_1_33' title='bbox 234 732 400 804; x_wconf 73' lang='grc' dir='ltr'>εἴπερ</span> <span class='ocrx_word' id='word_1_34' title='bbox 430 732 578 785; x_wconf 71' lang='grc' dir='ltr'>ἐστὶν</span> <span class='ocrx_word' id='word_1_35' title='bbox 620 728 842 801; x_wconf 71' lang='grc' dir='ltr'>ἀληθὲς,</span> <span class='ocrx_word' id='word_1_36' title='bbox 883 728 959 790; x_wconf 83' lang='grc' dir='ltr'>ὡς</span> <span class='ocrx_word' id='word_1_37' title='bbox 995 746 1013 779; x_wconf 80' lang='grc' dir='ltr'><strong>ι</strong></span> <span class='ocrx_word' id='word_1_38' title='bbox 1046 729 1080 799; x_wconf 86' lang='grc' dir='ltr'>ἡ</span> <span class='ocrx_word' id='word_1_39' title='bbox 1119 726 1303 791; x_wconf 80' lang='grc' dir='ltr'><strong>πίστις</strong></span> <span class='ocrx_word' id='word_1_40' title='bbox 1336 728 1506 799; x_wconf 74' lang='grc' dir='ltr'>χωρὶς</span> <span class='ocrx_word' id='word_1_41' title='bbox 1533 719 1829 799; x_wconf 82' lang='grc' dir='ltr'>έργων⁸νε-</span> 
     </span>
    </p>
   </div>
   <div class='ocr_carea' id='block_1_8' title="bbox 234 818 1827 898">
    <p class='ocr_par' dir='ltr' id='par_1_8' title="bbox 234 818 1827 898">
     <span class='ocr_line' id='line_1_8' title="bbox 234 818 1827 898; baseline -0.004 -19"><span class='ocrx_word' id='word_1_42' title='bbox 234 826 353 898; x_wconf 83' lang='grc' dir='ltr'><strong>κρά</strong></span> <span class='ocrx_word' id='word_1_43' title='bbox 379 827 515 878; x_wconf 87' lang='grc' dir='ltr'>ἐστι.</span> <span class='ocrx_word' id='word_1_44' title='bbox 550 840 569 874; x_wconf 78' lang='grc' dir='ltr'><strong>ι</strong></span> <span class='ocrx_word' id='word_1_45' title='bbox 603 823 816 875; x_wconf 80' lang='grc' dir='ltr'>Δικαιοϊ</span> <span class='ocrx_word' id='word_1_46' title='bbox 846 819 946 891; x_wconf 83' lang='grc' dir='ltr'>μὲν</span> <span class='ocrx_word' id='word_1_47' title='bbox 975 819 1085 891; x_wconf 82' lang='grc' dir='ltr'><strong>γὰρ</strong></span> <span class='ocrx_word' id='word_1_48' title='bbox 1116 821 1150 888; x_wconf 84' lang='grc' dir='ltr'>ὴ</span> <span class='ocrx_word' id='word_1_49' title='bbox 1176 818 1364 882; x_wconf 78' lang='grc' dir='ltr'>πίστις</span> <span class='ocrx_word' id='word_1_50' title='bbox 1401 819 1435 889; x_wconf 80' lang='grc' dir='ltr'>ἡ</span> <span class='ocrx_word' id='word_1_51' title='bbox 1464 821 1545 884; x_wconf 85' lang='grc' dir='ltr'><strong>είς</strong></span> <span class='ocrx_word' id='word_1_52' title='bbox 1568 820 1827 891; x_wconf 82' lang='grc' dir='ltr'>Χριστὸν,</span> 
     </span>
    </p>
   </div>
   <div class='ocr_carea' id='block_1_9' title="bbox 236 909 1827 986">
    <p class='ocr_par' dir='ltr' id='par_1_9' title="bbox 236 909 1827 986">
     <span class='ocr_line' id='line_1_9' title="bbox 236 909 1827 986; baseline -0.003 -14"><span class='ocrx_word' id='word_1_53' title='bbox 236 919 337 972; x_wconf 68' lang='grc' dir='ltr'>καὶ</span> <span class='ocrx_word' id='word_1_54' title='bbox 372 918 473 986; x_wconf 82' lang='grc' dir='ltr'>τῆς</span> <span class='ocrx_word' id='word_1_55' title='bbox 514 912 626 967; x_wconf 86' lang='grc' dir='ltr'><strong>τῶν</strong></span> <span class='ocrx_word' id='word_1_56' title='bbox 678 910 1178 984; x_wconf 88' lang='grc' dir='ltr'>προεπταισμένων</span> <span class='ocrx_word' id='word_1_57' title='bbox 1206 909 1545 965; x_wconf 79' lang='grc' dir='ltr'><strong>ἀπαλλάττει</strong></span> <span class='ocrx_word' id='word_1_58' title='bbox 1588 911 1827 983; x_wconf 93' lang='grc' dir='ltr'>κηλίδος.</span> 
     </span>
    </p>
   </div>
   <div class='ocr_carea' id='block_1_10' title="bbox 237 1003 1830 1078">
    <p class='ocr_par' dir='ltr' id='par_1_10' title="bbox 237 1003 1830 1078">
     <span class='ocr_line' id='line_1_10' title="bbox 237 1003 1830 1078; baseline -0.003 -15"><span class='ocrx_word' id='word_1_59' title='bbox 237 1010 301 1063; x_wconf 81' lang='lat' dir='ltr'><strong>Ei</strong></span> <span class='ocrx_word' id='word_1_60' title='bbox 332 1008 392 1063; x_wconf 82' lang='grc' dir='ltr'>δὲ</span> <span class='ocrx_word' id='word_1_61' title='bbox 419 1008 483 1078; x_wconf 86' lang='grc' dir='ltr'><strong>δή</strong></span> <span class='ocrx_word' id='word_1_62' title='bbox 526 1023 612 1070; x_wconf 86' lang='grc' dir='ltr'><strong>τις</strong></span> <span class='ocrx_word' id='word_1_63' title='bbox 644 1006 783 1076; x_wconf 86' lang='grc' dir='ltr'><strong>μετά</strong></span> <span class='ocrx_word' id='word_1_64' title='bbox 809 1003 970 1058; x_wconf 90' lang='grc' dir='ltr'>τοῦτο</span> <span class='ocrx_word' id='word_1_65' title='bbox 999 1004 1244 1076; x_wconf 73' lang='grc' dir='ltr'>ῥᾴθυμός</span> <span class='ocrx_word' id='word_1_66' title='bbox 1271 1022 1332 1059; x_wconf 93' lang='grc' dir='ltr'><strong>τε</strong></span> <span class='ocrx_word' id='word_1_67' title='bbox 1363 1006 1458 1060; x_wconf 73' lang='grc' dir='ltr'>καὶ</span> <span class='ocrx_word' id='word_1_68' title='bbox 1500 1007 1830 1061; x_wconf 82' lang='grc' dir='ltr'>ἀναπεπτω-</span> 
     </span>
    </p>
   </div>
   <div class='ocr_carea' id='block_1_11' title="bbox 236 1096 1827 1171">
    <p class='ocr_par' dir='ltr' id='par_1_11' title="bbox 236 1096 1827 1171">
     <span class='ocr_line' id='line_1_11' title="bbox 236 1096 1827 1171; baseline -0.003 -17"><span class='ocrx_word' id='word_1_69' title='bbox 236 1098 355 1163; x_wconf 85' lang='grc' dir='ltr'>κὼς</span> <span class='ocrx_word' id='word_1_70' title='bbox 411 1098 721 1171; x_wconf 73' lang='grc' dir='ltr'><strong>εὑρίσκοιτο</strong></span> <span class='ocrx_word' id='word_1_71' title='bbox 778 1097 918 1167; x_wconf 88' lang='grc' dir='ltr'>πρός</span> <span class='ocrx_word' id='word_1_72' title='bbox 969 1112 1031 1149; x_wconf 89' lang='grc' dir='ltr'><strong>τε</strong></span> <span class='ocrx_word' id='word_1_73' title='bbox 1088 1096 1160 1149; x_wconf 85' lang='grc' dir='ltr'>τὰ</span> <span class='ocrx_word' id='word_1_74' title='bbox 1214 1097 1422 1167; x_wconf 77' lang='grc' dir='ltr'>σαρκὸς</span> <span class='ocrx_word' id='word_1_75' title='bbox 1472 1098 1684 1152; x_wconf 76' lang='grc' dir='ltr'>καὶτὰ</span> <span class='ocrx_word' id='word_1_76' title='bbox 1734 1097 1827 1150; x_wconf 84' lang='grc' dir='ltr'><strong>τοῦ</strong></span> 
     </span>
    </p>
   </div>
   <div class='ocr_carea' id='block_1_12' title="bbox 235 1189 1828 1263">
    <p class='ocr_par' dir='ltr' id='par_1_12' title="bbox 235 1189 1828 1263">
     <span class='ocr_line' id='line_1_12' title="bbox 235 1189 1828 1263; baseline 0.001 -19"><span class='ocrx_word' id='word_1_77' title='bbox 235 1191 450 1263; x_wconf 77' lang='grc' dir='ltr'><strong>κόσμου</strong></span> <span class='ocrx_word' id='word_1_78' title='bbox 478 1189 660 1260; x_wconf 87' lang='grc' dir='ltr'>πάθη,</span> <span class='ocrx_word' id='word_1_79' title='bbox 693 1189 1032 1261; x_wconf 83' lang='grc' dir='ltr'>νενέκρωκεν</span> <span class='ocrx_word' id='word_1_80' title='bbox 1073 1189 1236 1243; x_wconf 79' lang='grc' dir='ltr'>οἱονεί</span> <span class='ocrx_word' id='word_1_81' title='bbox 1278 1206 1398 1254; x_wconf 91' lang='grc' dir='ltr'><strong>πως</strong></span> <span class='ocrx_word' id='word_1_82' title='bbox 1440 1192 1496 1244; x_wconf 90' lang='grc' dir='ltr'><strong>ἐν</strong></span> <span class='ocrx_word' id='word_1_83' title='bbox 1524 1189 1704 1263; x_wconf 82' lang='grc' dir='ltr'>ἐαυτῷ</span> <span class='ocrx_word' id='word_1_84' title='bbox 1728 1192 1828 1263; x_wconf 86' lang='grc' dir='ltr'>τὴν</span> 
     </span>
    </p>
   </div>
   <div class='ocr_carea' id='block_1_13' title="bbox 234 1279 1825 1355">
    <p class='ocr_par' dir='ltr' id='par_1_13' title="bbox 234 1279 1825 1355">
     <span class='ocr_line' id='line_1_13' title="bbox 234 1279 1825 1355; baseline 0 -20"><span class='ocrx_word' id='word_1_85' title='bbox 234 1284 453 1349; x_wconf 79' lang='grc' dir='ltr'>πίστιν,</span> <span class='ocrx_word' id='word_1_86' title='bbox 503 1279 818 1353; x_wconf 74' lang='grc' dir='ltr'>προστιθεὶς</span> <span class='ocrx_word' id='word_1_87' title='bbox 869 1281 968 1352; x_wconf 84' lang='grc' dir='ltr'>μὲν</span> <span class='ocrx_word' id='word_1_88' title='bbox 1019 1282 1173 1336; x_wconf 86' lang='grc' dir='ltr'>οὐδὲν</span> <span class='ocrx_word' id='word_1_89' title='bbox 1221 1282 1331 1336; x_wconf 85' lang='grc' dir='ltr'>τῶν</span> <span class='ocrx_word' id='word_1_90' title='bbox 1391 1283 1825 1355; x_wconf 88' lang='grc' dir='ltr'>ἐπαινουμένων,</span> 
     </span>
    </p>
   </div>
   <div class='ocr_carea' id='block_1_14' title="bbox 233 1371 1827 1447">
    <p class='ocr_par' dir='ltr' id='par_1_14' title="bbox 233 1371 1827 1447">
     <span class='ocr_line' id='line_1_14' title="bbox 233 1371 1827 1447; baseline 0.002 -20"><span class='ocrx_word' id='word_1_91' title='bbox 233 1372 682 1444; x_wconf 78' lang='grc' dir='ltr'><strong>παλινδρομήσας</strong></span> <span class='ocrx_word' id='word_1_92' title='bbox 714 1372 771 1424; x_wconf 83' lang='grc' dir='ltr'>δὲ</span> <span class='ocrx_word' id='word_1_93' title='bbox 811 1371 1011 1443; x_wconf 82' lang='grc' dir='ltr'>μᾶλλον</span> <span class='ocrx_word' id='word_1_94' title='bbox 1041 1372 1136 1426; x_wconf 79' lang='grc' dir='ltr'>ἐπὶ</span> <span class='ocrx_word' id='word_1_95' title='bbox 1165 1372 1268 1444; x_wconf 80' lang='grc' dir='ltr'>τὴν</span> <span class='ocrx_word' id='word_1_96' title='bbox 1307 1373 1544 1447; x_wconf 80' lang='grc' dir='ltr'><strong>ἀρχαίαν</strong></span> <span class='ocrx_word' id='word_1_97' title='bbox 1572 1374 1667 1429; x_wconf 92' lang='grc' dir='ltr'><strong>τοῦ</strong></span> <span class='ocrx_word' id='word_1_98' title='bbox 1709 1376 1827 1447; x_wconf 83' lang='grc' dir='ltr'>βίου</span> 
     </span>
    </p>
   </div>
   <div class='ocr_carea' id='block_1_15' title="bbox 235 1465 1827 1539">
    <p class='ocr_par' dir='ltr' id='par_1_15' title="bbox 235 1465 1827 1539">
     <span class='ocr_line' id='line_1_15' title="bbox 235 1465 1827 1539; baseline -0.001 -17"><span class='ocrx_word' id='word_1_99' title='bbox 235 1467 562 1539; x_wconf 78' lang='grc' dir='ltr'><strong>σκαιότητα.</strong></span> <span class='ocrx_word' id='word_1_100' title='bbox 595 1467 731 1537; x_wconf 74' lang='grc' dir='ltr'>Περὶ</span> <span class='ocrx_word' id='word_1_101' title='bbox 756 1465 867 1520; x_wconf 83' lang='grc' dir='ltr'><strong>τῶν</strong></span> <span class='ocrx_word' id='word_1_102' title='bbox 899 1466 1157 1521; x_wconf 77' lang='grc' dir='ltr'>τοιούτων</span> <span class='ocrx_word' id='word_1_103' title='bbox 1190 1468 1325 1539; x_wconf 78' lang='grc' dir='ltr'>φησὶ</span> <span class='ocrx_word' id='word_1_104' title='bbox 1352 1468 1447 1521; x_wconf 77' lang='grc' dir='ltr'>καὶ</span> <span class='ocrx_word' id='word_1_105' title='bbox 1472 1470 1502 1522; x_wconf 87' lang='grc' dir='ltr'>ὁ</span> <span class='ocrx_word' id='word_1_106' title='bbox 1539 1467 1827 1533; x_wconf 77' lang='grc' dir='ltr'>θεσπέσιος</span> 
     </span>
    </p>
   </div>
   <div class='ocr_carea' id='block_1_16' title="bbox 236 1554 1828 1633">
    <p class='ocr_par' dir='ltr' id='par_1_16' title="bbox 236 1554 1828 1633">
     <span class='ocr_line' id='line_1_16' title="bbox 236 1554 1828 1633; baseline 0 -21"><span class='ocrx_word' id='word_1_107' title='bbox 236 1558 526 1630; x_wconf 80' lang='grc' dir='ltr'>μαθητής⁸</span> <span class='ocrx_word' id='word_1_108' title='bbox 559 1560 864 1629; x_wconf 79' lang='grc' dir='ltr'>«Κρείσσον</span> <span class='ocrx_word' id='word_1_109' title='bbox 892 1558 1003 1631; x_wconf 82' lang='grc' dir='ltr'><strong>γὰρ</strong></span> <span class='ocrx_word' id='word_1_110' title='bbox 1036 1554 1106 1631; x_wconf 80' lang='grc' dir='ltr'>ἦν</span> <span class='ocrx_word' id='word_1_111' title='bbox 1134 1559 1320 1624; x_wconf 76' lang='grc' dir='ltr'>αὐτοῖς</span> <span class='ocrx_word' id='word_1_112' title='bbox 1346 1560 1421 1633; x_wconf 82' lang='grc' dir='ltr'>μὴ</span> <span class='ocrx_word' id='word_1_113' title='bbox 1455 1562 1828 1630; x_wconf 75' lang='grc' dir='ltr'><strong>ἐπεγνωκέναι</strong></span> 
     </span>
    </p>
   </div>
   <div class='ocr_carea' id='block_1_17' title="bbox 232 1650 1827 1724">
    <p class='ocr_par' dir='ltr' id='par_1_17' title="bbox 232 1650 1827 1724">
     <span class='ocr_line' id='line_1_17' title="bbox 232 1650 1827 1724; baseline 0.004 -22"><span class='ocrx_word' id='word_1_114' title='bbox 232 1650 342 1721; x_wconf 80' lang='grc' dir='ltr'>τὴν</span> <span class='ocrx_word' id='word_1_115' title='bbox 366 1650 482 1705; x_wconf 73' lang='grc' dir='ltr'>ὁδὸν</span> <span class='ocrx_word' id='word_1_116' title='bbox 507 1650 606 1721; x_wconf 77' lang='grc' dir='ltr'>τῆς</span> <span class='ocrx_word' id='word_1_117' title='bbox 634 1650 1007 1722; x_wconf 84' lang='grc' dir='ltr'>δικαιοσύνης,</span> <span class='ocrx_word' id='word_1_118' title='bbox 1034 1652 1067 1724; x_wconf 82' lang='grc' dir='ltr'>ἢ</span> <span class='ocrx_word' id='word_1_119' title='bbox 1094 1653 1416 1723; x_wconf 84' lang='grc' dir='ltr'>ἐπιγνοῦσιν</span> <span class='ocrx_word' id='word_1_120' title='bbox 1456 1656 1537 1719; x_wconf 83' lang='grc' dir='ltr'>εἰς</span> <span class='ocrx_word' id='word_1_121' title='bbox 1561 1655 1631 1709; x_wconf 87' lang='grc' dir='ltr'><strong>τὰ</strong></span> <span class='ocrx_word' id='word_1_122' title='bbox 1652 1654 1827 1709; x_wconf 91' lang='grc' dir='ltr'>όπίσω</span> 
     </span>
    </p>
   </div>
   <div class='ocr_carea' id='block_1_18' title="bbox 230 1740 1826 1814">
    <p class='ocr_par' dir='ltr' id='par_1_18' title="bbox 230 1740 1826 1814">
     <span class='ocr_line' id='line_1_18' title="bbox 230 1740 1826 1814; baseline 0.003 -20"><span class='ocrx_word' id='word_1_123' title='bbox 230 1740 563 1812; x_wconf 71' lang='grc' dir='ltr'>ἀνακάμψαι</span> <span class='ocrx_word' id='word_1_124' title='bbox 606 1741 713 1795; x_wconf 86' lang='grc' dir='ltr'><strong>ἀπὸ</strong></span> <span class='ocrx_word' id='word_1_125' title='bbox 748 1742 850 1812; x_wconf 83' lang='grc' dir='ltr'><strong>τῆς</strong></span> <span class='ocrx_word' id='word_1_126' title='bbox 883 1742 1287 1814; x_wconf 79' lang='grc' dir='ltr'>παραδοθείσης</span> <span class='ocrx_word' id='word_1_127' title='bbox 1321 1744 1508 1809; x_wconf 81' lang='grc' dir='ltr'>αὐτοῖς</span> <span class='ocrx_word' id='word_1_128' title='bbox 1537 1745 1696 1814; x_wconf 81' lang='grc' dir='ltr'>ἁγίας</span> <span class='ocrx_word' id='word_1_129' title='bbox 1733 1746 1826 1799; x_wconf 86' lang='grc' dir='ltr'><strong>ὲν-</strong></span> 
     </span>
    </p>
   </div>
   <div class='ocr_carea' id='block_1_19' title="bbox 1934 632 3530 705">
    <p class='ocr_par' dir='ltr' id='par_1_19' title="bbox 1934 632 3530 705">
     <span class='ocr_line' id='line_1_19' title="bbox 1934 632 3530 705; baseline -0.001 -13"><span class='ocrx_word' id='word_1_130' title='bbox 1934 646 2081 692; x_wconf 86' lang='lat' dir='ltr'><strong>tuam</strong></span> <span class='ocrx_word' id='word_1_131' title='bbox 2124 650 2245 692; x_wconf 89' lang='lat' dir='ltr'><strong>esse</strong></span> <span class='ocrx_word' id='word_1_132' title='bbox 2284 637 2348 691; x_wconf 81' lang='lat'><strong>&quot;.</strong></span> <span class='ocrx_word' id='word_1_133' title='bbox 2387 655 2406 688; x_wconf 77' lang='grc' dir='ltr'><strong>ι</strong></span> <span class='ocrx_word' id='word_1_134' title='bbox 2440 634 2716 691; x_wconf 81' lang='lat' dir='ltr'><strong>Justiﬁcat</strong></span> <span class='ocrx_word' id='word_1_135' title='bbox 2742 633 2887 689; x_wconf 89' lang='lat' dir='ltr'><strong>enim</strong></span> <span class='ocrx_word' id='word_1_136' title='bbox 2919 632 3054 690; x_wconf 88' lang='lat' dir='ltr'><strong>ﬁdes</strong></span> <span class='ocrx_word' id='word_1_137' title='bbox 3077 634 3132 689; x_wconf 89' lang='lat' dir='ltr'><strong>in</strong></span> <span class='ocrx_word' id='word_1_138' title='bbox 3159 633 3434 691; x_wconf 88' lang='lat' dir='ltr'><strong>Christum</strong></span> <span class='ocrx_word' id='word_1_139' title='bbox 3461 637 3530 705; x_wconf 73' lang='grc' dir='ltr'>υ,</span> 
     </span>
    </p>
   </div>
   <div class='ocr_carea' id='block_1_20' title="bbox 1930 726 3527 800">
    <p class='ocr_par' dir='ltr' id='par_1_20' title="bbox 1930 726 3527 800">
     <span class='ocr_line' id='line_1_20' title="bbox 1930 726 3527 800; baseline -0.001 -16"><span class='ocrx_word' id='word_1_140' title='bbox 1930 730 2442 800; x_wconf 67' lang='grc' dir='ltr'>ριωιοιίιοτυιιιᾳιιο</span> <span class='ocrx_word' id='word_1_141' title='bbox 2493 736 2841 799; x_wconf 81' lang='lat' dir='ltr'><strong>peccatorum</strong></span> <span class='ocrx_word' id='word_1_142' title='bbox 2907 726 3173 781; x_wconf 83' lang='lat' dir='ltr'><strong>maculam</strong></span> <span class='ocrx_word' id='word_1_143' title='bbox 3239 727 3527 798; x_wconf 79' lang='lat' dir='ltr'><strong>abstergit.</strong></span> 
     </span>
    </p>
   </div>
   <div class='ocr_carea' id='block_1_21' title="bbox 1933 820 3533 896">
    <p class='ocr_par' dir='ltr' id='par_1_21' title="bbox 1933 820 3533 896">
     <span class='ocr_line' id='line_1_21' title="bbox 1933 820 3533 896; baseline -0.002 -16"><span class='ocrx_word' id='word_1_144' title='bbox 1933 825 1999 880; x_wconf 79' lang='lat' dir='ltr'><strong>At</strong></span> <span class='ocrx_word' id='word_1_145' title='bbox 2029 825 2073 879; x_wconf 88' lang='lat' dir='ltr'><strong>si</strong></span> <span class='ocrx_word' id='word_1_146' title='bbox 2107 825 2229 896; x_wconf 89' lang='lat' dir='ltr'><strong>quis</strong></span> <span class='ocrx_word' id='word_1_147' title='bbox 2274 832 2399 892; x_wconf 81' lang='lat' dir='ltr'><strong>post</strong></span> <span class='ocrx_word' id='word_1_148' title='bbox 2430 824 2548 879; x_wconf 65' lang='lat' dir='ltr'><strong>hinc</strong></span> <span class='ocrx_word' id='word_1_149' title='bbox 2582 837 2770 877; x_wconf 88' lang='lat' dir='ltr'><strong>socors</strong></span> <span class='ocrx_word' id='word_1_150' title='bbox 2794 820 3088 887; x_wconf 69' lang='lat' dir='ltr'><strong>exstiterit,</strong></span> <span class='ocrx_word' id='word_1_151' title='bbox 3124 828 3177 875; x_wconf 92' lang='lat' dir='ltr'><strong>et</strong></span> <span class='ocrx_word' id='word_1_152' title='bbox 3219 820 3272 876; x_wconf 90' lang='lat' dir='ltr'><strong>in</strong></span> <span class='ocrx_word' id='word_1_153' title='bbox 3301 836 3366 875; x_wconf 85' lang='lat' dir='ltr'><strong>ea</strong></span> <span class='ocrx_word' id='word_1_154' title='bbox 3411 836 3533 891; x_wconf 73' lang='lat' dir='ltr'><strong>qua:</strong></span> 
     </span>
    </p>
   </div>
   <div class='ocr_carea' id='block_1_22' title="bbox 1930 913 3531 984">
    <p class='ocr_par' dir='ltr' id='par_1_22' title="bbox 1930 913 3531 984">
     <span class='ocr_line' id='line_1_22' title="bbox 1930 913 3531 984; baseline -0.001 -12"><span class='ocrx_word' id='word_1_155' title='bbox 1930 918 2112 973; x_wconf 87' lang='lat' dir='ltr'><strong>carnis</strong></span> <span class='ocrx_word' id='word_1_156' title='bbox 2140 927 2196 971; x_wconf 90' lang='lat' dir='ltr'><strong>et</strong></span> <span class='ocrx_word' id='word_1_157' title='bbox 2243 916 2433 973; x_wconf 89' lang='lat' dir='ltr'><strong>mundi</strong></span> <span class='ocrx_word' id='word_1_158' title='bbox 2466 924 2613 984; x_wconf 87' lang='lat' dir='ltr'><strong>sunt,</strong></span> <span class='ocrx_word' id='word_1_159' title='bbox 2651 915 2930 979; x_wconf 87' lang='lat' dir='ltr'><strong>reciderit,</strong></span> <span class='ocrx_word' id='word_1_160' title='bbox 2980 914 3027 969; x_wconf 92' lang='lat' dir='ltr'><strong>is</strong></span> <span class='ocrx_word' id='word_1_161' title='bbox 3058 916 3111 969; x_wconf 90' lang='lat' dir='ltr'><strong>in</strong></span> <span class='ocrx_word' id='word_1_162' title='bbox 3161 914 3339 982; x_wconf 84' lang='lat' dir='ltr'><strong>seipso</strong></span> <span class='ocrx_word' id='word_1_163' title='bbox 3373 913 3531 971; x_wconf 87' lang='lat' dir='ltr'><strong>ﬁdem</strong></span> 
     </span>
    </p>
   </div>
   <div class='ocr_carea' id='block_1_23' title="bbox 1931 1006 3531 1079">
    <p class='ocr_par' dir='ltr' id='par_1_23' title="bbox 1931 1006 3531 1079">
     <span class='ocr_line' id='line_1_23' title="bbox 1931 1006 3531 1079; baseline -0.003 -15"><span class='ocrx_word' id='word_1_164' title='bbox 1931 1011 2087 1079; x_wconf 87' lang='lat' dir='ltr'><strong>quasi</strong></span> <span class='ocrx_word' id='word_1_165' title='bbox 2137 1010 2359 1075; x_wconf 86' lang='lat' dir='ltr'><strong>occidit,</strong></span> <span class='ocrx_word' id='word_1_166' title='bbox 2404 1011 2533 1065; x_wconf 93' lang='lat' dir='ltr'><strong>dum</strong></span> <span class='ocrx_word' id='word_1_167' title='bbox 2578 1008 2719 1063; x_wconf 86' lang='lat' dir='ltr'><strong>nihil</strong></span> <span class='ocrx_word' id='word_1_168' title='bbox 2762 1006 3117 1062; x_wconf 83' lang='lat' dir='ltr'><strong>laudabilium</strong></span> <span class='ocrx_word' id='word_1_169' title='bbox 3170 1006 3439 1063; x_wconf 78' lang='lat' dir='ltr'><strong>factorum</strong></span> <span class='ocrx_word' id='word_1_170' title='bbox 3482 1006 3531 1062; x_wconf 93' lang='lat' dir='ltr'><strong>ci</strong></span> 
     </span>
    </p>
   </div>
   <div class='ocr_carea' id='block_1_24' title="bbox 1932 1099 3531 1173">
    <p class='ocr_par' dir='ltr' id='par_1_24' title="bbox 1932 1099 3531 1173">
     <span class='ocr_line' id='line_1_24' title="bbox 1932 1099 3531 1173; baseline -0.003 -15"><span class='ocrx_word' id='word_1_171' title='bbox 1932 1102 2217 1173; x_wconf 87' lang='lat' dir='ltr'><strong>adjungit,</strong></span> <span class='ocrx_word' id='word_1_172' title='bbox 2269 1103 2363 1158; x_wconf 89' lang='lat' dir='ltr'><strong>sed</strong></span> <span class='ocrx_word' id='word_1_173' title='bbox 2431 1102 2497 1156; x_wconf 91' lang='lat' dir='ltr'><strong>ad</strong></span> <span class='ocrx_word' id='word_1_174' title='bbox 2546 1108 2787 1157; x_wconf 78' lang='lat' dir='ltr'><strong>veterem</strong></span> <span class='ocrx_word' id='word_1_175' title='bbox 2832 1100 3011 1170; x_wconf 88' lang='lat' dir='ltr'><strong>potius</strong></span> <span class='ocrx_word' id='word_1_176' title='bbox 3040 1099 3165 1153; x_wconf 73' lang='lat' dir='ltr'><strong>vita:</strong></span> <span class='ocrx_word' id='word_1_177' title='bbox 3210 1100 3531 1170; x_wconf 82' lang='lat' dir='ltr'><strong>pravitatem</strong></span> 
     </span>
    </p>
   </div>
   <div class='ocr_carea' id='block_1_25' title="bbox 1930 1190 3531 1261">
    <p class='ocr_par' dir='ltr' id='par_1_25' title="bbox 1930 1190 3531 1261">
     <span class='ocr_line' id='line_1_25' title="bbox 1930 1190 3531 1261; baseline -0.002 -12"><span class='ocrx_word' id='word_1_178' title='bbox 1930 1195 2186 1250; x_wconf 86' lang='lat' dir='ltr'><strong>recurrit.</strong></span> <span class='ocrx_word' id='word_1_179' title='bbox 2220 1193 2299 1249; x_wconf 90' lang='lat' dir='ltr'><strong>De</strong></span> <span class='ocrx_word' id='word_1_180' title='bbox 2334 1193 2533 1249; x_wconf 88' lang='lat' dir='ltr'><strong>talibus</strong></span> <span class='ocrx_word' id='word_1_181' title='bbox 2558 1192 2775 1248; x_wconf 88' lang='lat' dir='ltr'><strong>divinus</strong></span> <span class='ocrx_word' id='word_1_182' title='bbox 2803 1192 2933 1247; x_wconf 85' lang='lat' dir='ltr'><strong>item</strong></span> <span class='ocrx_word' id='word_1_183' title='bbox 2968 1190 3268 1261; x_wconf 83' lang='lat' dir='ltr'><strong>discipulus</strong></span> <span class='ocrx_word' id='word_1_184' title='bbox 3298 1210 3312 1246; x_wconf 89' lang='lat'><strong>:</strong></span> <span class='ocrx_word' id='word_1_185' title='bbox 3353 1210 3373 1243; x_wconf 81' lang='grc' dir='ltr'><strong>ι</strong></span> <span class='ocrx_word' id='word_1_186' title='bbox 3414 1191 3531 1245; x_wconf 83' lang='lat' dir='ltr'><strong>Me-</strong></span> 
     </span>
    </p>
   </div>
   <div class='ocr_carea' id='block_1_26' title="bbox 1930 1282 3528 1354">
    <p class='ocr_par' dir='ltr' id='par_1_26' title="bbox 1930 1282 3528 1354">
     <span class='ocr_line' id='line_1_26' title="bbox 1930 1282 3528 1354; baseline -0.003 -11"><span class='ocrx_word' id='word_1_187' title='bbox 1930 1286 2035 1343; x_wconf 88' lang='lat' dir='ltr'><strong>lius</strong></span> <span class='ocrx_word' id='word_1_188' title='bbox 2070 1287 2217 1343; x_wconf 90' lang='lat' dir='ltr'><strong>enim</strong></span> <span class='ocrx_word' id='word_1_189' title='bbox 2263 1294 2380 1341; x_wconf 87' lang='lat' dir='ltr'><strong>erat</strong></span> <span class='ocrx_word' id='word_1_190' title='bbox 2431 1286 2539 1341; x_wconf 80' lang='lat' dir='ltr'><strong>illis</strong></span> <span class='ocrx_word' id='word_1_191' title='bbox 2585 1300 2693 1341; x_wconf 88' lang='lat' dir='ltr'><strong>non</strong></span> <span class='ocrx_word' id='word_1_192' title='bbox 2740 1285 3060 1354; x_wconf 79' lang='lat' dir='ltr'><strong>cognovisse</strong></span> <span class='ocrx_word' id='word_1_193' title='bbox 3104 1284 3246 1338; x_wconf 87' lang='lat' dir='ltr'><strong>viam</strong></span> <span class='ocrx_word' id='word_1_194' title='bbox 3280 1282 3528 1354; x_wconf 68' lang='lat' dir='ltr'><strong>justitiaa,</strong></span> 
     </span>
    </p>
   </div>
   <div class='ocr_carea' id='block_1_27' title="bbox 1928 1377 3533 1450">
    <p class='ocr_par' dir='ltr' id='par_1_27' title="bbox 1928 1377 3533 1450">
     <span class='ocr_line' id='line_1_27' title="bbox 1928 1377 3533 1450; baseline -0.002 -16"><span class='ocrx_word' id='word_1_195' title='bbox 1928 1395 2091 1450; x_wconf 84' lang='lat' dir='ltr'><strong>quam</strong></span> <span class='ocrx_word' id='word_1_196' title='bbox 2127 1387 2250 1449; x_wconf 89' lang='lat' dir='ltr'><strong>post</strong></span> <span class='ocrx_word' id='word_1_197' title='bbox 2294 1379 2535 1448; x_wconf 87' lang='lat' dir='ltr'><strong>agnitam</strong></span> <span class='ocrx_word' id='word_1_198' title='bbox 2568 1377 2986 1434; x_wconf 87' lang='lat' dir='ltr'><strong>retroconverti</strong></span> <span class='ocrx_word' id='word_1_199' title='bbox 3030 1377 3099 1432; x_wconf 89' lang='lat' dir='ltr'><strong>ab</strong></span> <span class='ocrx_word' id='word_1_200' title='bbox 3140 1391 3205 1432; x_wconf 90' lang='lat' dir='ltr'><strong>eo</strong></span> <span class='ocrx_word' id='word_1_201' title='bbox 3243 1379 3385 1447; x_wconf 90' lang='lat' dir='ltr'><strong>quod</strong></span> <span class='ocrx_word' id='word_1_202' title='bbox 3419 1385 3533 1431; x_wconf 86' lang='lat' dir='ltr'><strong>tra-</strong></span> 
     </span>
    </p>
   </div>
   <div class='ocr_carea' id='block_1_28' title="bbox 1928 1469 3532 1540">
    <p class='ocr_par' dir='ltr' id='par_1_28' title="bbox 1928 1469 3532 1540">
     <span class='ocr_line' id='line_1_28' title="bbox 1928 1469 3532 1540; baseline -0.001 -14"><span class='ocrx_word' id='word_1_203' title='bbox 1928 1471 2101 1527; x_wconf 91' lang='lat' dir='ltr'><strong>ditum</strong></span> <span class='ocrx_word' id='word_1_204' title='bbox 2134 1480 2219 1527; x_wconf 90' lang='lat' dir='ltr'><strong>est</strong></span> <span class='ocrx_word' id='word_1_205' title='bbox 2253 1471 2360 1526; x_wconf 86' lang='lat' dir='ltr'><strong>illis</strong></span> <span class='ocrx_word' id='word_1_206' title='bbox 2410 1479 2602 1527; x_wconf 87' lang='lat' dir='ltr'><strong>sancto</strong></span> <span class='ocrx_word' id='word_1_207' title='bbox 2646 1470 2923 1526; x_wconf 89' lang='lat' dir='ltr'><strong>mandato.</strong></span> <span class='ocrx_word' id='word_1_208' title='bbox 2961 1469 3197 1540; x_wconf 87' lang='lat' dir='ltr'><strong>Contigit</strong></span> <span class='ocrx_word' id='word_1_209' title='bbox 3245 1470 3390 1525; x_wconf 89' lang='lat' dir='ltr'><strong>enim</strong></span> <span class='ocrx_word' id='word_1_210' title='bbox 3428 1469 3532 1524; x_wconf 88' lang='lat' dir='ltr'><strong>illis</strong></span> 
     </span>
    </p>
   </div>
   <div class='ocr_carea' id='block_1_29' title="bbox 1924 1557 3528 1624">
    <p class='ocr_par' dir='ltr' id='par_1_29' title="bbox 1924 1557 3528 1624">
     <span class='ocr_line' id='line_1_29' title="bbox 1924 1557 3528 1624; baseline -0.002 -7"><span class='ocrx_word' id='word_1_211' title='bbox 1924 1557 2061 1617; x_wconf 78' lang='lat' dir='ltr'><strong>illud</strong></span> <span class='ocrx_word' id='word_1_212' title='bbox 2094 1562 2206 1616; x_wconf 91' lang='lat' dir='ltr'><strong>veri</strong></span> <span class='ocrx_word' id='word_1_213' title='bbox 2255 1560 2536 1617; x_wconf 85' lang='lat' dir='ltr'><strong>Proverbii</strong></span> <span class='ocrx_word' id='word_1_214' title='bbox 2578 1579 2591 1617; x_wconf 90' lang='lat'>:</span> <span class='ocrx_word' id='word_1_215' title='bbox 2624 1560 2791 1617; x_wconf 85' lang='lat' dir='ltr'><strong>Canis</strong></span> <span class='ocrx_word' id='word_1_216' title='bbox 2832 1575 3086 1616; x_wconf 85' lang='lat' dir='ltr'><strong>reversus</strong></span> <span class='ocrx_word' id='word_1_217' title='bbox 3116 1558 3185 1614; x_wconf 90' lang='lat' dir='ltr'><strong>ad</strong></span> <span class='ocrx_word' id='word_1_218' title='bbox 3236 1560 3528 1624; x_wconf 87' lang='lat' dir='ltr'><strong>vomitum,</strong></span> 
     </span>
    </p>
   </div>
   <div class='ocr_carea' id='block_1_30' title="bbox 1928 1649 3527 1724">
    <p class='ocr_par' dir='ltr' id='par_1_30' title="bbox 1928 1649 3527 1724">
     <span class='ocr_line' id='line_1_30' title="bbox 1928 1649 3527 1724; baseline -0.004 -14"><span class='ocrx_word' id='word_1_219' title='bbox 1928 1663 1985 1710; x_wconf 93' lang='lat' dir='ltr'><strong>et</strong></span> <span class='ocrx_word' id='word_1_220' title='bbox 2030 1669 2125 1710; x_wconf 90' lang='lat' dir='ltr'><strong>sus</strong></span> <span class='ocrx_word' id='word_1_221' title='bbox 2172 1654 2277 1710; x_wconf 90' lang='lat' dir='ltr'><strong>lota</strong></span> <span class='ocrx_word' id='word_1_222' title='bbox 2310 1654 2363 1709; x_wconf 91' lang='lat' dir='ltr'><strong>in</strong></span> <span class='ocrx_word' id='word_1_223' title='bbox 2394 1654 2681 1711; x_wconf 88' lang='lat' dir='ltr'><strong>volutabro</strong></span> <span class='ocrx_word' id='word_1_224' title='bbox 2719 1654 2815 1709; x_wconf 87' lang='lat' dir='ltr'><strong>luti</strong></span> <span class='ocrx_word' id='word_1_225' title='bbox 2847 1654 2911 1707; x_wconf 79' lang='lat'><strong>“.</strong></span> <span class='ocrx_word' id='word_1_226' title='bbox 2948 1672 2968 1706; x_wconf 72' lang='grc' dir='ltr'><strong>ι</strong></span> <span class='ocrx_word' id='word_1_227' title='bbox 3004 1653 3174 1724; x_wconf 73' lang='lat'><strong>866</strong></span> <span class='ocrx_word' id='word_1_228' title='bbox 3216 1650 3398 1718; x_wconf 88' lang='lat' dir='ltr'><strong>Quare</strong></span> <span class='ocrx_word' id='word_1_229' title='bbox 3435 1649 3527 1721; x_wconf 89' lang='lat' dir='ltr'><strong>qui</strong></span> 
     </span>
    </p>
   </div>
   <div class='ocr_carea' id='block_1_31' title="bbox 1928 1744 3524 1819">
    <p class='ocr_par' dir='ltr' id='par_1_31' title="bbox 1928 1744 3524 1819">
     <span class='ocr_line' id='line_1_31' title="bbox 1928 1744 3524 1819; baseline -0.004 -16"><span class='ocrx_word' id='word_1_230' title='bbox 1928 1748 2115 1819; x_wconf 86' lang='lat' dir='ltr'><strong>iniqua</strong></span> <span class='ocrx_word' id='word_1_231' title='bbox 2142 1748 2347 1804; x_wconf 84' lang='lat' dir='ltr'><strong>faciunt</strong></span> <span class='ocrx_word' id='word_1_232' title='bbox 2371 1747 2613 1817; x_wconf 83' lang='lat' dir='ltr'><strong>ejusdem</strong></span> <span class='ocrx_word' id='word_1_233' title='bbox 2645 1746 2837 1803; x_wconf 76' lang='lat' dir='ltr'><strong>farinae</strong></span> <span class='ocrx_word' id='word_1_234' title='bbox 2866 1756 2992 1803; x_wconf 89' lang='lat' dir='ltr'><strong>sunt</strong></span> <span class='ocrx_word' id='word_1_235' title='bbox 3022 1761 3144 1801; x_wconf 90' lang='lat' dir='ltr'><strong>cum</strong></span> <span class='ocrx_word' id='word_1_236' title='bbox 3182 1744 3524 1813; x_wconf 79' lang='lat' dir='ltr'><strong>alienigenis,</strong></span> 
     </span>
    </p>
   </div>
   <div class='ocr_carea' id='block_1_32' title="bbox 232 1817 1855 1913">
    <p class='ocr_par' dir='ltr' id='par_1_32' title="bbox 232 1817 1825 1910">
     <span class='ocr_line' id='line_1_32' title="bbox 232 1817 1825 1910; baseline 0.004 -25"><span class='ocrx_word' id='word_1_237' title='bbox 232 1817 419 1903; x_wconf 79' lang='grc' dir='ltr'>τόλῆς.</span> <span class='ocrx_word' id='word_1_238' title='bbox 458 1832 817 1903; x_wconf 74' lang='grc' dir='ltr'>Συμόέῦηκεν</span> <span class='ocrx_word' id='word_1_239' title='bbox 851 1832 961 1905; x_wconf 85' lang='grc' dir='ltr'>γὰρ</span> <span class='ocrx_word' id='word_1_240' title='bbox 993 1836 1179 1901; x_wconf 84' lang='grc' dir='ltr'>αυτοῖς</span> <span class='ocrx_word' id='word_1_241' title='bbox 1205 1835 1265 1890; x_wconf 83' lang='grc' dir='ltr'>τὸ</span> <span class='ocrx_word' id='word_1_242' title='bbox 1294 1839 1396 1908; x_wconf 84' lang='grc' dir='ltr'><strong>τῆς</strong></span> <span class='ocrx_word' id='word_1_243' title='bbox 1419 1837 1654 1908; x_wconf 79' lang='grc' dir='ltr'><strong>ἀληθοῦς</strong></span> <span class='ocrx_word' id='word_1_244' title='bbox 1683 1838 1825 1910; x_wconf 88' lang='grc' dir='ltr'>Παρ-</span> 
     </span>
    </p>
   </div>
   <div class='ocr_carea' id='block_1_33' title="bbox 1929 1817 3528 1913">
    <p class='ocr_par' dir='ltr' id='par_1_33' title="bbox 1929 1817 3528 1913">
     <span class='ocr_line' id='line_1_33' title="bbox 1929 1817 3528 1913; baseline -0.003 -19"><span class='ocrx_word' id='word_1_245' title='bbox 1929 1817 2218 1913; x_wconf 78' lang='lat' dir='ltr'><strong>quietiam</strong></span> <span class='ocrx_word' id='word_1_246' title='bbox 2247 1851 2408 1898; x_wconf 91' lang='lat' dir='ltr'><strong>erunt</strong></span> <span class='ocrx_word' id='word_1_247' title='bbox 2436 1842 2660 1910; x_wconf 86' lang='lat' dir='ltr'><strong>stipula,</strong></span> <span class='ocrx_word' id='word_1_248' title='bbox 2693 1849 2748 1895; x_wconf 92' lang='lat' dir='ltr'><strong>et</strong></span> <span class='ocrx_word' id='word_1_249' title='bbox 2784 1840 3008 1910; x_wconf 86' lang='lat' dir='ltr'><strong>perinde</strong></span> <span class='ocrx_word' id='word_1_250' title='bbox 3039 1838 3434 1893; x_wconf 88' lang='lat' dir='ltr'><strong>comburentur</strong></span> <span class='ocrx_word' id='word_1_251' title='bbox 3470 1826 3528 1890; x_wconf 73' lang='grc' dir='ltr'><strong>ιιι</strong></span> 
     </span>
    </p>
   </div>
   <div class='ocr_carea' id='block_1_34' title="bbox 234 1904 1855 2003">
    <p class='ocr_par' dir='ltr' id='par_1_34' title="bbox 234 1904 1823 1999">
     <span class='ocr_line' id='line_1_34' title="bbox 234 1904 1823 1999; baseline 0.004 -25"><span class='ocrx_word' id='word_1_252' title='bbox 234 1922 449 1992; x_wconf 73' lang='grc' dir='ltr'>οιμίαςο</span> <span class='ocrx_word' id='word_1_253' title='bbox 484 1922 677 1976; x_wconf 73' lang='grc' dir='ltr'>«Κύων</span> <span class='ocrx_word' id='word_1_254' title='bbox 694 1904 1031 1995; x_wconf 83' lang='grc' dir='ltr'>ἐπιστρέψας</span> <span class='ocrx_word' id='word_1_255' title='bbox 1069 1926 1160 1979; x_wconf 75' lang='grc' dir='ltr'>ἐπὶ</span> <span class='ocrx_word' id='word_1_256' title='bbox 1193 1926 1256 1980; x_wconf 83' lang='grc' dir='ltr'>τὸ</span> <span class='ocrx_word' id='word_1_257' title='bbox 1284 1904 1413 1982; x_wconf 75' lang='grc' dir='ltr'>ἴδιον</span> <span class='ocrx_word' id='word_1_258' title='bbox 1439 1904 1705 1999; x_wconf 84' lang='grc' dir='ltr'>ἐξέραμα,</span> <span class='ocrx_word' id='word_1_259' title='bbox 1727 1904 1823 1982; x_wconf 80' lang='grc' dir='ltr'>καὶ</span> 
     </span>
    </p>
   </div>
   <div class='ocr_carea' id='block_1_35' title="bbox 1929 1904 3528 2003">
    <p class='ocr_par' dir='ltr' id='par_1_35' title="bbox 1934 1927 3528 2003">
     <span class='ocr_line' id='line_1_35' title="bbox 1934 1927 3528 2003; baseline -0.004 -15"><span class='ocrx_word' id='word_1_260' title='bbox 1934 1933 2023 1988; x_wconf 88' lang='lat' dir='ltr'><strong>illa</strong></span> <span class='ocrx_word' id='word_1_261' title='bbox 2054 1933 2180 2003; x_wconf 86' lang='lat' dir='ltr'><strong>igne</strong></span> <span class='ocrx_word' id='word_1_262' title='bbox 2204 1932 2403 2001; x_wconf 86' lang='lat' dir='ltr'><strong>injecto</strong></span> <span class='ocrx_word' id='word_1_263' title='bbox 2427 1931 2788 1988; x_wconf 87' lang='lat' dir='ltr'><strong>comburitur.</strong></span> <span class='ocrx_word' id='word_1_264' title='bbox 2824 1928 3091 1984; x_wconf 87' lang='lat' dir='ltr'><strong>Triticum</strong></span> <span class='ocrx_word' id='word_1_265' title='bbox 3127 1927 3270 1982; x_wconf 85' lang='lat' dir='ltr'><strong>enim</strong></span> <span class='ocrx_word' id='word_1_266' title='bbox 3299 1939 3528 1996; x_wconf 86' lang='lat' dir='ltr'><strong>congre-</strong></span> 
     </span>
    </p>
   </div>
   <div class='ocr_carea' id='block_1_36' title="bbox 222 2006 1827 2090">
    <p class='ocr_par' dir='ltr' id='par_1_36' title="bbox 222 2006 1827 2090">
     <span class='ocr_line' id='line_1_36' title="bbox 222 2006 1827 2090; baseline 0.016 -39"><span class='ocrx_word' id='word_1_267' title='bbox 222 2006 303 2077; x_wconf 58' lang='grc' dir='ltr'><strong>πῦς</strong></span> <span class='ocrx_word' id='word_1_268' title='bbox 347 2012 659 2085; x_wconf 78' lang='grc' dir='ltr'>λουσαμένη</span> <span class='ocrx_word' id='word_1_269' title='bbox 702 2016 785 2079; x_wconf 82' lang='grc' dir='ltr'><strong>είς</strong></span> <span class='ocrx_word' id='word_1_270' title='bbox 828 2015 1072 2087; x_wconf 84' lang='grc' dir='ltr'>κύλισμα</span> <span class='ocrx_word' id='word_1_271' title='bbox 1113 2017 1398 2090; x_wconf 76' lang='grc' dir='ltr'>βορὸόρου.</span> <span class='ocrx_word' id='word_1_272' title='bbox 1437 2038 1456 2071; x_wconf 75' lang='grc' dir='ltr'><strong>ι</strong></span> <span class='ocrx_word' id='word_1_273' title='bbox 1506 2019 1719 2074; x_wconf 85' lang='grc' dir='ltr'>υὺκοῦν</span> <span class='ocrx_word' id='word_1_274' title='bbox 1768 2024 1827 2075; x_wconf 85' lang='grc' dir='ltr'><strong>ἐν</strong></span> 
     </span>
    </p>
   </div>
   <div class='ocr_carea' id='block_1_37' title="bbox 220 2105 1828 2180">
    <p class='ocr_par' dir='ltr' id='par_1_37' title="bbox 220 2105 1828 2180">
     <span class='ocr_line' id='line_1_37' title="bbox 220 2105 1828 2180; baseline 0.006 -24"><span class='ocrx_word' id='word_1_275' title='bbox 220 2105 343 2175; x_wconf 70' lang='grc' dir='ltr'><strong>-ῑσῳ</strong></span> <span class='ocrx_word' id='word_1_276' title='bbox 384 2107 498 2168; x_wconf 84' lang='grc' dir='ltr'>τοῖς</span> <span class='ocrx_word' id='word_1_277' title='bbox 524 2105 840 2174; x_wconf 81' lang='grc' dir='ltr'>ἀλλογενέσι</span> <span class='ocrx_word' id='word_1_278' title='bbox 884 2107 979 2160; x_wconf 70' lang='grc' dir='ltr'>καὶ</span> <span class='ocrx_word' id='word_1_279' title='bbox 1011 2125 1057 2160; x_wconf 86' lang='grc' dir='ltr'><strong>ο·</strong></span> <span class='ocrx_word' id='word_1_280' title='bbox 1092 2108 1375 2174; x_wconf 82' lang='grc' dir='ltr'>ποιοῦντες</span> <span class='ocrx_word' id='word_1_281' title='bbox 1402 2110 1601 2180; x_wconf 83' lang='grc' dir='ltr'>ἄνομα,</span> <span class='ocrx_word' id='word_1_282' title='bbox 1646 2112 1695 2165; x_wconf 78' lang='grc' dir='ltr'><strong>οἵ</strong></span> <span class='ocrx_word' id='word_1_283' title='bbox 1735 2114 1828 2166; x_wconf 77' lang='grc' dir='ltr'>καὶ</span> 
     </span>
    </p>
   </div>
   <div class='ocr_carea' id='block_1_38' title="bbox 239 2194 1828 2269">
    <p class='ocr_par' dir='ltr' id='par_1_38' title="bbox 239 2194 1828 2269">
     <span class='ocr_line' id='line_1_38' title="bbox 239 2194 1828 2269; baseline 0.006 -22"><span class='ocrx_word' id='word_1_284' title='bbox 239 2194 458 2249; x_wconf 76' lang='grc' dir='ltr'>ἔσονται</span> <span class='ocrx_word' id='word_1_285' title='bbox 487 2196 733 2268; x_wconf 86' lang='grc' dir='ltr'>καλάμη,</span> <span class='ocrx_word' id='word_1_286' title='bbox 763 2197 1305 2269; x_wconf 86' lang='grc' dir='ltr'>καταφλεχθήσονται</span> <span class='ocrx_word' id='word_1_287' title='bbox 1338 2201 1396 2255; x_wconf 88' lang='grc' dir='ltr'><strong>δέ</strong></span> <span class='ocrx_word' id='word_1_288' title='bbox 1424 2201 1598 2267; x_wconf 73' lang='grc' dir='ltr'>οὕτως</span> <span class='ocrx_word' id='word_1_289' title='bbox 1627 2203 1828 2258; x_wconf 78' lang='grc' dir='ltr'>ὡσανεὶ</span> 
     </span>
    </p>
   </div>
   <div class='ocr_carea' id='block_1_39' title="bbox 228 2287 1828 2368">
    <p class='ocr_par' dir='ltr' id='par_1_39' title="bbox 228 2287 1828 2368">
     <span class='ocr_line' id='line_1_39' title="bbox 228 2287 1828 2368; baseline 0.007 -28"><span class='ocrx_word' id='word_1_290' title='bbox 228 2287 470 2360; x_wconf 66' lang='grc' dir='ltr'>ςγάκείνη</span> <span class='ocrx_word' id='word_1_291' title='bbox 502 2290 674 2361; x_wconf 80' lang='grc' dir='ltr'>πυρὸς</span> <span class='ocrx_word' id='word_1_292' title='bbox 692 2291 1151 2363; x_wconf 85' lang='grc' dir='ltr'>ἐπενηνεγμένου.</span> <span class='ocrx_word' id='word_1_293' title='bbox 1172 2294 1473 2362; x_wconf 87' lang='grc' dir='ltr'>Συνάγεται</span> <span class='ocrx_word' id='word_1_294' title='bbox 1494 2296 1603 2368; x_wconf 82' lang='grc' dir='ltr'>γὰρ</span> <span class='ocrx_word' id='word_1_295' title='bbox 1630 2298 1658 2350; x_wconf 89' lang='grc' dir='ltr'>ὁ</span> <span class='ocrx_word' id='word_1_296' title='bbox 1683 2300 1828 2362; x_wconf 84' lang='grc' dir='ltr'>σῖτος</span> 
     </span>
    </p>
   </div>
   <div class='ocr_carea' id='block_1_40' title="bbox 233 2379 1827 2461">
    <p class='ocr_par' dir='ltr' id='par_1_40' title="bbox 233 2379 1827 2461">
     <span class='ocr_line' id='line_1_40' title="bbox 233 2379 1827 2461; baseline 0.008 -29"><span class='ocrx_word' id='word_1_297' title='bbox 233 2382 319 2442; x_wconf 84' lang='grc' dir='ltr'><strong>είς</strong></span> <span class='ocrx_word' id='word_1_298' title='bbox 359 2379 679 2452; x_wconf 81' lang='grc' dir='ltr'><strong>ἀποθήκην,</strong></span> <span class='ocrx_word' id='word_1_299' title='bbox 714 2381 861 2437; x_wconf 89' lang='grc' dir='ltr'><strong>καθά</strong></span> <span class='ocrx_word' id='word_1_300' title='bbox 909 2385 1002 2437; x_wconf 76' lang='grc' dir='ltr'>καὶ</span> <span class='ocrx_word' id='word_1_301' title='bbox 1050 2384 1079 2436; x_wconf 87' lang='grc' dir='ltr'><strong>ὀ</strong></span> <span class='ocrx_word' id='word_1_302' title='bbox 1121 2385 1313 2459; x_wconf 85' lang='grc' dir='ltr'>Σωτήρ</span> <span class='ocrx_word' id='word_1_303' title='bbox 1362 2404 1496 2458; x_wconf 86' lang='grc' dir='ltr'>φησι</span> <span class='ocrx_word' id='word_1_304' title='bbox 1543 2391 1673 2461; x_wconf 78' lang='grc' dir='ltr'>περὶ</span> <span class='ocrx_word' id='word_1_305' title='bbox 1718 2391 1827 2445; x_wconf 84' lang='grc' dir='ltr'><strong>τῶν</strong></span> 
     </span>
    </p>
   </div>
   <div class='ocr_carea' id='block_1_41' title="bbox 218 2469 1828 2552">
    <p class='ocr_par' dir='ltr' id='par_1_41' title="bbox 218 2469 1828 2552">
     <span class='ocr_line' id='line_1_41' title="bbox 218 2469 1828 2552; baseline 0.007 -30"><span class='ocrx_word' id='word_1_306' title='bbox 218 2470 412 2539; x_wconf 67' lang='grc' dir='ltr'>ιάγίων</span> <span class='ocrx_word' id='word_1_307' title='bbox 457 2469 752 2544; x_wconf 78' lang='grc' dir='ltr'>θεριστῶνο</span> <span class='ocrx_word' id='word_1_308' title='bbox 803 2472 865 2526; x_wconf 81' lang='grc' dir='ltr'>τὸ</span> <span class='ocrx_word' id='word_1_309' title='bbox 911 2473 969 2527; x_wconf 88' lang='grc' dir='ltr'><strong>δέ</strong></span> <span class='ocrx_word' id='word_1_310' title='bbox 1017 2473 1221 2545; x_wconf 80' lang='grc' dir='ltr'>ἄχυρον</span> <span class='ocrx_word' id='word_1_311' title='bbox 1279 2477 1640 2531; x_wconf 86' lang='grc' dir='ltr'>κατακαίεται</span> <span class='ocrx_word' id='word_1_312' title='bbox 1694 2480 1828 2552; x_wconf 73' lang='grc' dir='ltr'>πυρὶ</span> 
     </span>
    </p>
   </div>
   <div class='ocr_carea' id='block_1_42' title="bbox 224 2561 1828 2639">
    <p class='ocr_par' dir='ltr' id='par_1_42' title="bbox 224 2561 1828 2639">
     <span class='ocr_line' id='line_1_42' title="bbox 224 2561 1828 2639; baseline 0.005 -23"><span class='ocrx_word' id='word_1_313' title='bbox 224 2561 510 2633; x_wconf 77' lang='grc' dir='ltr'>ἀσϐέστῳ.</span> <span class='ocrx_word' id='word_1_314' title='bbox 544 2582 563 2615; x_wconf 76' lang='grc' dir='ltr'><strong>ι</strong></span> <span class='ocrx_word' id='word_1_315' title='bbox 603 2564 715 2618; x_wconf 75' lang='grc' dir='ltr'><strong>Καὶ</strong></span> <span class='ocrx_word' id='word_1_316' title='bbox 744 2565 806 2618; x_wconf 84' lang='grc' dir='ltr'>οὐ</span> <span class='ocrx_word' id='word_1_317' title='bbox 842 2564 916 2637; x_wconf 80' lang='grc' dir='ltr'>μὴ</span> <span class='ocrx_word' id='word_1_318' title='bbox 952 2565 1256 2638; x_wconf 79' lang='grc' dir='ltr'>ὑπολειφθῇ</span> <span class='ocrx_word' id='word_1_319' title='bbox 1287 2567 1471 2632; x_wconf 77' lang='grc' dir='ltr'>αὐτοῖς</span> <span class='ocrx_word' id='word_1_320' title='bbox 1514 2569 1640 2639; x_wconf 80' lang='grc' dir='ltr'>ῥίζα</span> <span class='ocrx_word' id='word_1_321' title='bbox 1660 2609 1674 2632; x_wconf 90' lang='grc'><strong>,</strong></span> <span class='ocrx_word' id='word_1_322' title='bbox 1706 2571 1828 2625; x_wconf 87' lang='grc' dir='ltr'><strong>οὐδέ</strong></span> 
     </span>
    </p>
   </div>
   <div class='ocr_carea' id='block_1_43' title="bbox 246 2654 1830 2729">
    <p class='ocr_par' dir='ltr' id='par_1_43' title="bbox 246 2654 1830 2729">
     <span class='ocr_line' id='line_1_43' title="bbox 246 2654 1830 2729; baseline 0.007 -24"><span class='ocrx_word' id='word_1_323' title='bbox 246 2654 461 2724; x_wconf 85' lang='grc' dir='ltr'>κλῆμα·</span> <span class='ocrx_word' id='word_1_324' title='bbox 478 2673 495 2705; x_wconf 81' lang='grc' dir='ltr'><strong>ι</strong></span> <span class='ocrx_word' id='word_1_325' title='bbox 536 2655 846 2721; x_wconf 86' lang='grc' dir='ltr'>τουτέστιν,</span> <span class='ocrx_word' id='word_1_326' title='bbox 867 2656 1129 2729; x_wconf 78' lang='grc' dir='ltr'>οὐδεμίαν</span> <span class='ocrx_word' id='word_1_327' title='bbox 1146 2657 1361 2722; x_wconf 72' lang='grc' dir='ltr'>ἕξουσιν</span> <span class='ocrx_word' id='word_1_328' title='bbox 1382 2659 1575 2715; x_wconf 88' lang='grc' dir='ltr'>ἐλπίδα</span> <span class='ocrx_word' id='word_1_329' title='bbox 1610 2661 1705 2716; x_wconf 87' lang='grc' dir='ltr'><strong>τοῦ</strong></span> <span class='ocrx_word' id='word_1_330' title='bbox 1733 2662 1830 2716; x_wconf 74' lang='grc' dir='ltr'>καὶ</span> 
     </span>
    </p>
   </div>
   <div class='ocr_carea' id='block_1_44' title="bbox 233 2740 1827 2827">
    <p class='ocr_par' dir='ltr' id='par_1_44' title="bbox 233 2740 1827 2827">
     <span class='ocr_line' id='line_1_44' title="bbox 233 2740 1827 2827; baseline 0.007 -30"><span class='ocrx_word' id='word_1_331' title='bbox 233 2740 397 2809; x_wconf 83' lang='grc' dir='ltr'>αὖθις</span> <span class='ocrx_word' id='word_1_332' title='bbox 447 2746 759 2817; x_wconf 71' lang='grc' dir='ltr'>ἀναφυῆναι</span> <span class='ocrx_word' id='word_1_333' title='bbox 812 2748 951 2820; x_wconf 78' lang='grc' dir='ltr'>πρὸς</span> <span class='ocrx_word' id='word_1_334' title='bbox 1000 2748 1182 2821; x_wconf 83' lang='grc' dir='ltr'>ζωὴν,</span> <span class='ocrx_word' id='word_1_335' title='bbox 1232 2750 1380 2823; x_wconf 78' lang='grc' dir='ltr'><strong>ζωὴν</strong></span> <span class='ocrx_word' id='word_1_336' title='bbox 1430 2751 1487 2805; x_wconf 88' lang='grc' dir='ltr'><strong>δέ</strong></span> <span class='ocrx_word' id='word_1_337' title='bbox 1539 2771 1683 2825; x_wconf 90' lang='grc' dir='ltr'>φημι</span> <span class='ocrx_word' id='word_1_338' title='bbox 1728 2754 1827 2827; x_wconf 83' lang='grc' dir='ltr'><strong>τήν</strong></span> 
     </span>
    </p>
   </div>
   <div class='ocr_carea' id='block_1_45' title="bbox 230 2836 1827 2917">
    <p class='ocr_par' dir='ltr' id='par_1_45' title="bbox 230 2836 1827 2917">
     <span class='ocr_line' id='line_1_45' title="bbox 230 2836 1827 2917; baseline 0.005 -26"><span class='ocrx_word' id='word_1_339' title='bbox 230 2836 563 2910; x_wconf 74' lang='grc' dir='ltr'>ἀξιέραστόν</span> <span class='ocrx_word' id='word_1_340' title='bbox 594 2857 653 2893; x_wconf 85' lang='grc' dir='ltr'><strong>τε</strong></span> <span class='ocrx_word' id='word_1_341' title='bbox 687 2839 784 2894; x_wconf 75' lang='grc' dir='ltr'>καὶ</span> <span class='ocrx_word' id='word_1_342' title='bbox 809 2840 885 2905; x_wconf 84' lang='grc' dir='ltr'>ὠς</span> <span class='ocrx_word' id='word_1_343' title='bbox 910 2842 969 2895; x_wconf 86' lang='grc' dir='ltr'>ἐν</span> <span class='ocrx_word' id='word_1_344' title='bbox 1000 2842 1129 2915; x_wconf 81' lang='grc' dir='ltr'>δόξῃ</span> <span class='ocrx_word' id='word_1_345' title='bbox 1157 2845 1224 2915; x_wconf 79' lang='grc' dir='ltr'>τῇ</span> <span class='ocrx_word' id='word_1_346' title='bbox 1256 2845 1410 2916; x_wconf 89' lang='grc' dir='ltr'><strong>παρά</strong></span> <span class='ocrx_word' id='word_1_347' title='bbox 1440 2843 1581 2916; x_wconf 82' lang='grc' dir='ltr'>Θεῷ,</span> <span class='ocrx_word' id='word_1_348' title='bbox 1610 2846 1709 2917; x_wconf 83' lang='grc' dir='ltr'>τὴν</span> <span class='ocrx_word' id='word_1_349' title='bbox 1752 2846 1827 2911; x_wconf 85' lang='grc' dir='ltr'>ὼς</span> 
     </span>
    </p>
   </div>
   <div class='ocr_carea' id='block_1_46' title="bbox 229 2925 1828 3010">
    <p class='ocr_par' dir='ltr' id='par_1_46' title="bbox 229 2925 1828 3010">
     <span class='ocr_line' id='line_1_46' title="bbox 229 2925 1828 3010; baseline 0.006 -28"><span class='ocrx_word' id='word_1_350' title='bbox 229 2930 292 2983; x_wconf 88' lang='grc' dir='ltr'><strong>ἐν</strong></span> <span class='ocrx_word' id='word_1_351' title='bbox 328 2931 591 3003; x_wconf 81' lang='grc' dir='ltr'>ἁγιασμῷ</span> <span class='ocrx_word' id='word_1_352' title='bbox 624 2933 719 2987; x_wconf 74' lang='grc' dir='ltr'>καὶ</span> <span class='ocrx_word' id='word_1_353' title='bbox 748 2935 1114 3007; x_wconf 79' lang='grc' dir='ltr'>μακαριότητι</span> <span class='ocrx_word' id='word_1_354' title='bbox 1142 2925 1468 3008; x_wconf 69' lang='grc' dir='ltr'>νοδυμένην.</span> <span class='ocrx_word' id='word_1_355' title='bbox 1508 2936 1699 3010; x_wconf 78' lang='grc' dir='ltr'>Ῥίζης</span> <span class='ocrx_word' id='word_1_356' title='bbox 1727 2937 1828 3009; x_wconf 81' lang='grc' dir='ltr'>μὲν</span> 
     </span>
    </p>
   </div>
   <div class='ocr_carea' id='block_1_47' title="bbox 229 3022 1828 3102">
    <p class='ocr_par' dir='ltr' id='par_1_47' title="bbox 229 3022 1828 3102">
     <span class='ocr_line' id='line_1_47' title="bbox 229 3022 1828 3102; baseline 0.006 -27"><span class='ocrx_word' id='word_1_357' title='bbox 229 3022 347 3095; x_wconf 81' lang='grc' dir='ltr'><strong>γάρ</strong></span> <span class='ocrx_word' id='word_1_358' title='bbox 372 3024 474 3078; x_wconf 81' lang='grc' dir='ltr'>οὐκ</span> <span class='ocrx_word' id='word_1_359' title='bbox 509 3025 745 3081; x_wconf 71' lang='grc' dir='ltr'>εἰσάπαν</span> <span class='ocrx_word' id='word_1_360' title='bbox 779 3029 1219 3102; x_wconf 88' lang='grc' dir='ltr'>ἐκκεκομμένης,</span> <span class='ocrx_word' id='word_1_361' title='bbox 1257 3029 1380 3083; x_wconf 76' lang='grc' dir='ltr'>οὔτε</span> <span class='ocrx_word' id='word_1_362' title='bbox 1412 3030 1520 3101; x_wconf 79' lang='grc' dir='ltr'>μὴν</span> <span class='ocrx_word' id='word_1_363' title='bbox 1550 3030 1828 3102; x_wconf 84' lang='grc' dir='ltr'>κλήματος</span> 
     </span>
    </p>
   </div>
   <div class='ocr_carea' id='block_1_48' title="bbox 230 3111 1825 3193">
    <p class='ocr_par' dir='ltr' id='par_1_48' title="bbox 230 3111 1825 3193">
     <span class='ocr_line' id='line_1_48' title="bbox 230 3111 1825 3193; baseline 0.004 -21"><span class='ocrx_word' id='word_1_364' title='bbox 230 3111 351 3172; x_wconf 78' lang='grc' dir='ltr'>οἷον</span> <span class='ocrx_word' id='word_1_365' title='bbox 388 3120 454 3172; x_wconf 84' lang='grc' dir='ltr'><strong>ἐκ</strong></span> <span class='ocrx_word' id='word_1_366' title='bbox 485 3118 687 3189; x_wconf 80' lang='grc' dir='ltr'>βάθους</span> <span class='ocrx_word' id='word_1_367' title='bbox 727 3120 1091 3193; x_wconf 80' lang='grc' dir='ltr'>ἐξῃρημένου,</span> <span class='ocrx_word' id='word_1_368' title='bbox 1126 3120 1363 3188; x_wconf 80' lang='grc' dir='ltr'>σώζεταί</span> <span class='ocrx_word' id='word_1_369' title='bbox 1401 3141 1486 3188; x_wconf 90' lang='grc' dir='ltr'><strong>τις</strong></span> <span class='ocrx_word' id='word_1_370' title='bbox 1532 3124 1689 3189; x_wconf 71' lang='grc' dir='ltr'>ἐλπὶς</span> <span class='ocrx_word' id='word_1_371' title='bbox 1733 3124 1825 3178; x_wconf 92' lang='grc' dir='ltr'><strong>τοῦ</strong></span> 
     </span>
    </p>
   </div>
   <div class='ocr_carea' id='block_1_49' title="bbox 1932 2017 3528 2096">
    <p class='ocr_par' dir='ltr' id='par_1_49' title="bbox 1932 2017 3528 2096">
     <span class='ocr_line' id='line_1_49' title="bbox 1932 2017 3528 2096; baseline -0.005 -15"><span class='ocrx_word' id='word_1_372' title='bbox 1932 2035 2091 2096; x_wconf 86' lang='lat' dir='ltr'><strong>gatur</strong></span> <span class='ocrx_word' id='word_1_373' title='bbox 2122 2027 2175 2081; x_wconf 93' lang='lat' dir='ltr'><strong>in</strong></span> <span class='ocrx_word' id='word_1_374' title='bbox 2210 2027 2491 2088; x_wconf 83' lang='lat' dir='ltr'><strong>horreum,</strong></span> <span class='ocrx_word' id='word_1_375' title='bbox 2533 2022 2989 2092; x_wconf 89' lang='lat' dir='ltr'><strong>quemadmodum</strong></span> <span class='ocrx_word' id='word_1_376' title='bbox 3028 2019 3279 2076; x_wconf 87' lang='lat' dir='ltr'><strong>Salvator</strong></span> <span class='ocrx_word' id='word_1_377' title='bbox 3327 2017 3528 2074; x_wconf 86' lang='lat' dir='ltr'><strong>sanctis</strong></span> 
     </span>
    </p>
   </div>
   <div class='ocr_carea' id='block_1_50' title="bbox 1922 2109 3529 2181">
    <p class='ocr_par' dir='ltr' id='par_1_50' title="bbox 1922 2109 3529 2181">
     <span class='ocr_line' id='line_1_50' title="bbox 1922 2109 3529 2181; baseline -0.006 -9"><span class='ocrx_word' id='word_1_378' title='bbox 1922 2118 2267 2173; x_wconf 80' lang='lat' dir='ltr'><strong>messoribus</strong></span> <span class='ocrx_word' id='word_1_379' title='bbox 2302 2117 2380 2172; x_wconf 87' lang='lat' dir='ltr'><strong>ait</strong></span> <span class='ocrx_word' id='word_1_380' title='bbox 2408 2131 2424 2170; x_wconf 91' lang='lat'><strong>:</strong></span> <span class='ocrx_word' id='word_1_381' title='bbox 2465 2115 2628 2172; x_wconf 85' lang='lat' dir='ltr'><strong>Palea</strong></span> <span class='ocrx_word' id='word_1_382' title='bbox 2662 2129 2791 2170; x_wconf 86' lang='lat' dir='ltr'><strong>vero</strong></span> <span class='ocrx_word' id='word_1_383' title='bbox 2819 2113 3175 2179; x_wconf 88' lang='lat' dir='ltr'><strong>comburitur,</strong></span> <span class='ocrx_word' id='word_1_384' title='bbox 3218 2111 3339 2181; x_wconf 82' lang='lat' dir='ltr'><strong>igne</strong></span> <span class='ocrx_word' id='word_1_385' title='bbox 3376 2109 3529 2163; x_wconf 77' lang='lat' dir='ltr'><strong>inex-</strong></span> 
     </span>
    </p>
   </div>
   <div class='ocr_carea' id='block_1_51' title="bbox 1931 2203 3528 2279">
    <p class='ocr_par' dir='ltr' id='par_1_51' title="bbox 1931 2203 3528 2279">
     <span class='ocr_line' id='line_1_51' title="bbox 1931 2203 3528 2279; baseline -0.006 -14"><span class='ocrx_word' id='word_1_386' title='bbox 1931 2208 2231 2279; x_wconf 86' lang='lat' dir='ltr'><strong>stinguibili</strong></span> <span class='ocrx_word' id='word_1_387' title='bbox 2263 2208 2330 2263; x_wconf 83' lang='grc'><strong>¹³.</strong></span> <span class='ocrx_word' id='word_1_388' title='bbox 2363 2228 2381 2261; x_wconf 77' lang='grc' dir='ltr'><strong>ι</strong></span> <span class='ocrx_word' id='word_1_389' title='bbox 2434 2208 2546 2264; x_wconf 81' lang='lat' dir='ltr'><strong>Nec</strong></span> <span class='ocrx_word' id='word_1_390' title='bbox 2596 2206 2937 2276; x_wconf 89' lang='lat' dir='ltr'><strong>relinquetur</strong></span> <span class='ocrx_word' id='word_1_391' title='bbox 2964 2204 3093 2272; x_wconf 89' lang='lat' dir='ltr'><strong>ipsis</strong></span> <span class='ocrx_word' id='word_1_392' title='bbox 3138 2203 3293 2259; x_wconf 84' lang='lat' dir='ltr'><strong>radix</strong></span> <span class='ocrx_word' id='word_1_393' title='bbox 3352 2214 3528 2272; x_wconf 85' lang='lat' dir='ltr'><strong>neque</strong></span> 
     </span>
    </p>
   </div>
   <div class='ocr_carea' id='block_1_52' title="bbox 1930 2293 3524 2371">
    <p class='ocr_par' dir='ltr' id='par_1_52' title="bbox 1930 2293 3524 2371">
     <span class='ocr_line' id='line_1_52' title="bbox 1930 2293 3524 2371; baseline -0.005 -16"><span class='ocrx_word' id='word_1_394' title='bbox 1930 2315 2175 2371; x_wconf 86' lang='lat' dir='ltr'><strong>germen.</strong></span> <span class='ocrx_word' id='word_1_395' title='bbox 2200 2318 2217 2351; x_wconf 75' lang='grc' dir='ltr'><strong>ι</strong></span> <span class='ocrx_word' id='word_1_396' title='bbox 2237 2300 2352 2356; x_wconf 83' lang='lat' dir='ltr'><strong>Hoc</strong></span> <span class='ocrx_word' id='word_1_397' title='bbox 2373 2308 2478 2367; x_wconf 90' lang='lat' dir='ltr'><strong>est,</strong></span> <span class='ocrx_word' id='word_1_398' title='bbox 2511 2298 2716 2354; x_wconf 88' lang='lat' dir='ltr'><strong>nullam</strong></span> <span class='ocrx_word' id='word_1_399' title='bbox 2743 2313 2892 2369; x_wconf 88' lang='lat' dir='ltr'><strong>spem</strong></span> <span class='ocrx_word' id='word_1_400' title='bbox 2917 2297 2983 2352; x_wconf 83' lang='lat' dir='ltr'><strong>atl</strong></span> <span class='ocrx_word' id='word_1_401' title='bbox 3012 2298 3176 2357; x_wconf 85' lang='lat' dir='ltr'><strong>vitam</strong></span> <span class='ocrx_word' id='word_1_402' title='bbox 3209 2293 3524 2350; x_wconf 84' lang='lat' dir='ltr'><strong>renascend&#39;</strong></span> 
     </span>
    </p>
   </div>
   <div class='ocr_carea' id='block_1_53' title="bbox 1930 2388 3524 2462">
    <p class='ocr_par' dir='ltr' id='par_1_53' title="bbox 1930 2388 3524 2462">
     <span class='ocr_line' id='line_1_53' title="bbox 1930 2388 3524 2462; baseline -0.004 -17"><span class='ocrx_word' id='word_1_403' title='bbox 1930 2392 2242 2460; x_wconf 86' lang='lat' dir='ltr'><strong>habebunt;</strong></span> <span class='ocrx_word' id='word_1_404' title='bbox 2276 2392 2465 2462; x_wconf 84' lang='lat' dir='ltr'><strong>loquor</strong></span> <span class='ocrx_word' id='word_1_405' title='bbox 2494 2402 2674 2446; x_wconf 88' lang='lat' dir='ltr'><strong>autem</strong></span> <span class='ocrx_word' id='word_1_406' title='bbox 2709 2391 2774 2444; x_wconf 90' lang='lat' dir='ltr'><strong>de</strong></span> <span class='ocrx_word' id='word_1_407' title='bbox 2806 2405 2867 2444; x_wconf 90' lang='lat' dir='ltr'><strong>ea</strong></span> <span class='ocrx_word' id='word_1_408' title='bbox 2901 2390 3032 2455; x_wconf 89' lang='lat' dir='ltr'><strong>vita,</strong></span> <span class='ocrx_word' id='word_1_409' title='bbox 3061 2402 3183 2459; x_wconf 64' lang='lat' dir='ltr'><strong>quae</strong></span> <span class='ocrx_word' id='word_1_410' title='bbox 3224 2388 3524 2457; x_wconf 80' lang='lat' dir='ltr'><strong>expetenda</strong></span> 
     </span>
    </p>
   </div>
   <div class='ocr_carea' id='block_1_54' title="bbox 1929 2479 3527 2555">
    <p class='ocr_par' dir='ltr' id='par_1_54' title="bbox 1929 2479 3527 2555">
     <span class='ocr_line' id='line_1_54' title="bbox 1929 2479 3527 2555; baseline -0.005 -15"><span class='ocrx_word' id='word_1_411' title='bbox 1929 2496 2032 2550; x_wconf 89' lang='lat' dir='ltr'><strong>est,</strong></span> <span class='ocrx_word' id='word_1_412' title='bbox 2062 2497 2117 2541; x_wconf 90' lang='lat' dir='ltr'><strong>et</strong></span> <span class='ocrx_word' id='word_1_413' title='bbox 2148 2486 2215 2540; x_wconf 88' lang='lat' dir='ltr'><strong>ad</strong></span> <span class='ocrx_word' id='word_1_414' title='bbox 2243 2487 2470 2555; x_wconf 85' lang='lat' dir='ltr'><strong>gloriam</strong></span> <span class='ocrx_word' id='word_1_415' title='bbox 2505 2485 2595 2539; x_wconf 88' lang='lat' dir='ltr'><strong>Dei</strong></span> <span class='ocrx_word' id='word_1_416' title='bbox 2622 2484 2896 2553; x_wconf 83' lang='lat' dir='ltr'><strong>dirigitur,</strong></span> <span class='ocrx_word' id='word_1_417' title='bbox 2925 2490 2981 2538; x_wconf 90' lang='lat' dir='ltr'><strong>et</strong></span> <span class='ocrx_word' id='word_1_418' title='bbox 3010 2482 3063 2537; x_wconf 91' lang='lat' dir='ltr'><strong>in</strong></span> <span class='ocrx_word' id='word_1_419' title='bbox 3092 2479 3527 2537; x_wconf 88' lang='lat' dir='ltr'><strong>sanctiﬁcatione</strong></span> 
     </span>
    </p>
   </div>
   <div class='ocr_carea' id='block_1_55' title="bbox 1929 2574 3525 2645">
    <p class='ocr_par' dir='ltr' id='par_1_55' title="bbox 1929 2574 3525 2645">
     <span class='ocr_line' id='line_1_55' title="bbox 1929 2574 3525 2645; baseline -0.004 -15"><span class='ocrx_word' id='word_1_420' title='bbox 1929 2591 1992 2630; x_wconf 91' lang='lat' dir='ltr'><strong>ac</strong></span> <span class='ocrx_word' id='word_1_421' title='bbox 2018 2576 2354 2630; x_wconf 88' lang='lat' dir='ltr'><strong>beatitudine</strong></span> <span class='ocrx_word' id='word_1_422' title='bbox 2386 2575 2731 2645; x_wconf 83' lang='lat' dir='ltr'><strong>intelligitur.</strong></span> <span class='ocrx_word' id='word_1_423' title='bbox 2760 2574 2965 2630; x_wconf 80' lang='lat' dir='ltr'><strong>Radice</strong></span> <span class='ocrx_word' id='word_1_424' title='bbox 2991 2574 3138 2628; x_wconf 91' lang='lat' dir='ltr'><strong>enim</strong></span> <span class='ocrx_word' id='word_1_425' title='bbox 3168 2587 3274 2628; x_wconf 88' lang='lat' dir='ltr'><strong>non</strong></span> <span class='ocrx_word' id='word_1_426' title='bbox 3296 2584 3525 2641; x_wconf 87' lang='lat' dir='ltr'><strong>prorsus</strong></span> 
     </span>
    </p>
   </div>
   <div class='ocr_carea' id='block_1_56' title="bbox 1929 2663 3526 2737">
    <p class='ocr_par' dir='ltr' id='par_1_56' title="bbox 1929 2663 3526 2737">
     <span class='ocr_line' id='line_1_56' title="bbox 1929 2663 3526 2737; baseline -0.003 -16"><span class='ocrx_word' id='word_1_427' title='bbox 1929 2668 2132 2733; x_wconf 79' lang='lat' dir='ltr'><strong>excisa,</strong></span> <span class='ocrx_word' id='word_1_428' title='bbox 2171 2682 2271 2722; x_wconf 91' lang='lat' dir='ltr'><strong>nec</strong></span> <span class='ocrx_word' id='word_1_429' title='bbox 2305 2666 2553 2737; x_wconf 83' lang='lat' dir='ltr'><strong>germine</strong></span> <span class='ocrx_word' id='word_1_430' title='bbox 2584 2667 2733 2722; x_wconf 90' lang='lat' dir='ltr'><strong>velut</strong></span> <span class='ocrx_word' id='word_1_431' title='bbox 2776 2666 2844 2721; x_wconf 89' lang='lat' dir='ltr'><strong>ab</strong></span> <span class='ocrx_word' id='word_1_432' title='bbox 2891 2666 3003 2723; x_wconf 90' lang='lat' dir='ltr'><strong>imo</strong></span> <span class='ocrx_word' id='word_1_433' title='bbox 3038 2663 3245 2727; x_wconf 88' lang='lat' dir='ltr'><strong>evulso,</strong></span> <span class='ocrx_word' id='word_1_434' title='bbox 3277 2678 3401 2733; x_wconf 84' lang='lat' dir='ltr'><strong>spes</strong></span> <span class='ocrx_word' id='word_1_435' title='bbox 3434 2676 3526 2717; x_wconf 90' lang='lat' dir='ltr'><strong>re-</strong></span> 
     </span>
    </p>
   </div>
   <div class='ocr_carea' id='block_1_57' title="bbox 1930 2755 3527 2828">
    <p class='ocr_par' dir='ltr' id='par_1_57' title="bbox 1930 2755 3527 2828">
     <span class='ocr_line' id='line_1_57' title="bbox 1930 2755 3527 2828; baseline -0.002 -16"><span class='ocrx_word' id='word_1_436' title='bbox 1930 2759 2187 2814; x_wconf 85' lang='lat' dir='ltr'><strong>nascendi</strong></span> <span class='ocrx_word' id='word_1_437' title='bbox 2216 2768 2421 2813; x_wconf 87' lang='lat' dir='ltr'><strong>manet.</strong></span> <span class='ocrx_word' id='word_1_438' title='bbox 2449 2776 2467 2808; x_wconf 83' lang='grc' dir='ltr'><strong>ι</strong></span> <span class='ocrx_word' id='word_1_439' title='bbox 2489 2757 2583 2812; x_wconf 91' lang='lat' dir='ltr'><strong>Est</strong></span> <span class='ocrx_word' id='word_1_440' title='bbox 2603 2757 2746 2813; x_wconf 90' lang='lat' dir='ltr'><strong>enim</strong></span> <span class='ocrx_word' id='word_1_441' title='bbox 2770 2772 2895 2828; x_wconf 87' lang='lat' dir='ltr'><strong>spes</strong></span> <span class='ocrx_word' id='word_1_442' title='bbox 2918 2756 3122 2823; x_wconf 88' lang='lat' dir='ltr'><strong>arbori,</strong></span> <span class='ocrx_word' id='word_1_443' title='bbox 3147 2774 3165 2808; x_wconf 76' lang='grc' dir='ltr'><strong>ι</strong></span> <span class='ocrx_word' id='word_1_444' title='bbox 3185 2766 3243 2810; x_wconf 85' lang='grc' dir='ltr'><strong>ιιι</strong></span> <span class='ocrx_word' id='word_1_445' title='bbox 3264 2755 3527 2825; x_wconf 86' lang='lat' dir='ltr'><strong>scriptum</strong></span> 
     </span>
    </p>
   </div>
   <div class='ocr_carea' id='block_1_58' title="bbox 1929 2847 3527 2921">
    <p class='ocr_par' dir='ltr' id='par_1_58' title="bbox 1929 2847 3527 2921">
     <span class='ocr_line' id='line_1_58' title="bbox 1929 2847 3527 2921; baseline -0.004 -15"><span class='ocrx_word' id='word_1_446' title='bbox 1929 2860 2014 2907; x_wconf 89' lang='lat' dir='ltr'><strong>est</strong></span> <span class='ocrx_word' id='word_1_447' title='bbox 2047 2851 2109 2906; x_wconf 68' lang='grc' dir='ltr'><strong>ιδ.</strong></span> <span class='ocrx_word' id='word_1_448' title='bbox 2146 2850 2202 2906; x_wconf 90' lang='lat' dir='ltr'><strong>Si</strong></span> <span class='ocrx_word' id='word_1_449' title='bbox 2236 2852 2381 2906; x_wconf 89' lang='lat' dir='ltr'><strong>enim</strong></span> <span class='ocrx_word' id='word_1_450' title='bbox 2412 2861 2693 2921; x_wconf 83' lang='lat' dir='ltr'><strong>amputata</strong></span> <span class='ocrx_word' id='word_1_451' title='bbox 2726 2849 2910 2916; x_wconf 80' lang='lat' dir='ltr'><strong>fuerit,</strong></span> <span class='ocrx_word' id='word_1_452' title='bbox 2957 2847 3290 2913; x_wconf 85' lang='lat' dir='ltr'><strong>reﬁorescet,</strong></span> <span class='ocrx_word' id='word_1_453' title='bbox 3321 2856 3378 2902; x_wconf 91' lang='lat' dir='ltr'><strong>et</strong></span> <span class='ocrx_word' id='word_1_454' title='bbox 3404 2862 3527 2917; x_wconf 84' lang='lat' dir='ltr'><strong>ger-</strong></span> 
     </span>
    </p>
   </div>
   <div class='ocr_carea' id='block_1_59' title="bbox 1932 2937 3525 3013">
    <p class='ocr_par' dir='ltr' id='par_1_59' title="bbox 1932 2937 3525 3013">
     <span class='ocr_line' id='line_1_59' title="bbox 1932 2937 3525 3013; baseline -0.003 -16"><span class='ocrx_word' id='word_1_455' title='bbox 1932 2957 2057 2997; x_wconf 87' lang='lat' dir='ltr'><strong>men</strong></span> <span class='ocrx_word' id='word_1_456' title='bbox 2089 2942 2208 3013; x_wconf 87' lang='lat' dir='ltr'><strong>ejus</strong></span> <span class='ocrx_word' id='word_1_457' title='bbox 2246 2956 2353 2996; x_wconf 92' lang='lat' dir='ltr'><strong>non</strong></span> <span class='ocrx_word' id='word_1_458' title='bbox 2398 2941 2633 2997; x_wconf 89' lang='lat' dir='ltr'><strong>deﬁciet.</strong></span> <span class='ocrx_word' id='word_1_459' title='bbox 2670 2940 2823 3008; x_wconf 87' lang='lat' dir='ltr'><strong>Quod</strong></span> <span class='ocrx_word' id='word_1_460' title='bbox 2867 2939 2912 2995; x_wconf 88' lang='lat' dir='ltr'><strong>si</strong></span> <span class='ocrx_word' id='word_1_461' title='bbox 2965 2940 3032 2994; x_wconf 91' lang='lat' dir='ltr'><strong>ab</strong></span> <span class='ocrx_word' id='word_1_462' title='bbox 3060 2940 3169 2993; x_wconf 91' lang='lat' dir='ltr'><strong>imo</strong></span> <span class='ocrx_word' id='word_1_463' title='bbox 3215 2938 3362 2993; x_wconf 87' lang='lat' dir='ltr'><strong>etab</strong></span> <span class='ocrx_word' id='word_1_464' title='bbox 3409 2937 3525 3008; x_wconf 84' lang='lat' dir='ltr'><strong>ipsa</strong></span> 
     </span>
    </p>
   </div>
   <div class='ocr_carea' id='block_1_60' title="bbox 1932 3030 3525 3104">
    <p class='ocr_par' dir='ltr' id='par_1_60' title="bbox 1932 3030 3525 3104">
     <span class='ocr_line' id='line_1_60' title="bbox 1932 3030 3525 3104; baseline -0.003 -16"><span class='ocrx_word' id='word_1_465' title='bbox 1932 3034 2118 3089; x_wconf 86' lang='lat' dir='ltr'><strong>radice</strong></span> <span class='ocrx_word' id='word_1_466' title='bbox 2164 3035 2380 3103; x_wconf 91' lang='lat' dir='ltr'><strong>penitus</strong></span> <span class='ocrx_word' id='word_1_467' title='bbox 2430 3044 2608 3090; x_wconf 85' lang='lat' dir='ltr'><strong>emota</strong></span> <span class='ocrx_word' id='word_1_468' title='bbox 2661 3033 2861 3100; x_wconf 80' lang='lat' dir='ltr'><strong>fuerit,</strong></span> <span class='ocrx_word' id='word_1_469' title='bbox 2917 3030 3254 3104; x_wconf 89' lang='lat' dir='ltr'><strong>germinibus</strong></span> <span class='ocrx_word' id='word_1_470' title='bbox 3307 3040 3525 3101; x_wconf 74' lang='lat' dir='ltr'><strong>Quoque</strong></span> 
     </span>
    </p>
   </div>
   <div class='ocr_carea' id='block_1_61' title="bbox 1929 3114 3524 3195">
    <p class='ocr_par' dir='ltr' id='par_1_61' title="bbox 1929 3114 3524 3195">
     <span class='ocr_line' id='line_1_61' title="bbox 1929 3114 3524 3195; baseline -0.002 -17"><span class='ocrx_word' id='word_1_471' title='bbox 1929 3123 2224 3179; x_wconf 88' lang='lat' dir='ltr'><strong>crudeliter</strong></span> <span class='ocrx_word' id='word_1_472' title='bbox 2257 3124 2572 3195; x_wconf 86' lang='lat' dir='ltr'><strong>amputatis,</strong></span> <span class='ocrx_word' id='word_1_473' title='bbox 2599 3140 2705 3177; x_wconf 90' lang='lat' dir='ltr'><strong>una</strong></span> <span class='ocrx_word' id='word_1_474' title='bbox 2743 3123 2964 3177; x_wconf 90' lang='lat' dir='ltr'><strong>omnino</strong></span> <span class='ocrx_word' id='word_1_475' title='bbox 2989 3114 3157 3176; x_wconf 81' lang='lat' dir='ltr'><strong>etiam</strong></span> <span class='ocrx_word' id='word_1_476' title='bbox 3185 3135 3310 3189; x_wconf 87' lang='lat' dir='ltr'><strong>spes</strong></span> <span class='ocrx_word' id='word_1_477' title='bbox 3347 3120 3524 3175; x_wconf 82' lang='lat' dir='ltr'><strong>omnis</strong></span> 
     </span>
    </p>
   </div>
   <div class='ocr_carea' id='block_1_62' title="bbox 231 3209 1855 3309">
    <p class='ocr_par' dir='ltr' id='par_1_62' title="bbox 231 3209 1855 3289">
     <span class='ocr_line' id='line_1_62' title="bbox 231 3209 1855 3289; baseline 0.003 -27"><span class='ocrx_word' id='word_1_478' title='bbox 231 3210 333 3263; x_wconf 72' lang='grc' dir='ltr'>καὶ</span> <span class='ocrx_word' id='word_1_479' title='bbox 366 3209 640 3279; x_wconf 83' lang='grc' dir='ltr'>ἀναφῦναι</span> <span class='ocrx_word' id='word_1_480' title='bbox 681 3210 875 3265; x_wconf 88' lang='grc' dir='ltr'>πάλιν·</span> <span class='ocrx_word' id='word_1_481' title='bbox 909 3231 928 3265; x_wconf 86' lang='grc' dir='ltr'><strong>ι</strong></span> <span class='ocrx_word' id='word_1_482' title='bbox 962 3213 1119 3267; x_wconf 87' lang='grc' dir='ltr'>Ἔστι</span> <span class='ocrx_word' id='word_1_483' title='bbox 1165 3212 1275 3284; x_wconf 84' lang='grc' dir='ltr'><strong>γὰρ</strong></span> <span class='ocrx_word' id='word_1_484' title='bbox 1326 3212 1529 3285; x_wconf 86' lang='grc' dir='ltr'>δένδρῳ</span> <span class='ocrx_word' id='word_1_485' title='bbox 1569 3214 1756 3279; x_wconf 81' lang='grc' dir='ltr'>ἐλπὶς,</span> <span class='ocrx_word' id='word_1_486' title='bbox 1801 3234 1820 3267; x_wconf 77' lang='grc' dir='ltr'><strong>ι</strong></span> <span class='ocrx_word' id='word_1_487' title='bbox 1854 3282 1855 3289; x_wconf 12' lang='grc' dir='ltr'><strong>κ</strong></span> 
     </span>
    </p>
   </div>
   <div class='ocr_carea' id='block_1_63' title="bbox 1929 3209 3515 3309">
    <p class='ocr_par' dir='ltr' id='par_1_63' title="bbox 1932 3210 3515 3287">
     <span class='ocr_line' id='line_1_63' title="bbox 1932 3210 3515 3287; baseline -0.003 -17"><span class='ocrx_word' id='word_1_488' title='bbox 1932 3232 2052 3271; x_wconf 75' lang='lat' dir='ltr'><strong>cum</strong></span> <span class='ocrx_word' id='word_1_489' title='bbox 2089 3217 2203 3287; x_wconf 88' lang='lat' dir='ltr'><strong>ipsa</strong></span> <span class='ocrx_word' id='word_1_490' title='bbox 2232 3217 2431 3287; x_wconf 89' lang='lat' dir='ltr'><strong>peribit</strong></span> <span class='ocrx_word' id='word_1_491' title='bbox 2467 3232 2627 3287; x_wconf 89' lang='lat' dir='ltr'><strong>posse</strong></span> <span class='ocrx_word' id='word_1_492' title='bbox 2659 3216 2722 3271; x_wconf 84' lang='lat' dir='ltr'><strong>ad</strong></span> <span class='ocrx_word' id='word_1_493' title='bbox 2749 3216 2913 3271; x_wconf 88' lang='lat' dir='ltr'><strong>vitam</strong></span> <span class='ocrx_word' id='word_1_494' title='bbox 2945 3216 2997 3268; x_wconf 92' lang='lat' dir='ltr'><strong>in</strong></span> <span class='ocrx_word' id='word_1_495' title='bbox 3035 3223 3308 3283; x_wconf 86' lang='lat' dir='ltr'><strong>posterum</strong></span> <span class='ocrx_word' id='word_1_496' title='bbox 3344 3210 3515 3282; x_wconf 87' lang='lat' dir='ltr'><strong>repul-</strong></span> 
     </span>
    </p>
   </div>
   <div class='ocr_carea' id='block_1_64' title="bbox 230 3301 1855 3378">
    <p class='ocr_par' dir='ltr' id='par_1_64' title="bbox 230 3301 1826 3378">
     <span class='ocr_line' id='line_1_64' title="bbox 230 3301 1826 3378; baseline 0.004 -24"><span class='ocrx_word' id='word_1_497' title='bbox 230 3301 381 3355; x_wconf 83' lang='grc' dir='ltr'><strong>κατά</strong></span> <span class='ocrx_word' id='word_1_498' title='bbox 448 3302 511 3356; x_wconf 74' lang='grc' dir='ltr'>τὸ</span> <span class='ocrx_word' id='word_1_499' title='bbox 554 3303 966 3375; x_wconf 86' lang='grc' dir='ltr'>γεγραμμένον.</span> <span class='ocrx_word' id='word_1_500' title='bbox 1026 3304 1155 3360; x_wconf 87' lang='grc' dir='ltr'><strong>Ἐὰν</strong></span> <span class='ocrx_word' id='word_1_501' title='bbox 1206 3304 1316 3376; x_wconf 85' lang='grc' dir='ltr'>γὰρ</span> <span class='ocrx_word' id='word_1_502' title='bbox 1369 3306 1612 3378; x_wconf 83' lang='grc' dir='ltr'>ἐκκοπῇ,</span> <span class='ocrx_word' id='word_1_503' title='bbox 1663 3307 1826 3361; x_wconf 88' lang='grc' dir='ltr'>πάλιν</span> 
     </span>
    </p>
   </div>
   <div class='ocr_carea' id='block_1_65' title="bbox 1929 3301 3522 3378">
    <p class='ocr_par' dir='ltr' id='par_1_65' title="bbox 1932 3305 3522 3377">
     <span class='ocr_line' id='line_1_65' title="bbox 1932 3305 3522 3377; baseline -0.005 -14"><span class='ocrx_word' id='word_1_504' title='bbox 1932 3308 2124 3363; x_wconf 90' lang='lat' dir='ltr'><strong>lulare.</strong></span> <span class='ocrx_word' id='word_1_505' title='bbox 2156 3310 2237 3364; x_wconf 75' lang='lat' dir='ltr'><strong>Ex</strong></span> <span class='ocrx_word' id='word_1_506' title='bbox 2261 3309 2614 3363; x_wconf 77' lang='lat' dir='ltr'><strong>similitudine</strong></span> <span class='ocrx_word' id='word_1_507' title='bbox 2646 3308 2811 3377; x_wconf 89' lang='lat' dir='ltr'><strong>igitur</strong></span> <span class='ocrx_word' id='word_1_508' title='bbox 2840 3305 3092 3374; x_wconf 88' lang='lat' dir='ltr'><strong>stirpium</strong></span> <span class='ocrx_word' id='word_1_509' title='bbox 3131 3318 3280 3373; x_wconf 92' lang='lat' dir='ltr'><strong>spem</strong></span> <span class='ocrx_word' id='word_1_510' title='bbox 3307 3315 3522 3357; x_wconf 85' lang='lat' dir='ltr'><strong>onmem</strong></span> 
     </span>
    </p>
   </div>
   <div class='ocr_carea' id='block_1_66' title="bbox 230 3395 1821 3472">
    <p class='ocr_par' dir='ltr' id='par_1_66' title="bbox 230 3395 1821 3472">
     <span class='ocr_line' id='line_1_66' title="bbox 230 3395 1821 3472; baseline 0.005 -26"><span class='ocrx_word' id='word_1_511' title='bbox 230 3395 560 3467; x_wconf 80' lang='grc' dir='ltr'>ἐπανθήσει,</span> <span class='ocrx_word' id='word_1_512' title='bbox 584 3396 679 3450; x_wconf 75' lang='grc' dir='ltr'>καὶ</span> <span class='ocrx_word' id='word_1_513' title='bbox 700 3398 728 3450; x_wconf 77' lang='grc' dir='ltr'><strong>ό</strong></span> <span class='ocrx_word' id='word_1_514' title='bbox 756 3396 1029 3467; x_wconf 81' lang='grc' dir='ltr'>ράδαμνος</span> <span class='ocrx_word' id='word_1_515' title='bbox 1057 3396 1115 3450; x_wconf 86' lang='grc' dir='ltr'>δὲ</span> <span class='ocrx_word' id='word_1_516' title='bbox 1141 3395 1315 3465; x_wconf 82' lang='grc' dir='ltr'>αὐτῆς</span> <span class='ocrx_word' id='word_1_517' title='bbox 1342 3396 1402 3449; x_wconf 80' lang='grc' dir='ltr'>οὐ</span> <span class='ocrx_word' id='word_1_518' title='bbox 1427 3396 1501 3469; x_wconf 83' lang='grc' dir='ltr'>μὴ</span> <span class='ocrx_word' id='word_1_519' title='bbox 1520 3397 1821 3472; x_wconf 83' lang='grc' dir='ltr'>ἐκλ[ε]ίπῃ.</span> 
     </span>
    </p>
   </div>
   <div class='ocr_carea' id='block_1_67' title="bbox 231 3484 1824 3558">
    <p class='ocr_par' dir='ltr' id='par_1_67' title="bbox 231 3484 1824 3558">
     <span class='ocr_line' id='line_1_67' title="bbox 231 3484 1824 3558; baseline 0.003 -19"><span class='ocrx_word' id='word_1_520' title='bbox 231 3487 298 3539; x_wconf 83' lang='grc' dir='ltr'><strong>Εἰ</strong></span> <span class='ocrx_word' id='word_1_521' title='bbox 327 3485 384 3539; x_wconf 86' lang='grc' dir='ltr'>δὲ</span> <span class='ocrx_word' id='word_1_522' title='bbox 415 3486 480 3558; x_wconf 82' lang='grc' dir='ltr'>δὴ</span> <span class='ocrx_word' id='word_1_523' title='bbox 523 3486 770 3541; x_wconf 82' lang='grc' dir='ltr'>κάτωθεν</span> <span class='ocrx_word' id='word_1_524' title='bbox 800 3488 894 3540; x_wconf 76' lang='grc' dir='ltr'>καὶ</span> <span class='ocrx_word' id='word_1_525' title='bbox 925 3484 985 3551; x_wconf 82' lang='grc' dir='ltr'>ἐξ</span> <span class='ocrx_word' id='word_1_526' title='bbox 1009 3486 1181 3556; x_wconf 83' lang='grc' dir='ltr'>αὐτῆς</span> <span class='ocrx_word' id='word_1_527' title='bbox 1217 3485 1376 3557; x_wconf 80' lang='grc' dir='ltr'>ῥίζης</span> <span class='ocrx_word' id='word_1_528' title='bbox 1423 3488 1658 3543; x_wconf 85' lang='grc' dir='ltr'>είσάπαν</span> <span class='ocrx_word' id='word_1_529' title='bbox 1691 3490 1824 3544; x_wconf 86' lang='grc' dir='ltr'>ἀνα-</span> 
     </span>
    </p>
   </div>
   <div class='ocr_carea' id='block_1_68' title="bbox 1933 3393 3524 3468">
    <p class='ocr_par' dir='ltr' id='par_1_68' title="bbox 1933 3393 3524 3468">
     <span class='ocr_line' id='line_1_68' title="bbox 1933 3393 3524 3468; baseline -0.006 -14"><span class='ocrx_word' id='word_1_530' title='bbox 1933 3400 2002 3454; x_wconf 87' lang='lat' dir='ltr'><strong>iis</strong></span> <span class='ocrx_word' id='word_1_531' title='bbox 2039 3399 2130 3468; x_wconf 82' lang='lat' dir='ltr'><strong>qui</strong></span> <span class='ocrx_word' id='word_1_532' title='bbox 2178 3399 2436 3468; x_wconf 88' lang='lat' dir='ltr'><strong>peccandi</strong></span> <span class='ocrx_word' id='word_1_533' title='bbox 2477 3398 2837 3453; x_wconf 87' lang='lat' dir='ltr'><strong>delectatione</strong></span> <span class='ocrx_word' id='word_1_534' title='bbox 2881 3397 3171 3459; x_wconf 90' lang='lat' dir='ltr'><strong>ducuntur,</strong></span> <span class='ocrx_word' id='word_1_535' title='bbox 3216 3393 3524 3461; x_wconf 84' lang='lat' dir='ltr'><strong>ademptam</strong></span> 
     </span>
    </p>
   </div>
   <div class='ocr_carea' id='block_1_69' title="bbox 1933 3484 3523 3560">
    <p class='ocr_par' dir='ltr' id='par_1_69' title="bbox 1933 3484 3523 3560">
     <span class='ocr_line' id='line_1_69' title="bbox 1933 3484 3523 3560; baseline -0.008 -14"><span class='ocrx_word' id='word_1_536' title='bbox 1933 3498 2197 3546; x_wconf 87' lang='lat' dir='ltr'><strong>autumat.</strong></span> <span class='ocrx_word' id='word_1_537' title='bbox 2227 3490 2284 3545; x_wconf 92' lang='lat' dir='ltr'><strong>ld</strong></span> <span class='ocrx_word' id='word_1_538' title='bbox 2320 3490 2460 3560; x_wconf 91' lang='lat' dir='ltr'><strong>quod</strong></span> <span class='ocrx_word' id='word_1_539' title='bbox 2496 3490 2782 3560; x_wconf 91' lang='lat' dir='ltr'><strong>perspicue</strong></span> <span class='ocrx_word' id='word_1_540' title='bbox 2810 3486 2976 3542; x_wconf 85' lang='lat' dir='ltr'><strong>Isaias</strong></span> <span class='ocrx_word' id='word_1_541' title='bbox 3020 3486 3236 3541; x_wconf 86' lang='lat' dir='ltr'><strong>divinus</strong></span> <span class='ocrx_word' id='word_1_542' title='bbox 3283 3484 3523 3547; x_wconf 86' lang='lat' dir='ltr'><strong>nuntiat,</strong></span> 
     </span>
    </p>
   </div>
   <div class='ocr_carea' id='block_1_70' title="bbox 233 3574 1855 3650">
    <p class='ocr_par' dir='ltr' id='par_1_70' title="bbox 233 3575 1824 3650">
     <span class='ocr_line' id='line_1_70' title="bbox 233 3575 1824 3650; baseline 0.004 -23"><span class='ocrx_word' id='word_1_543' title='bbox 233 3575 587 3646; x_wconf 79' lang='grc' dir='ltr'>μοχλεύοιτο,</span> <span class='ocrx_word' id='word_1_544' title='bbox 646 3577 741 3630; x_wconf 73' lang='grc' dir='ltr'>καὶ</span> <span class='ocrx_word' id='word_1_545' title='bbox 794 3575 993 3648; x_wconf 81' lang='grc' dir='ltr'>ἀγρίαν</span> <span class='ocrx_word' id='word_1_546' title='bbox 1039 3576 1148 3630; x_wconf 87' lang='grc' dir='ltr'><strong>τῶν</strong></span> <span class='ocrx_word' id='word_1_547' title='bbox 1205 3576 1504 3648; x_wconf 88' lang='grc' dir='ltr'>κλημάτων</span> <span class='ocrx_word' id='word_1_548' title='bbox 1559 3580 1824 3650; x_wconf 87' lang='grc' dir='ltr'>ὑπομένοι</span> 
     </span>
    </p>
   </div>
   <div class='ocr_carea' id='block_1_71' title="bbox 1929 3574 3525 3650">
    <p class='ocr_par' dir='ltr' id='par_1_71' title="bbox 1929 3574 3525 3645">
     <span class='ocr_line' id='line_1_71' title="bbox 1929 3574 3525 3645; baseline -0.006 -6"><span class='ocrx_word' id='word_1_549' title='bbox 1929 3599 2053 3639; x_wconf 91' lang='lat' dir='ltr'><strong>cum</strong></span> <span class='ocrx_word' id='word_1_550' title='bbox 2088 3583 2260 3639; x_wconf 88' lang='lat' dir='ltr'><strong>dicit:</strong></span> <span class='ocrx_word' id='word_1_551' title='bbox 2303 3602 2322 3635; x_wconf 79' lang='grc' dir='ltr'><strong>ι</strong></span> <span class='ocrx_word' id='word_1_552' title='bbox 2367 3582 2579 3637; x_wconf 85' lang='lat' dir='ltr'><strong>Vermis</strong></span> <span class='ocrx_word' id='word_1_553' title='bbox 2610 3596 2799 3636; x_wconf 92' lang='lat' dir='ltr'><strong>eorum</strong></span> <span class='ocrx_word' id='word_1_554' title='bbox 2834 3596 2939 3634; x_wconf 86' lang='lat' dir='ltr'><strong>non</strong></span> <span class='ocrx_word' id='word_1_555' title='bbox 2976 3578 3262 3642; x_wconf 89' lang='lat' dir='ltr'><strong>morietur,</strong></span> <span class='ocrx_word' id='word_1_556' title='bbox 3293 3586 3348 3630; x_wconf 92' lang='lat' dir='ltr'><strong>et</strong></span> <span class='ocrx_word' id='word_1_557' title='bbox 3384 3574 3525 3645; x_wconf 86' lang='lat' dir='ltr'><strong>ignis</strong></span> 
     </span>
    </p>
   </div>
   <div class='ocr_carea' id='block_1_72' title="bbox 228 3664 1855 3744">
    <p class='ocr_par' dir='ltr' id='par_1_72' title="bbox 228 3670 1822 3744">
     <span class='ocr_line' id='line_1_72' title="bbox 228 3670 1822 3744; baseline 0.003 -21"><span class='ocrx_word' id='word_1_558' title='bbox 228 3671 430 3744; x_wconf 83' lang='grc' dir='ltr'>τομὴν,</span> <span class='ocrx_word' id='word_1_559' title='bbox 462 3671 821 3726; x_wconf 87' lang='grc' dir='ltr'>συνδιολεϊται</span> <span class='ocrx_word' id='word_1_560' title='bbox 852 3671 1073 3735; x_wconf 85' lang='grc' dir='ltr'>πάντως</span> <span class='ocrx_word' id='word_1_561' title='bbox 1108 3670 1260 3741; x_wconf 81' lang='grc' dir='ltr'>αὐτῷ</span> <span class='ocrx_word' id='word_1_562' title='bbox 1291 3671 1387 3725; x_wconf 80' lang='grc' dir='ltr'>καὶ</span> <span class='ocrx_word' id='word_1_563' title='bbox 1431 3670 1587 3736; x_wconf 73' lang='grc' dir='ltr'>ἐλπὶς</span> <span class='ocrx_word' id='word_1_564' title='bbox 1634 3673 1822 3727; x_wconf 74' lang='grc' dir='ltr'>ἅπασα</span> 
     </span>
    </p>
   </div>
   <div class='ocr_carea' id='block_1_73' title="bbox 1929 3664 3523 3744">
    <p class='ocr_par' dir='ltr' id='par_1_73' title="bbox 1929 3664 3523 3742">
     <span class='ocr_line' id='line_1_73' title="bbox 1929 3664 3523 3742; baseline -0.004 -15"><span class='ocrx_word' id='word_1_565' title='bbox 1929 3687 2117 3727; x_wconf 91' lang='lat' dir='ltr'><strong>eorum</strong></span> <span class='ocrx_word' id='word_1_566' title='bbox 2151 3688 2259 3728; x_wconf 92' lang='lat' dir='ltr'><strong>non</strong></span> <span class='ocrx_word' id='word_1_567' title='bbox 2292 3673 2693 3742; x_wconf 81' lang='lat' dir='ltr'><strong>exstinguetur.</strong></span> <span class='ocrx_word' id='word_1_568' title='bbox 2721 3682 2776 3727; x_wconf 90' lang='lat' dir='ltr'><strong>et</strong></span> <span class='ocrx_word' id='word_1_569' title='bbox 2806 3676 2969 3728; x_wconf 86' lang='lat' dir='ltr'><strong>erunt</strong></span> <span class='ocrx_word' id='word_1_570' title='bbox 2998 3670 3050 3724; x_wconf 91' lang='lat' dir='ltr'><strong>in</strong></span> <span class='ocrx_word' id='word_1_571' title='bbox 3085 3669 3350 3724; x_wconf 82' lang='lat' dir='ltr'><strong>visionem</strong></span> <span class='ocrx_word' id='word_1_572' title='bbox 3374 3664 3523 3720; x_wconf 88' lang='lat' dir='ltr'><strong>omni</strong></span> 
     </span>
    </p>
   </div>
   <div class='ocr_carea' id='block_1_74' title="bbox 228 3762 2218 3838">
    <p class='ocr_par' dir='ltr' id='par_1_74' title="bbox 228 3762 2218 3838">
     <span class='ocr_line' id='line_1_74' title="bbox 228 3762 2218 3838; baseline 0.003 -25"><span class='ocrx_word' id='word_1_573' title='bbox 228 3762 293 3814; x_wconf 82' lang='grc' dir='ltr'>τὸ</span> <span class='ocrx_word' id='word_1_574' title='bbox 342 3765 441 3816; x_wconf 78' lang='grc' dir='ltr'>καὶ</span> <span class='ocrx_word' id='word_1_575' title='bbox 488 3763 734 3828; x_wconf 83' lang='grc' dir='ltr'>εἰσαῦθις</span> <span class='ocrx_word' id='word_1_576' title='bbox 783 3764 1095 3834; x_wconf 82' lang='grc' dir='ltr'>ἀναφυῆναι</span> <span class='ocrx_word' id='word_1_577' title='bbox 1145 3762 1405 3817; x_wconf 86' lang='grc' dir='ltr'>δύνασθαι</span> <span class='ocrx_word' id='word_1_578' title='bbox 1464 3764 1604 3837; x_wconf 87' lang='grc' dir='ltr'>πρὸς</span> <span class='ocrx_word' id='word_1_579' title='bbox 1649 3765 1817 3838; x_wconf 82' lang='grc' dir='ltr'>ζωήν.</span> <span class='ocrx_word' id='word_1_580' title='bbox 1926 3767 2167 3822; x_wconf 77' lang='lat' dir='ltr'><strong>carni”.</strong></span> <span class='ocrx_word' id='word_1_581' title='bbox 2199 3786 2218 3819; x_wconf 75' lang='grc' dir='ltr'><strong>ι</strong></span> 
     </span>
    </p>
   </div>
   <div class='ocr_carea' id='block_1_75' title="bbox 228 3849 3524 3931">
    <p class='ocr_par' dir='ltr' id='par_1_75' title="bbox 228 3849 3524 3931">
     <span class='ocr_line' id='line_1_75' title="bbox 228 3849 3524 3931; baseline -0.001 -26"><span class='ocrx_word' id='word_1_582' title='bbox 228 3852 443 3907; x_wconf 71' lang='grc' dir='ltr'>οὐκοῦν</span> <span class='ocrx_word' id='word_1_583' title='bbox 471 3853 549 3919; x_wconf 83' lang='grc' dir='ltr'>ὡς</span> <span class='ocrx_word' id='word_1_584' title='bbox 575 3854 634 3921; x_wconf 78' lang='grc' dir='ltr'>ἐξ</span> <span class='ocrx_word' id='word_1_585' title='bbox 675 3855 994 3926; x_wconf 82' lang='grc' dir='ltr'>ὁμοιότητος</span> <span class='ocrx_word' id='word_1_586' title='bbox 1022 3855 1124 3926; x_wconf 82' lang='grc' dir='ltr'>τῆς</span> <span class='ocrx_word' id='word_1_587' title='bbox 1154 3854 1266 3908; x_wconf 85' lang='grc' dir='ltr'><strong>τῶν</strong></span> <span class='ocrx_word' id='word_1_588' title='bbox 1331 3854 1517 3926; x_wconf 82' lang='grc' dir='ltr'>φυτῶν</span> <span class='ocrx_word' id='word_1_589' title='bbox 1556 3855 1855 3931; x_wconf 83' lang='grc' dir='ltr'>ἐξῃρῆσθαί</span> <span class='ocrx_word' id='word_1_590' title='bbox 1930 3875 2097 3931; x_wconf 82' lang='grc' dir='ltr'>φησιν</span> <span class='ocrx_word' id='word_1_591' title='bbox 2147 3858 2367 3913; x_wconf 74' lang='grc' dir='ltr'>ἅπασαν</span> <span class='ocrx_word' id='word_1_592' title='bbox 2415 3857 2523 3911; x_wconf 83' lang='grc' dir='ltr'>τῶν</span> <span class='ocrx_word' id='word_1_593' title='bbox 2572 3852 3079 3927; x_wconf 73' lang='grc' dir='ltr'>φιλαμαρτημόνων</span> <span class='ocrx_word' id='word_1_594' title='bbox 3133 3850 3345 3906; x_wconf 82' lang='grc' dir='ltr'>ἐλπίδα.</span> <span class='ocrx_word' id='word_1_595' title='bbox 3411 3849 3524 3902; x_wconf 82' lang='lat' dir='ltr'><strong>Kal.</strong></span> 
     </span>
    </p>
   </div>
   <div class='ocr_carea' id='block_1_76' title="bbox 227 3938 3523 4021">
    <p class='ocr_par' dir='ltr' id='par_1_76' title="bbox 227 3938 3523 4021">
     <span class='ocr_line' id='line_1_76' title="bbox 227 3938 3523 4021; baseline -0.002 -23"><span class='ocrx_word' id='word_1_596' title='bbox 227 3944 391 4000; x_wconf 89' lang='grc' dir='ltr'>τοῦτο</span> <span class='ocrx_word' id='word_1_597' title='bbox 451 3944 638 4015; x_wconf 83' lang='grc' dir='ltr'>σαφῶς</span> <span class='ocrx_word' id='word_1_598' title='bbox 705 3947 734 3999; x_wconf 87' lang='grc' dir='ltr'>ὁ</span> <span class='ocrx_word' id='word_1_599' title='bbox 798 3945 1086 4012; x_wconf 88' lang='grc' dir='ltr'>θεσπέσιος</span> <span class='ocrx_word' id='word_1_600' title='bbox 1164 3947 1395 4012; x_wconf 78' lang='grc' dir='ltr'>Ἡσαΐας</span> <span class='ocrx_word' id='word_1_601' title='bbox 1465 3947 1827 4017; x_wconf 88' lang='grc' dir='ltr'>ἐπαγγέλλει,</span> <span class='ocrx_word' id='word_1_602' title='bbox 1899 3951 2114 4020; x_wconf 88' lang='grc' dir='ltr'>λέγων·</span> <span class='ocrx_word' id='word_1_603' title='bbox 2156 3971 2173 4002; x_wconf 86' lang='grc' dir='ltr'><strong>ι</strong></span> <span class='ocrx_word' id='word_1_604' title='bbox 2222 3952 2279 4004; x_wconf 89' lang='lat'><strong>&#39;0</strong></span> <span class='ocrx_word' id='word_1_605' title='bbox 2311 3948 2532 4021; x_wconf 83' lang='grc' dir='ltr'>σκώληξ</span> <span class='ocrx_word' id='word_1_606' title='bbox 2604 3948 2785 4003; x_wconf 81' lang='grc' dir='ltr'>αὐτῶν</span> <span class='ocrx_word' id='word_1_607' title='bbox 2832 3947 2893 4001; x_wconf 76' lang='grc' dir='ltr'>οὐ</span> <span class='ocrx_word' id='word_1_608' title='bbox 2940 3945 3288 4017; x_wconf 83' lang='grc' dir='ltr'>τελευτήσει,</span> <span class='ocrx_word' id='word_1_609' title='bbox 3338 3943 3433 3996; x_wconf 68' lang='grc' dir='ltr'><strong>καὶ</strong></span> <span class='ocrx_word' id='word_1_610' title='bbox 3464 3938 3523 3994; x_wconf 86' lang='grc' dir='ltr'>τὸ</span> 
     </span>
    </p>
   </div>
   <div class='ocr_carea' id='block_1_77' title="bbox 228 4035 2284 4115">
    <p class='ocr_par' dir='ltr' id='par_1_77' title="bbox 228 4035 2284 4115">
     <span class='ocr_line' id='line_1_77' title="bbox 228 4035 2284 4115; baseline 0.001 -24"><span class='ocrx_word' id='word_1_611' title='bbox 228 4037 345 4109; x_wconf 85' lang='grc' dir='ltr'><strong>πῦρ</strong></span> <span class='ocrx_word' id='word_1_612' title='bbox 379 4035 561 4091; x_wconf 79' lang='grc' dir='ltr'>αὐτῶν</span> <span class='ocrx_word' id='word_1_613' title='bbox 598 4037 659 4090; x_wconf 81' lang='grc' dir='ltr'>οὐ</span> <span class='ocrx_word' id='word_1_614' title='bbox 691 4035 1087 4108; x_wconf 74' lang='grc' dir='ltr'>σϐεσθήσεται,</span> <span class='ocrx_word' id='word_1_615' title='bbox 1135 4038 1231 4092; x_wconf 73' lang='grc' dir='ltr'>καὶ</span> <span class='ocrx_word' id='word_1_616' title='bbox 1274 4037 1489 4092; x_wconf 72' lang='grc' dir='ltr'>ἔσονται</span> <span class='ocrx_word' id='word_1_617' title='bbox 1521 4041 1600 4104; x_wconf 90' lang='grc' dir='ltr'><strong>είς</strong></span> <span class='ocrx_word' id='word_1_618' title='bbox 1627 4040 1817 4112; x_wconf 86' lang='grc' dir='ltr'>ὅρασιν</span> <span class='ocrx_word' id='word_1_619' title='bbox 1858 4043 2006 4115; x_wconf 81' lang='grc' dir='ltr'>πάσῃ</span> <span class='ocrx_word' id='word_1_620' title='bbox 2040 4042 2224 4114; x_wconf 88' lang='grc' dir='ltr'>σαρκί.</span> <span class='ocrx_word' id='word_1_621' title='bbox 2266 4062 2284 4094; x_wconf 75' lang='grc' dir='ltr'><strong>ι</strong></span> 
     </span>
    </p>
   </div>
   <div class='ocr_carea' id='block_1_78' title="bbox 303 4170 1855 4248">
    <p class='ocr_par' dir='ltr' id='par_1_78' title="bbox 303 4170 1825 4248">
     <span class='ocr_line' id='line_1_78' title="bbox 303 4170 1825 4248; baseline 0.001 -18"><span class='ocrx_word' id='word_1_622' title='bbox 303 4176 416 4230; x_wconf 81' lang='lat' dir='ltr'><strong>Kal</strong></span> <span class='ocrx_word' id='word_1_623' title='bbox 451 4170 737 4230; x_wconf 78' lang='grc' dir='ltr'>ἀνατελεῖ</span> <span class='ocrx_word' id='word_1_624' title='bbox 764 4174 905 4245; x_wconf 78' lang='grc' dir='ltr'><strong>ὑμῖν</strong></span> <span class='ocrx_word' id='word_1_625' title='bbox 948 4174 1074 4242; x_wconf 85' lang='grc' dir='ltr'>τοῖς</span> <span class='ocrx_word' id='word_1_626' title='bbox 1107 4174 1508 4246; x_wconf 73' lang='grc' dir='ltr'>φοϐουμένοις</span> <span class='ocrx_word' id='word_1_627' title='bbox 1538 4179 1604 4231; x_wconf 88' lang='grc' dir='ltr'>τὸ</span> <span class='ocrx_word' id='word_1_628' title='bbox 1636 4177 1825 4248; x_wconf 83' lang='grc' dir='ltr'>ὄνομά</span> 
     </span>
    </p>
   </div>
   <div class='ocr_carea' id='block_1_79' title="bbox 1929 4170 3520 4248">
    <p class='ocr_par' dir='ltr' id='par_1_79' title="bbox 2003 4172 3520 4243">
     <span class='ocr_line' id='line_1_79' title="bbox 2003 4172 3520 4243; baseline -0.009 -10"><span class='ocrx_word' id='word_1_629' title='bbox 2003 4177 2169 4233; x_wconf 69' lang='lat' dir='ltr'><strong>Vens.</strong></span> <span class='ocrx_word' id='word_1_630' title='bbox 2191 4178 2250 4243; x_wconf 71' lang='lat'><strong>2,</strong></span> <span class='ocrx_word' id='word_1_631' title='bbox 2267 4178 2319 4233; x_wconf 76' lang='lat'><strong>5.</strong></span> <span class='ocrx_word' id='word_1_632' title='bbox 2342 4177 2410 4231; x_wconf 86' lang='lat' dir='ltr'><strong>Et</strong></span> <span class='ocrx_word' id='word_1_633' title='bbox 2433 4178 2634 4231; x_wconf 82' lang='lat' dir='ltr'><strong>orietur</strong></span> <span class='ocrx_word' id='word_1_634' title='bbox 2657 4175 2798 4231; x_wconf 74' lang='lat' dir='ltr'><strong>vobis</strong></span> <span class='ocrx_word' id='word_1_635' title='bbox 2823 4172 3128 4228; x_wconf 83' lang='lat' dir='ltr'><strong>timentibus</strong></span> <span class='ocrx_word' id='word_1_636' title='bbox 3146 4184 3333 4223; x_wconf 82' lang='lat' dir='ltr'><strong>nomen</strong></span> <span class='ocrx_word' id='word_1_637' title='bbox 3348 4182 3520 4220; x_wconf 81' lang='lat' dir='ltr'><strong>meum</strong></span> 
     </span>
    </p>
   </div>
   <div class='ocr_carea' id='block_1_80' title="bbox 224 4257 1855 4338">
    <p class='ocr_par' dir='ltr' id='par_1_80' title="bbox 224 4266 1825 4338">
     <span class='ocr_line' id='line_1_80' title="bbox 224 4266 1825 4338; baseline 0.002 -18"><span class='ocrx_word' id='word_1_638' title='bbox 224 4286 348 4338; x_wconf 82' lang='grc' dir='ltr'>μου</span> <span class='ocrx_word' id='word_1_639' title='bbox 388 4268 593 4334; x_wconf 77' lang='grc' dir='ltr'>Ἤλιος</span> <span class='ocrx_word' id='word_1_640' title='bbox 621 4266 1049 4335; x_wconf 68' lang='grc' dir='ltr'>δικαιοσύνης,</span> <span class='ocrx_word' id='word_1_641' title='bbox 1086 4268 1187 4321; x_wconf 78' lang='grc' dir='ltr'>καὶ</span> <span class='ocrx_word' id='word_1_642' title='bbox 1217 4268 1381 4335; x_wconf 56' lang='lat' dir='ltr'><strong>lacn;</strong></span> <span class='ocrx_word' id='word_1_643' title='bbox 1415 4269 1485 4323; x_wconf 79' lang='grc' dir='ltr'>ἐν</span> <span class='ocrx_word' id='word_1_644' title='bbox 1513 4268 1643 4336; x_wconf 83' lang='grc' dir='ltr'>ταῖς</span> <span class='ocrx_word' id='word_1_645' title='bbox 1685 4270 1825 4324; x_wconf 81' lang='grc' dir='ltr'>πτέ-</span> 
     </span>
    </p>
   </div>
   <div class='ocr_carea' id='block_1_81' title="bbox 1929 4257 3518 4338">
    <p class='ocr_par' dir='ltr' id='par_1_81' title="bbox 1931 4257 3518 4338">
     <span class='ocr_line' id='line_1_81' title="bbox 1931 4257 3518 4338; baseline -0.012 -10"><span class='ocrx_word' id='word_1_646' title='bbox 1931 4271 2027 4327; x_wconf 89' lang='lat' dir='ltr'><strong>Sol</strong></span> <span class='ocrx_word' id='word_1_647' title='bbox 2056 4272 2298 4338; x_wconf 56' lang='lat' dir='ltr'><strong>iustitiae,</strong></span> <span class='ocrx_word' id='word_1_648' title='bbox 2326 4278 2374 4323; x_wconf 86' lang='lat' dir='ltr'><strong>et</strong></span> <span class='ocrx_word' id='word_1_649' title='bbox 2406 4269 2608 4322; x_wconf 77' lang='lat' dir='ltr'><strong>sanitas</strong></span> <span class='ocrx_word' id='word_1_650' title='bbox 2641 4268 2694 4320; x_wconf 88' lang='lat' dir='ltr'><strong>in</strong></span> <span class='ocrx_word' id='word_1_651' title='bbox 2719 4266 2819 4319; x_wconf 84' lang='lat' dir='ltr'><strong>alis</strong></span> <span class='ocrx_word' id='word_1_652' title='bbox 2844 4263 2980 4333; x_wconf 83' lang='lat' dir='ltr'><strong>ejus.</strong></span> <span class='ocrx_word' id='word_1_653' title='bbox 3004 4260 3074 4315; x_wconf 85' lang='lat' dir='ltr'><strong>Et</strong></span> <span class='ocrx_word' id='word_1_654' title='bbox 3093 4257 3518 4330; x_wconf 64' lang='lat' dir='ltr'><strong>egredientini,“</strong></span> 
     </span>
    </p>
   </div>
   <div class='ocr_carea' id='block_1_82' title="bbox 222 4347 1855 4430">
    <p class='ocr_par' dir='ltr' id='par_1_82' title="bbox 222 4356 1824 4430">
     <span class='ocr_line' id='line_1_82' title="bbox 222 4356 1824 4430; baseline 0.002 -17"><span class='ocrx_word' id='word_1_655' title='bbox 222 4356 414 4430; x_wconf 67' lang='grc' dir='ltr'><strong>ρυξιικ⁸</strong></span> <span class='ocrx_word' id='word_1_656' title='bbox 460 4359 667 4414; x_wconf 83' lang='grc' dir='ltr'>αὑτοῦ.</span> <span class='ocrx_word' id='word_1_657' title='bbox 714 4359 824 4415; x_wconf 81' lang='grc' dir='ltr'><strong>Καὶ</strong></span> <span class='ocrx_word' id='word_1_658' title='bbox 871 4359 1275 4425; x_wconf 68' lang='grc' dir='ltr'>ἐξελεύσεσθαί-ς</span> <span class='ocrx_word' id='word_1_659' title='bbox 1319 4359 1419 4414; x_wconf 77' lang='grc' dir='ltr'><strong>καί</strong></span> <span class='ocrx_word' id='word_1_660' title='bbox 1461 4360 1824 4430; x_wconf 82' lang='grc' dir='ltr'>σκιρτήσετε</span> 
     </span>
    </p>
   </div>
   <div class='ocr_carea' id='block_1_83' title="bbox 1929 4347 3522 4430">
    <p class='ocr_par' dir='ltr' id='par_1_83' title="bbox 1929 4347 3522 4421">
     <span class='ocr_line' id='line_1_83' title="bbox 1929 4347 3522 4421; baseline -0.013 0"><span class='ocrx_word' id='word_1_661' title='bbox 1929 4365 2130 4421; x_wconf 84' lang='lat' dir='ltr'><strong>salictis</strong></span> <span class='ocrx_word' id='word_1_662' title='bbox 2153 4365 2285 4418; x_wconf 83' lang='lat' dir='ltr'><strong>sicut</strong></span> <span class='ocrx_word' id='word_1_663' title='bbox 2325 4362 2476 4416; x_wconf 78' lang='lat' dir='ltr'><strong>vituli</strong></span> <span class='ocrx_word' id='word_1_664' title='bbox 2507 4362 2570 4414; x_wconf 87' lang='lat' dir='ltr'><strong>de</strong></span> <span class='ocrx_word' id='word_1_665' title='bbox 2598 4358 2820 4414; x_wconf 84' lang='lat' dir='ltr'><strong>vinculis</strong></span> <span class='ocrx_word' id='word_1_666' title='bbox 2862 4354 3109 4410; x_wconf 72' lang='lat' dir='ltr'><strong>relaxari.</strong></span> <span class='ocrx_word' id='word_1_667' title='bbox 3146 4350 3215 4405; x_wconf 87' lang='lat' dir='ltr'><strong>Et</strong></span> <span class='ocrx_word' id='word_1_668' title='bbox 3249 4347 3522 4404; x_wconf 84' lang='lat' dir='ltr'><strong>conculca-</strong></span> 
     </span>
    </p>
   </div>
   <div class='ocr_carea' id='block_1_84' title="bbox 226 4443 1855 4524">
    <p class='ocr_par' dir='ltr' id='par_1_84' title="bbox 226 4450 1824 4522">
     <span class='ocr_line' id='line_1_84' title="bbox 226 4450 1824 4522; baseline 0.003 -18"><span class='ocrx_word' id='word_1_669' title='bbox 226 4452 311 4517; x_wconf 86' lang='grc' dir='ltr'>ὠς</span> <span class='ocrx_word' id='word_1_670' title='bbox 342 4451 649 4521; x_wconf 73' lang='grc' dir='ltr'>μοσχάρια</span> <span class='ocrx_word' id='word_1_671' title='bbox 694 4451 764 4505; x_wconf 84' lang='grc' dir='ltr'><strong>ἐκ</strong></span> <span class='ocrx_word' id='word_1_672' title='bbox 798 4450 1039 4522; x_wconf 76' lang='grc' dir='ltr'>δεσμῶν</span> <span class='ocrx_word' id='word_1_673' title='bbox 1064 4452 1383 4522; x_wconf 75' lang='grc' dir='ltr'>ἀνειμένα.</span> <span class='ocrx_word' id='word_1_674' title='bbox 1416 4454 1525 4507; x_wconf 80' lang='grc' dir='ltr'><strong>Καὶ</strong></span> <span class='ocrx_word' id='word_1_675' title='bbox 1558 4470 1824 4509; x_wconf 83' lang='grc' dir='ltr'>καταπα-</span> 
     </span>
    </p>
   </div>
   <div class='ocr_carea' id='block_1_85' title="bbox 1929 4443 3515 4524">
    <p class='ocr_par' dir='ltr' id='par_1_85' title="bbox 1930 4443 3515 4524">
     <span class='ocr_line' id='line_1_85' title="bbox 1930 4443 3515 4524; baseline -0.011 -13"><span class='ocrx_word' id='word_1_676' title='bbox 1930 4457 2053 4511; x_wconf 88' lang='lat' dir='ltr'><strong>bitis</strong></span> <span class='ocrx_word' id='word_1_677' title='bbox 2080 4456 2307 4524; x_wconf 83' lang='lat' dir='ltr'><strong>iniquos,</strong></span> <span class='ocrx_word' id='word_1_678' title='bbox 2342 4453 2466 4523; x_wconf 86' lang='lat' dir='ltr'><strong>quia</strong></span> <span class='ocrx_word' id='word_1_679' title='bbox 2506 4459 2658 4505; x_wconf 86' lang='lat' dir='ltr'><strong>erunt</strong></span> <span class='ocrx_word' id='word_1_680' title='bbox 2698 4450 2832 4504; x_wconf 87' lang='lat' dir='ltr'><strong>cinis</strong></span> <span class='ocrx_word' id='word_1_681' title='bbox 2874 4447 2966 4502; x_wconf 85' lang='lat' dir='ltr'><strong>sub</strong></span> <span class='ocrx_word' id='word_1_682' title='bbox 2989 4445 3205 4515; x_wconf 84' lang='lat' dir='ltr'><strong>pedibus</strong></span> <span class='ocrx_word' id='word_1_683' title='bbox 3228 4443 3431 4513; x_wconf 83' lang='lat' dir='ltr'><strong>vestris,</strong></span> <span class='ocrx_word' id='word_1_684' title='bbox 3462 4444 3515 4495; x_wconf 85' lang='lat' dir='ltr'><strong>in</strong></span> 
     </span>
    </p>
   </div>
   <div class='ocr_carea' id='block_1_86' title="bbox 228 4540 1855 4638">
    <p class='ocr_par' dir='ltr' id='par_1_86' title="bbox 228 4543 1822 4613">
     <span class='ocr_line' id='line_1_86' title="bbox 228 4543 1822 4613; baseline 0.003 -16"><span class='ocrx_word' id='word_1_685' title='bbox 228 4543 453 4611; x_wconf 79' lang='grc' dir='ltr'>τήσετε</span> <span class='ocrx_word' id='word_1_686' title='bbox 484 4545 773 4611; x_wconf 75' lang='grc' dir='ltr'>ἀνόμους,</span> <span class='ocrx_word' id='word_1_687' title='bbox 805 4544 955 4599; x_wconf 84' lang='grc' dir='ltr'>διότι</span> <span class='ocrx_word' id='word_1_688' title='bbox 999 4546 1246 4601; x_wconf 75' lang='grc' dir='ltr'>ἔσονται</span> <span class='ocrx_word' id='word_1_689' title='bbox 1285 4546 1514 4613; x_wconf 81' lang='grc' dir='ltr'>σποδὸς</span> <span class='ocrx_word' id='word_1_690' title='bbox 1544 4547 1822 4601; x_wconf 85' lang='grc' dir='ltr'>ὑποκάτω</span> 
     </span>
    </p>
   </div>
   <div class='ocr_carea' id='block_1_87' title="bbox 1929 4540 3258 4638">
    <p class='ocr_par' dir='ltr' id='par_1_87' title="bbox 1931 4540 3258 4619">
     <span class='ocr_line' id='line_1_87' title="bbox 1931 4540 3258 4619; baseline -0.008 -15"><span class='ocrx_word' id='word_1_691' title='bbox 1931 4549 2015 4604; x_wconf 86' lang='lat' dir='ltr'><strong>die</strong></span> <span class='ocrx_word' id='word_1_692' title='bbox 2034 4564 2137 4619; x_wconf 84' lang='lat' dir='ltr'><strong>qua</strong></span> <span class='ocrx_word' id='word_1_693' title='bbox 2162 4562 2255 4618; x_wconf 86' lang='lat' dir='ltr'><strong>ego</strong></span> <span class='ocrx_word' id='word_1_694' title='bbox 2280 4545 2443 4615; x_wconf 79' lang='lat' dir='ltr'><strong>facio,</strong></span> <span class='ocrx_word' id='word_1_695' title='bbox 2466 4544 2592 4599; x_wconf 82' lang='lat' dir='ltr'><strong>dicit</strong></span> <span class='ocrx_word' id='word_1_696' title='bbox 2631 4542 2890 4597; x_wconf 76' lang='lat' dir='ltr'><strong>Dominus</strong></span> <span class='ocrx_word' id='word_1_697' title='bbox 2910 4540 3258 4611; x_wconf 82' lang='lat' dir='ltr'><strong>omnipotens.</strong></span> 
     </span>
    </p>
   </div>
   <div class='ocr_carea' id='block_1_88' title="bbox 227 4630 1823 4709">
    <p class='ocr_par' dir='ltr' id='par_1_88' title="bbox 227 4630 1823 4709">
     <span class='ocr_line' id='line_1_88' title="bbox 227 4630 1823 4709; baseline 0.005 -23"><span class='ocrx_word' id='word_1_698' title='bbox 227 4633 353 4687; x_wconf 76' lang='grc' dir='ltr'><strong>τῶν</strong></span> <span class='ocrx_word' id='word_1_699' title='bbox 393 4633 596 4688; x_wconf 79' lang='grc' dir='ltr'>ποδῶν</span> <span class='ocrx_word' id='word_1_700' title='bbox 621 4634 810 4705; x_wconf 80' lang='grc' dir='ltr'>ὑμῶν,</span> <span class='ocrx_word' id='word_1_701' title='bbox 840 4636 911 4691; x_wconf 79' lang='grc' dir='ltr'>ἐν</span> <span class='ocrx_word' id='word_1_702' title='bbox 942 4633 1017 4707; x_wconf 80' lang='grc' dir='ltr'>τῇ</span> <span class='ocrx_word' id='word_1_703' title='bbox 1044 4636 1264 4707; x_wconf 80' lang='grc' dir='ltr'>ἡμέρᾳ,</span> <span class='ocrx_word' id='word_1_704' title='bbox 1302 4630 1342 4708; x_wconf 83' lang='grc' dir='ltr'><em>ᾗ</em></span> <span class='ocrx_word' id='word_1_705' title='bbox 1372 4636 1487 4709; x_wconf 68' lang='grc' dir='ltr'>ἐγὼ</span> <span class='ocrx_word' id='word_1_706' title='bbox 1516 4636 1685 4694; x_wconf 82' lang='grc' dir='ltr'>ποιῶ.</span> <span class='ocrx_word' id='word_1_707' title='bbox 1723 4638 1823 4693; x_wconf 79' lang='grc' dir='ltr'><strong>λέ-</strong></span> 
     </span>
    </p>
   </div>
   <div class='ocr_carea' id='block_1_89' title="bbox 225 4727 1041 4799">
    <p class='ocr_par' dir='ltr' id='par_1_89' title="bbox 225 4727 1041 4799">
     <span class='ocr_line' id='line_1_89' title="bbox 225 4727 1041 4799; baseline 0.006 -21"><span class='ocrx_word' id='word_1_708' title='bbox 225 4743 318 4795; x_wconf 79' lang='grc' dir='ltr'><strong>γει</strong></span> <span class='ocrx_word' id='word_1_709' title='bbox 346 4727 566 4796; x_wconf 85' lang='grc' dir='ltr'>Κύριος</span> <span class='ocrx_word' id='word_1_710' title='bbox 596 4728 1041 4799; x_wconf 71' lang='grc' dir='ltr'>παντοκράτωρ.</span> 
     </span>
    </p>
   </div>
   <div class='ocr_carea' id='block_1_90' title="bbox 301 4842 1855 4939">
    <p class='ocr_par' dir='ltr' id='par_1_90' title="bbox 301 4861 1821 4939">
     <span class='ocr_line' id='line_1_90' title="bbox 301 4861 1821 4939; baseline 0.003 -23"><span class='ocrx_word' id='word_1_711' title='bbox 301 4862 435 4916; x_wconf 75' lang='lat' dir='ltr'><strong>MA’.</strong></span> <span class='ocrx_word' id='word_1_712' title='bbox 474 4861 793 4934; x_wconf 87' lang='grc' dir='ltr'>Ἐπέλαμψε</span> <span class='ocrx_word' id='word_1_713' title='bbox 833 4864 930 4935; x_wconf 77' lang='grc' dir='ltr'>μὲν</span> <span class='ocrx_word' id='word_1_714' title='bbox 960 4865 989 4918; x_wconf 88' lang='grc' dir='ltr'><strong>ό</strong></span> <span class='ocrx_word' id='word_1_715' title='bbox 1031 4865 1329 4939; x_wconf 83' lang='grc' dir='ltr'>μονογενὴς</span> <span class='ocrx_word' id='word_1_716' title='bbox 1356 4865 1449 4920; x_wconf 93' lang='grc' dir='ltr'><strong>τοῦ</strong></span> <span class='ocrx_word' id='word_1_717' title='bbox 1485 4863 1621 4921; x_wconf 86' lang='grc' dir='ltr'>Θεοῦ</span> <span class='ocrx_word' id='word_1_718' title='bbox 1647 4865 1821 4935; x_wconf 86' lang='grc' dir='ltr'>Λόγος</span> 
     </span>
    </p>
   </div>
   <div class='ocr_carea' id='block_1_91' title="bbox 1929 4842 3513 4939">
    <p class='ocr_par' dir='ltr' id='par_1_91' title="bbox 1998 4842 3513 4939">
     <span class='ocr_line' id='line_1_91' title="bbox 1998 4842 3513 4939; baseline -0.013 -25"><span class='ocrx_word' id='word_1_719' title='bbox 1998 4854 2179 4914; x_wconf 83' lang='lat' dir='ltr'><strong>XLIV.</strong></span> <span class='ocrx_word' id='word_1_720' title='bbox 2210 4855 2387 4912; x_wconf 79' lang='lat' dir='ltr'><strong>Illuxit</strong></span> <span class='ocrx_word' id='word_1_721' title='bbox 2411 4867 2543 4911; x_wconf 89' lang='lat' dir='ltr'><strong>sane</strong></span> <span class='ocrx_word' id='word_1_722' title='bbox 2583 4850 2919 4922; x_wconf 87' lang='lat' dir='ltr'><strong>unigenitum</strong></span> <span class='ocrx_word' id='word_1_723' title='bbox 2960 4846 3053 4902; x_wconf 89' lang='lat' dir='ltr'><strong>Dei</strong></span> <span class='ocrx_word' id='word_1_724' title='bbox 3089 4843 3337 4939; x_wconf 77' lang='lat' dir='ltr'><strong>Verbum</strong></span> <span class='ocrx_word' id='word_1_725' title='bbox 3371 4842 3513 4896; x_wconf 88' lang='lat' dir='ltr'><strong>hunc</strong></span> 
     </span>
    </p>
   </div>
   <div class='ocr_carea' id='block_1_92' title="bbox 225 4934 1855 5029">
    <p class='ocr_par' dir='ltr' id='par_1_92' title="bbox 225 4934 1818 5029">
     <span class='ocr_line' id='line_1_92' title="bbox 225 4934 1818 5029; baseline 0.003 -22"><span class='ocrx_word' id='word_1_726' title='bbox 225 4955 347 5017; x_wconf 82' lang='grc' dir='ltr'>τοῖς</span> <span class='ocrx_word' id='word_1_727' title='bbox 374 4955 434 5006; x_wconf 82' lang='grc' dir='ltr'><strong>ἐν</strong></span> <span class='ocrx_word' id='word_1_728' title='bbox 466 4954 599 5024; x_wconf 81' lang='grc' dir='ltr'>τῷδε</span> <span class='ocrx_word' id='word_1_729' title='bbox 623 4954 699 5026; x_wconf 84' lang='grc' dir='ltr'>τῷ</span> <span class='ocrx_word' id='word_1_730' title='bbox 726 4954 943 5026; x_wconf 85' lang='grc' dir='ltr'>κόσμῳ,</span> <span class='ocrx_word' id='word_1_731' title='bbox 985 4934 1079 5011; x_wconf 72' lang='grc' dir='ltr'>καὶ</span> <span class='ocrx_word' id='word_1_732' title='bbox 1106 4956 1205 5029; x_wconf 79' lang='grc' dir='ltr'>τὴν</span> <span class='ocrx_word' id='word_1_733' title='bbox 1238 4934 1364 5013; x_wconf 78' lang='grc' dir='ltr'>καθ’</span> <span class='ocrx_word' id='word_1_734' title='bbox 1389 4960 1539 5029; x_wconf 79' lang='grc' dir='ltr'>ἡμᾶς</span> <span class='ocrx_word' id='word_1_735' title='bbox 1562 4934 1818 5029; x_wconf 85' lang='grc' dir='ltr'>ὁμοίωσιν</span> 
     </span>
    </p>
   </div>
   <div class='ocr_carea' id='block_1_93' title="bbox 1929 4934 3513 5029">
    <p class='ocr_par' dir='ltr' id='par_1_93' title="bbox 1929 4934 3513 5010">
     <span class='ocr_line' id='line_1_93' title="bbox 1929 4934 3513 5010; baseline -0.014 -3"><span class='ocrx_word' id='word_1_736' title='bbox 1929 4952 2187 5007; x_wconf 87' lang='lat' dir='ltr'><strong>mundum</strong></span> <span class='ocrx_word' id='word_1_737' title='bbox 2242 4946 2627 5010; x_wconf 84' lang='lat' dir='ltr'><strong>incolentibus,</strong></span> <span class='ocrx_word' id='word_1_738' title='bbox 2679 4953 2733 5000; x_wconf 91' lang='lat' dir='ltr'><strong>et</strong></span> <span class='ocrx_word' id='word_1_739' title='bbox 2783 4939 3137 4998; x_wconf 86' lang='lat' dir='ltr'><strong>similitudine</strong></span> <span class='ocrx_word' id='word_1_740' title='bbox 3169 4934 3340 4991; x_wconf 89' lang='lat' dir='ltr'><strong>nostri</strong></span> <span class='ocrx_word' id='word_1_741' title='bbox 3393 4948 3513 4987; x_wconf 81' lang='lat' dir='ltr'><strong>sus-</strong></span> 
     </span>
    </p>
   </div>
   <div class='ocr_carea' id='block_1_94' title="bbox 228 5025 1855 5122">
    <p class='ocr_par' dir='ltr' id='par_1_94' title="bbox 228 5025 1817 5122">
     <span class='ocr_line' id='line_1_94' title="bbox 228 5025 1817 5122; baseline 0.003 -22"><span class='ocrx_word' id='word_1_742' title='bbox 228 5045 470 5110; x_wconf 77' lang='grc' dir='ltr'>ὺποδὺς,</span> <span class='ocrx_word' id='word_1_743' title='bbox 503 5066 521 5098; x_wconf 80' lang='grc' dir='ltr'><strong>ι</strong></span> <span class='ocrx_word' id='word_1_744' title='bbox 554 5025 754 5116; x_wconf 84' lang='grc' dir='ltr'>Γέγονε</span> <span class='ocrx_word' id='word_1_745' title='bbox 788 5025 926 5119; x_wconf 81' lang='grc' dir='ltr'>σάρξ</span> <span class='ocrx_word' id='word_1_746' title='bbox 970 5051 999 5103; x_wconf 86' lang='grc' dir='ltr'><strong>ό</strong></span> <span class='ocrx_word' id='word_1_747' title='bbox 1030 5025 1237 5119; x_wconf 84' lang='grc' dir='ltr'>Λόγος,</span> <span class='ocrx_word' id='word_1_748' title='bbox 1280 5050 1378 5104; x_wconf 71' lang='grc' dir='ltr'>καὶ</span> <span class='ocrx_word' id='word_1_749' title='bbox 1408 5025 1721 5122; x_wconf 74' lang='grc' dir='ltr'>ἐσκήνωσεν</span> <span class='ocrx_word' id='word_1_750' title='bbox 1761 5052 1817 5105; x_wconf 87' lang='grc' dir='ltr'><strong>ἐν</strong></span> 
     </span>
    </p>
   </div>
   <div class='ocr_carea' id='block_1_95' title="bbox 1929 5025 3509 5122">
    <p class='ocr_par' dir='ltr' id='par_1_95' title="bbox 1929 5025 3509 5122">
     <span class='ocr_line' id='line_1_95' title="bbox 1929 5025 3509 5122; baseline -0.016 -20"><span class='ocrx_word' id='word_1_751' title='bbox 1929 5055 2106 5115; x_wconf 90' lang='lat' dir='ltr'><strong>cepta,</strong></span> <span class='ocrx_word' id='word_1_752' title='bbox 2167 5061 2185 5096; x_wconf 81' lang='grc' dir='ltr'><strong>ι</strong></span> <span class='ocrx_word' id='word_1_753' title='bbox 2216 5042 2455 5099; x_wconf 76' lang='lat' dir='ltr'><strong>Verbum</strong></span> <span class='ocrx_word' id='word_1_754' title='bbox 2485 5054 2613 5095; x_wconf 88' lang='lat' dir='ltr'><strong>caro</strong></span> <span class='ocrx_word' id='word_1_755' title='bbox 2652 5040 2857 5093; x_wconf 84' lang='lat' dir='ltr'><strong>factum</strong></span> <span class='ocrx_word' id='word_1_756' title='bbox 2899 5042 3009 5099; x_wconf 89' lang='lat' dir='ltr'><strong>est,</strong></span> <span class='ocrx_word' id='word_1_757' title='bbox 3053 5042 3109 5088; x_wconf 89' lang='lat' dir='ltr'><strong>et</strong></span> <span class='ocrx_word' id='word_1_758' title='bbox 3157 5025 3509 5122; x_wconf 55' lang='lat' dir='ltr'><strong>liabitavitin</strong></span> 
     </span>
    </p>
   </div>
   <div class='ocr_carea' id='block_1_96' title="bbox 225 5113 1855 5212">
    <p class='ocr_par' dir='ltr' id='par_1_96' title="bbox 225 5113 1819 5212">
     <span class='ocr_line' id='line_1_96' title="bbox 225 5113 1819 5212; baseline 0.004 -23"><span class='ocrx_word' id='word_1_759' title='bbox 225 5139 403 5206; x_wconf 74' lang='grc' dir='ltr'>ἡμῖν,</span> <span class='ocrx_word' id='word_1_760' title='bbox 426 5156 445 5189; x_wconf 75' lang='grc' dir='ltr'><strong>ι</strong></span> <span class='ocrx_word' id='word_1_761' title='bbox 491 5139 549 5192; x_wconf 88' lang='grc' dir='ltr'><strong>ἐν</strong></span> <span class='ocrx_word' id='word_1_762' title='bbox 595 5113 760 5209; x_wconf 52' lang='grc' dir='ltr'>ἀγλύῖ</span> <span class='ocrx_word' id='word_1_763' title='bbox 792 5113 1047 5204; x_wconf 45' lang='grc' dir='ltr'>δὲ’ὅντας</span> <span class='ocrx_word' id='word_1_764' title='bbox 1081 5113 1193 5194; x_wconf 63' lang='grc' dir='ltr'><strong>και</strong></span> <span class='ocrx_word' id='word_1_765' title='bbox 1215 5113 1413 5212; x_wconf 87' lang='grc' dir='ltr'>σκότῳ,</span> <span class='ocrx_word' id='word_1_766' title='bbox 1454 5113 1705 5212; x_wconf 84' lang='grc' dir='ltr'>καθάπερ</span> <span class='ocrx_word' id='word_1_767' title='bbox 1736 5159 1819 5206; x_wconf 90' lang='grc' dir='ltr'><strong>τις</strong></span> 
     </span>
    </p>
   </div>
   <div class='ocr_carea' id='block_1_97' title="bbox 1929 5113 3510 5212">
    <p class='ocr_par' dir='ltr' id='par_1_97' title="bbox 1929 5113 3510 5203">
     <span class='ocr_line' id='line_1_97' title="bbox 1929 5113 3510 5203; baseline -0.013 -13"><span class='ocrx_word' id='word_1_768' title='bbox 1929 5113 2084 5192; x_wconf 85' lang='lat' dir='ltr'><strong>nobis</strong></span> <span class='ocrx_word' id='word_1_769' title='bbox 2113 5136 2179 5203; x_wconf 78' lang='lat'><strong>&quot;,</strong></span> <span class='ocrx_word' id='word_1_770' title='bbox 2216 5154 2234 5188; x_wconf 77' lang='grc' dir='ltr'><strong>ι</strong></span> <span class='ocrx_word' id='word_1_771' title='bbox 2270 5142 2324 5189; x_wconf 90' lang='lat' dir='ltr'><strong>et</strong></span> <span class='ocrx_word' id='word_1_772' title='bbox 2362 5132 2417 5186; x_wconf 91' lang='lat' dir='ltr'><strong>in</strong></span> <span class='ocrx_word' id='word_1_773' title='bbox 2452 5128 2685 5200; x_wconf 85' lang='lat' dir='ltr'><strong>caligine</strong></span> <span class='ocrx_word' id='word_1_774' title='bbox 2723 5141 2788 5182; x_wconf 90' lang='lat' dir='ltr'><strong>ac</strong></span> <span class='ocrx_word' id='word_1_775' title='bbox 2815 5123 3054 5180; x_wconf 82' lang='lat' dir='ltr'><strong>tenebris</strong></span> <span class='ocrx_word' id='word_1_776' title='bbox 3105 5120 3331 5191; x_wconf 91' lang='lat' dir='ltr'><strong>positos,</strong></span> <span class='ocrx_word' id='word_1_777' title='bbox 3362 5113 3510 5170; x_wconf 82' lang='lat' dir='ltr'><strong>velut</strong></span> 
     </span>
    </p>
   </div>
   <div class='ocr_carea' id='block_1_98' title="bbox 220 5212 1855 5305">
    <p class='ocr_par' dir='ltr' id='par_1_98' title="bbox 220 5230 1812 5305">
     <span class='ocr_line' id='line_1_98' title="bbox 220 5230 1812 5305; baseline 0.006 -26"><span class='ocrx_word' id='word_1_778' title='bbox 220 5230 382 5300; x_wconf 76' lang='grc' dir='ltr'>ἥλιος</span> <span class='ocrx_word' id='word_1_779' title='bbox 434 5232 553 5293; x_wconf 86' lang='grc' dir='ltr'>ταῖς</span> <span class='ocrx_word' id='word_1_780' title='bbox 600 5231 833 5293; x_wconf 78' lang='grc' dir='ltr'>οἰκείαις</span> <span class='ocrx_word' id='word_1_781' title='bbox 876 5232 1344 5304; x_wconf 88' lang='grc' dir='ltr'>περιαστράπτων</span> <span class='ocrx_word' id='word_1_782' title='bbox 1396 5236 1812 5305; x_wconf 78' lang='grc' dir='ltr'>μαρμαρυγαῖς,</span> 
     </span>
    </p>
   </div>
   <div class='ocr_carea' id='block_1_99' title="bbox 1929 5212 3507 5305">
    <p class='ocr_par' dir='ltr' id='par_1_99' title="bbox 1929 5212 3507 5305">
     <span class='ocr_line' id='line_1_99' title="bbox 1929 5212 3507 5305; baseline -0.015 -21"><span class='ocrx_word' id='word_1_783' title='bbox 1929 5230 2005 5285; x_wconf 84' lang='lat' dir='ltr'><strong>sol</strong></span> <span class='ocrx_word' id='word_1_784' title='bbox 2038 5228 2260 5298; x_wconf 81' lang='lat' dir='ltr'><strong>quidam</strong></span> <span class='ocrx_word' id='word_1_785' title='bbox 2302 5224 2537 5298; x_wconf 91' lang='lat' dir='ltr'><strong>propriis</strong></span> <span class='ocrx_word' id='word_1_786' title='bbox 2564 5221 2942 5293; x_wconf 81' lang='lat' dir='ltr'><strong>Splendoribus</strong></span> <span class='ocrx_word' id='word_1_787' title='bbox 2975 5212 3417 5305; x_wconf 79' lang='lat' dir='ltr'><strong>circurnl‘ulgens,</strong></span> <span class='ocrx_word' id='word_1_788' title='bbox 3452 5217 3507 5298; x_wconf 83' lang='lat' dir='ltr'><strong>ct</strong></span> 
     </span>
    </p>
   </div>
   <div class='ocr_carea' id='block_1_100' title="bbox 224 5302 1855 5396">
    <p class='ocr_par' dir='ltr' id='par_1_100' title="bbox 224 5302 1813 5396">
     <span class='ocr_line' id='line_1_100' title="bbox 224 5302 1813 5396; baseline 0.004 -25"><span class='ocrx_word' id='word_1_789' title='bbox 224 5320 325 5372; x_wconf 79' lang='grc' dir='ltr'><strong>καὶ</strong></span> <span class='ocrx_word' id='word_1_790' title='bbox 347 5320 447 5391; x_wconf 83' lang='grc' dir='ltr'><strong>τὴν</strong></span> <span class='ocrx_word' id='word_1_791' title='bbox 466 5321 566 5390; x_wconf 81' lang='grc' dir='ltr'>τῆς</span> <span class='ocrx_word' id='word_1_792' title='bbox 586 5320 821 5393; x_wconf 90' lang='grc' dir='ltr'>ἀληθοῦς</span> <span class='ocrx_word' id='word_1_793' title='bbox 844 5302 1177 5393; x_wconf 85' lang='grc' dir='ltr'>θεογνωσίας</span> <span class='ocrx_word' id='word_1_794' title='bbox 1202 5302 1676 5396; x_wconf 13' lang='grc' dir='ltr'>ἀκτῖναήλαμπράν</span> <span class='ocrx_word' id='word_1_795' title='bbox 1694 5327 1813 5387; x_wconf 85' lang='grc' dir='ltr'>ταῖς</span> 
     </span>
    </p>
   </div>
   <div class='ocr_carea' id='block_1_101' title="bbox 1929 5302 3502 5396">
    <p class='ocr_par' dir='ltr' id='par_1_101' title="bbox 1929 5302 3502 5391">
     <span class='ocr_line' id='line_1_101' title="bbox 1929 5302 3502 5391; baseline -0.013 -16"><span class='ocrx_word' id='word_1_796' title='bbox 1929 5338 2064 5378; x_wconf 72' lang='lat' dir='ltr'><strong>verte</strong></span> <span class='ocrx_word' id='word_1_797' title='bbox 2107 5319 2432 5391; x_wconf 82' lang='lat' dir='ltr'><strong>cognitionis</strong></span> <span class='ocrx_word' id='word_1_798' title='bbox 2483 5318 2577 5373; x_wconf 87' lang='lat' dir='ltr'><strong>Dei</strong></span> <span class='ocrx_word' id='word_1_799' title='bbox 2635 5317 2839 5372; x_wconf 87' lang='lat' dir='ltr'><strong>clarum</strong></span> <span class='ocrx_word' id='word_1_800' title='bbox 2903 5313 3115 5369; x_wconf 89' lang='lat' dir='ltr'><strong>radium</strong></span> <span class='ocrx_word' id='word_1_801' title='bbox 3166 5302 3502 5363; x_wconf 89' lang='lat' dir='ltr'><strong>credentium</strong></span> 
     </span>
    </p>
   </div>
   <div class='ocr_carea' id='block_1_102' title="bbox 222 5397 1855 5489">
    <p class='ocr_par' dir='ltr' id='par_1_102' title="bbox 222 5412 1823 5489">
     <span class='ocr_line' id='line_1_102' title="bbox 222 5412 1823 5489; baseline 0.002 -24"><span class='ocrx_word' id='word_1_802' title='bbox 222 5412 341 5466; x_wconf 82' lang='grc' dir='ltr'>τῶν</span> <span class='ocrx_word' id='word_1_803' title='bbox 374 5413 745 5468; x_wconf 90' lang='grc' dir='ltr'>πιστευόντων</span> <span class='ocrx_word' id='word_1_804' title='bbox 775 5415 979 5486; x_wconf 80' lang='grc' dir='ltr'>ψυχαῖς</span> <span class='ocrx_word' id='word_1_805' title='bbox 1021 5416 1186 5480; x_wconf 70' lang='grc' dir='ltr'>ἐνιεὶς</span> <span class='ocrx_word' id='word_1_806' title='bbox 1206 5459 1222 5480; x_wconf 94' lang='grc'><strong>,</strong></span> <span class='ocrx_word' id='word_1_807' title='bbox 1251 5416 1528 5489; x_wconf 80' lang='grc' dir='ltr'>καθαροὺς</span> <span class='ocrx_word' id='word_1_808' title='bbox 1555 5418 1823 5488; x_wconf 82' lang='grc' dir='ltr'>ἀπέφηνε,</span> 
     </span>
    </p>
   </div>
   <div class='ocr_carea' id='block_1_103' title="bbox 1929 5397 3501 5489">
    <p class='ocr_par' dir='ltr' id='par_1_103' title="bbox 1929 5397 3501 5480">
     <span class='ocr_line' id='line_1_103' title="bbox 1929 5397 3501 5480; baseline -0.016 -10"><span class='ocrx_word' id='word_1_809' title='bbox 1929 5416 2210 5470; x_wconf 87' lang='lat' dir='ltr'><strong>animabus</strong></span> <span class='ocrx_word' id='word_1_810' title='bbox 2238 5413 2561 5477; x_wconf 91' lang='lat' dir='ltr'><strong>immittens,</strong></span> <span class='ocrx_word' id='word_1_811' title='bbox 2590 5424 2780 5480; x_wconf 92' lang='lat' dir='ltr'><strong>puros,</strong></span> <span class='ocrx_word' id='word_1_812' title='bbox 2824 5405 3117 5474; x_wconf 88' lang='lat' dir='ltr'><strong>sapientes,</strong></span> <span class='ocrx_word' id='word_1_813' title='bbox 3148 5397 3501 5462; x_wconf 73' lang='lat' dir='ltr'><strong>omniumque</strong></span> 
     </span>
    </p>
   </div>
   <div class='ocr_carea' id='block_1_104' title="bbox 225 5487 1855 5580">
    <p class='ocr_par' dir='ltr' id='par_1_104' title="bbox 225 5487 1821 5580">
     <span class='ocr_line' id='line_1_104' title="bbox 225 5487 1821 5580; baseline 0.003 -21"><span class='ocrx_word' id='word_1_814' title='bbox 225 5504 327 5559; x_wconf 78' lang='grc' dir='ltr'>καὶ</span> <span class='ocrx_word' id='word_1_815' title='bbox 360 5504 581 5573; x_wconf 75' lang='grc' dir='ltr'>σοφοὺς,</span> <span class='ocrx_word' id='word_1_816' title='bbox 612 5506 710 5559; x_wconf 81' lang='grc' dir='ltr'><strong>καὶ</strong></span> <span class='ocrx_word' id='word_1_817' title='bbox 739 5507 969 5579; x_wconf 82' lang='grc' dir='ltr'>ἀπάσης</span> <span class='ocrx_word' id='word_1_818' title='bbox 1019 5487 1821 5580; x_wconf 37' lang='grc' dir='ltr'>ἀγαθουργίας-ἐπιστήμονας.</span> 
     </span>
    </p>
   </div>
   <div class='ocr_carea' id='block_1_105' title="bbox 1929 5487 3500 5580">
    <p class='ocr_par' dir='ltr' id='par_1_105' title="bbox 1929 5487 3500 5573">
     <span class='ocr_line' id='line_1_105' title="bbox 1929 5487 3500 5573; baseline -0.013 -13"><span class='ocrx_word' id='word_1_819' title='bbox 1929 5505 2186 5561; x_wconf 91' lang='lat' dir='ltr'><strong>bonorum</strong></span> <span class='ocrx_word' id='word_1_820' title='bbox 2218 5518 2440 5573; x_wconf 87' lang='lat' dir='ltr'><strong>operum</strong></span> <span class='ocrx_word' id='word_1_821' title='bbox 2474 5501 2709 5556; x_wconf 89' lang='lat' dir='ltr'><strong>scientes</strong></span> <span class='ocrx_word' id='word_1_822' title='bbox 2744 5496 2997 5552; x_wconf 90' lang='lat' dir='ltr'><strong>reddidit.</strong></span> <span class='ocrx_word' id='word_1_823' title='bbox 3029 5487 3281 5571; x_wconf 83' lang='lat' dir='ltr'><strong>Ostendit</strong></span> <span class='ocrx_word' id='word_1_824' title='bbox 3318 5495 3500 5541; x_wconf 87' lang='lat' dir='ltr'><strong>autem</strong></span> 
     </span>
    </p>
   </div>
   <div class='ocr_carea' id='block_1_106' title="bbox 226 5590 1855 5674">
    <p class='ocr_par' dir='ltr' id='par_1_106' title="bbox 226 5594 1822 5674">
     <span class='ocr_line' id='line_1_106' title="bbox 226 5594 1822 5674; baseline 0.007 -26"><span class='ocrx_word' id='word_1_825' title='bbox 226 5594 445 5659; x_wconf 82' lang='grc' dir='ltr'>Ἔδειξε</span> <span class='ocrx_word' id='word_1_826' title='bbox 488 5595 547 5649; x_wconf 78' lang='grc' dir='ltr'>δὲ</span> <span class='ocrx_word' id='word_1_827' title='bbox 591 5597 724 5669; x_wconf 83' lang='grc' dir='ltr'>ἡμῖν</span> <span class='ocrx_word' id='word_1_828' title='bbox 753 5599 813 5654; x_wconf 91' lang='grc' dir='ltr'>ἐν</span> <span class='ocrx_word' id='word_1_829' title='bbox 844 5599 1026 5655; x_wconf 78' lang='grc' dir='ltr'>ἐαυτῶ</span> <span class='ocrx_word' id='word_1_830' title='bbox 1063 5600 1157 5655; x_wconf 77' lang='grc' dir='ltr'>τὸν</span> <span class='ocrx_word' id='word_1_831' title='bbox 1190 5601 1434 5674; x_wconf 85' lang='grc' dir='ltr'>Πατέρα,</span> <span class='ocrx_word' id='word_1_832' title='bbox 1469 5603 1563 5657; x_wconf 75' lang='grc' dir='ltr'>καὶ</span> <span class='ocrx_word' id='word_1_833' title='bbox 1594 5602 1683 5657; x_wconf 90' lang='grc' dir='ltr'><strong>διά</strong></span> <span class='ocrx_word' id='word_1_834' title='bbox 1722 5602 1822 5668; x_wconf 61' lang='lat' dir='ltr'><strong>sit;</strong></span> 
     </span>
    </p>
   </div>
   <div class='ocr_carea' id='block_1_107' title="bbox 1929 5590 3502 5674">
    <p class='ocr_par' dir='ltr' id='par_1_107' title="bbox 1929 5590 3502 5661">
     <span class='ocr_line' id='line_1_107' title="bbox 1929 5590 3502 5661; baseline -0.015 -6"><span class='ocrx_word' id='word_1_835' title='bbox 1929 5599 2079 5656; x_wconf 86' lang='lat' dir='ltr'><strong>nobis</strong></span> <span class='ocrx_word' id='word_1_836' title='bbox 2117 5597 2170 5654; x_wconf 88' lang='lat' dir='ltr'><strong>in</strong></span> <span class='ocrx_word' id='word_1_837' title='bbox 2198 5603 2371 5654; x_wconf 88' lang='lat' dir='ltr'><strong>semet</strong></span> <span class='ocrx_word' id='word_1_838' title='bbox 2411 5593 2653 5650; x_wconf 88' lang='lat' dir='ltr'><strong>Patrem.</strong></span> <span class='ocrx_word' id='word_1_839' title='bbox 2690 5605 2893 5661; x_wconf 90' lang='lat' dir='ltr'><strong>oerque</strong></span> <span class='ocrx_word' id='word_1_840' title='bbox 2936 5598 3193 5643; x_wconf 85' lang='lat' dir='ltr'><strong>arcanam</strong></span> <span class='ocrx_word' id='word_1_841' title='bbox 3224 5590 3502 5654; x_wconf 85' lang='lat' dir='ltr'><strong>mystago-</strong></span> 
     </span>
    </p>
   </div>
   <div class='ocr_carea' id='block_1_108' title="bbox 309 5785 1855 5867">
    <p class='ocr_par' dir='ltr' id='par_1_108' title="bbox 309 5798 1803 5867">
     <span class='ocr_line' id='line_1_108' title="bbox 309 5798 1803 5867; baseline 0.003 -13"><span class='ocrx_word' id='word_1_842' title='bbox 309 5800 353 5832; x_wconf 79' lang='lat'><strong>’°</strong></span> <span class='ocrx_word' id='word_1_843' title='bbox 391 5798 503 5854; x_wconf 83' lang='lat' dir='ltr'><strong>Jac.</strong></span> <span class='ocrx_word' id='word_1_844' title='bbox 552 5814 626 5861; x_wconf 86' lang='grc' dir='ltr'><strong>ιι,</strong></span> <span class='ocrx_word' id='word_1_845' title='bbox 668 5799 756 5856; x_wconf 76' lang='grc'><strong>20.</strong></span> <span class='ocrx_word' id='word_1_846' title='bbox 868 5799 910 5832; x_wconf 81' lang='grc'>¹¹</span> <span class='ocrx_word' id='word_1_847' title='bbox 951 5798 1129 5854; x_wconf 88' lang='lat' dir='ltr'><strong>Galat.</strong></span> <span class='ocrx_word' id='word_1_848' title='bbox 1171 5814 1251 5867; x_wconf 92' lang='grc' dir='ltr'><strong>ιι,</strong></span> <span class='ocrx_word' id='word_1_849' title='bbox 1295 5800 1379 5858; x_wconf 84' lang='grc'><strong>16.</strong></span> <span class='ocrx_word' id='word_1_850' title='bbox 1492 5802 1533 5834; x_wconf 87' lang='grc'>¹¹</span> <span class='ocrx_word' id='word_1_851' title='bbox 1572 5801 1613 5856; x_wconf 90' lang='lat' dir='ltr'><strong>ll</strong></span> <span class='ocrx_word' id='word_1_852' title='bbox 1658 5802 1803 5860; x_wconf 83' lang='lat' dir='ltr'><strong>Petr.</strong></span> 
     </span>
    </p>
   </div>
   <div class='ocr_carea' id='block_1_109' title="bbox 1929 5785 3495 5867">
    <p class='ocr_par' dir='ltr' id='par_1_109' title="bbox 1929 5785 3495 5867">
     <span class='ocr_line' id='line_1_109' title="bbox 1929 5785 3495 5867; baseline -0.011 -8"><span class='ocrx_word' id='word_1_853' title='bbox 1929 5847 1931 5859; x_wconf 83' lang='lat'><strong>.</strong></span> <span class='ocrx_word' id='word_1_854' title='bbox 1972 5800 2033 5856; x_wconf 71' lang='lat' dir='ltr'><strong>2i</strong></span> <span class='ocrx_word' id='word_1_855' title='bbox 2066 5843 2080 5867; x_wconf 90' lang='lat'><strong>,</strong></span> <span class='ocrx_word' id='word_1_856' title='bbox 2118 5801 2208 5857; x_wconf 67' lang='lat'><strong>22.</strong></span> <span class='ocrx_word' id='word_1_857' title='bbox 2318 5800 2361 5833; x_wconf 84' lang='grc'>¹³</span> <span class='ocrx_word' id='word_1_858' title='bbox 2400 5796 2591 5853; x_wconf 73' lang='lat' dir='ltr'><strong>Matth.</strong></span> <span class='ocrx_word' id='word_1_859' title='bbox 2637 5810 2732 5861; x_wconf 84' lang='lat' dir='ltr'><strong>tu,</strong></span> <span class='ocrx_word' id='word_1_860' title='bbox 2776 5792 2862 5848; x_wconf 55' lang='lat' dir='ltr'><strong>li.</strong></span> <span class='ocrx_word' id='word_1_861' title='bbox 2974 5792 3016 5824; x_wconf 77' lang='lat'><strong>“‘</strong></span> <span class='ocrx_word' id='word_1_862' title='bbox 3057 5789 3245 5848; x_wconf 79' lang='lat' dir='ltr'><strong>Daniel</strong></span> <span class='ocrx_word' id='word_1_863' title='bbox 3286 5804 3360 5851; x_wconf 87' lang='lat' dir='ltr'><strong>tv,</strong></span> <span class='ocrx_word' id='word_1_864' title='bbox 3401 5785 3495 5843; x_wconf 74' lang='lat'><strong>23.</strong></span> 
     </span>
    </p>
   </div>
   <div class='ocr_carea' id='block_1_110' title="bbox 1492 5800 2208 5870">
    <p class='ocr_par' dir='ltr' id='par_1_110' title="bbox 1492 5800 2208 5870">
     <span class='ocr_line' id='line_1_110' title="bbox 1492 5800 2208 5870; baseline 0.001 -14"><span class='ocrx_word' id='word_1_865' title='bbox 1492 5802 1533 5834; x_wconf 87' lang='grc'>¹¹</span> <span class='ocrx_word' id='word_1_866' title='bbox 1572 5801 1613 5856; x_wconf 90' lang='lat' dir='ltr'><strong>ll</strong></span> <span class='ocrx_word' id='word_1_867' title='bbox 1658 5802 1803 5860; x_wconf 83' lang='lat' dir='ltr'><strong>Petr.</strong></span> <span class='ocrx_word' id='word_1_868' title='bbox 1857 5818 1931 5870; x_wconf 91' lang='grc' dir='ltr'><strong>ιι,</strong></span> <span class='ocrx_word' id='word_1_869' title='bbox 1972 5800 2033 5856; x_wconf 72' lang='lat' dir='ltr'><strong>2i</strong></span> <span class='ocrx_word' id='word_1_870' title='bbox 2066 5843 2080 5868; x_wconf 89' lang='lat'><strong>,</strong></span> <span class='ocrx_word' id='word_1_871' title='bbox 2118 5801 2208 5857; x_wconf 68' lang='lat'><strong>22.</strong></span> 
     </span>
    </p>
   </div>
   <div class='ocr_carea' id='block_1_111' title="bbox 224 5868 1232 5936">
    <p class='ocr_par' dir='ltr' id='par_1_111' title="bbox 224 5868 1232 5936">
     <span class='ocr_line' id='line_1_111' title="bbox 224 5868 1232 5936; baseline 0 -11"><span class='ocrx_word' id='word_1_872' title='bbox 224 5873 248 5905; x_wconf 87' lang='grc'><strong><em>⁸</em></strong></span> <span class='ocrx_word' id='word_1_873' title='bbox 291 5869 562 5928; x_wconf 84' lang='lat' dir='ltr'><strong>lsa.t.xvt.</strong></span> <span class='ocrx_word' id='word_1_874' title='bbox 601 5869 692 5925; x_wconf 66' lang='grc'><strong>24.</strong></span> <span class='ocrx_word' id='word_1_875' title='bbox 775 5871 818 5902; x_wconf 78' lang='grc'>³⁸</span> <span class='ocrx_word' id='word_1_876' title='bbox 858 5868 1016 5926; x_wconf 77' lang='lat' dir='ltr'><strong>Joan.</strong></span> <span class='ocrx_word' id='word_1_877' title='bbox 1062 5886 1101 5936; x_wconf 89' lang='grc' dir='ltr'><strong>ι,</strong></span> <span class='ocrx_word' id='word_1_878' title='bbox 1146 5870 1232 5925; x_wconf 71' lang='grc'><strong>14.</strong></span> 
     </span>
    </p>
   </div>
  </div>
