4070 6530
594 406 703 465 389

1636 401 1696 458 S.
1738 396 2015 458 CYRILLI
2055 390 2532 454 ALEXANDRlNl
2572 389 2897 448 ARCHIEP.

3799 393 3921 448 360

594 521 740 588 giam
795 516 1140 573 felicissimos
1186 530 1251 572 ac
1305 516 1604 586 sapientes,
1659 523 2008 584 mentemque
2068 511 2189 581 ejus

2295 506 2614 579 ἀπορρήτου
2649 505 3042 578 μυσταγωγίας
3067 505 3499 578 εὐτυχεστάτους
3531 506 3608 579 (l)
3639 507 3916 578 ἀπέφηνε

593 609 905 682 cognitione
958 610 1175 678 plenam
1223 607 1488 663 habentes
1536 604 1739 662 eil‘ecit.
1789 605 1989 661 Verum
2026 603 2192 659 etiam

594 704 665 759 ad
695 703 838 758 hunc
865 702 1207 774 splendorem
1231 700 1473 765 adducti,
1506 717 1523 754 ι
1547 699 1614 755 Et
1641 699 1839 754 divites
1872 697 2021 761 facti,
2039 697 2192 767 juxta

594 795 820 851 verbum
868 794 1013 850 beati
1060 792 1239 860 Pauli,
1277 794 1330 847 in
1363 791 1512 848 omni
1551 805 1826 853 sermone.
1864 797 1920 842 et
1952 790 2005 842 in
2045 784 2193 840 omni

594 886 847 950 scientia,
907 895 964 942 et
1019 886 1072 941 in
1123 885 1271 941 onmi
1322 884 1585 954 sapientia
1621 883 1698 950 ι’,
1767 882 2014 936 videmus
2053 894 2198 935 nunc

595 981 653 1035 in
716 978 937 1049 spccuio
1000 986 1056 1033 et
1106 977 1159 1032 in
1209 977 1528 1048 aenigmate,
1583 982 1637 1030 et
1700 974 2080 1046 cognoscimus
2127 989 2193 1028 ex

594 1079 750 1140 parte
770 1068 832 1124 η.
848 1066 1215 1140 867Veniet
1233 1078 1413 1121 autem
1430 1065 1721 1135 aliquando
1738 1065 1879 1133 quod
1897 1063 2194 1134 perfectum

594 1171 681 1218 est
707 1161 770 1224 ³⁸,
805 1177 824 1212 ι
869 1171 918 1215 et
960 1169 1070 1213 tum
1108 1157 1429 1225 plenissime
1461 1154 1739 1214 Christum
1770 1169 2190 1226 cognoscemus,

594 1265 721 1308 cum
763 1251 959 1306 iterum
989 1250 1056 1304 de
1085 1248 1226 1303 caelo
1270 1248 1427 1303 nobis
1474 1247 1739 1310 iilucebit,
1781 1265 1800 1297 ι
1831 1255 1884 1300 et
1912 1245 2196 1302 evacuabit

611 1341 756 1412 quod
787 1357 851 1395 ex
883 1349 1036 1410 parte
1065 1350 1151 1394 est
1171 1338 1240 1402 '°,
1267 1357 1286 1390 ι
1322 1349 1377 1393 et
1402 1339 1770 1410 cognitionem
1799 1339 1851 1392 in
1891 1338 2111 1409 speculo
2140 1346 2195 1395 et

594 1434 906 1502 aenigmate,
952 1441 1006 1486 et
1048 1442 1306 1501 tanquam
1355 1432 1714 1500 perfectiores
1749 1430 2096 1495 illuminahit,
2139 1439 2194 1485 et

595 1524 780 1580 divina
804 1526 1036 1595 quadam
1059 1535 1227 1594 atque
1253 1522 1513 1578 ineffabili
1543 1524 1666 1579 luce
1691 1532 1926 1579 mentem
1944 1522 2192 1593 replebit,

595 1627 651 1673 et
691 1615 925 1687 Spiritus
966 1617 1139 1672 sancti
1195 1616 1465 1673 effusione
1509 1616 1860 1672 exhilarabit.
1914 1617 2005 1672 Ait
2048 1617 2193 1672 enim

593 1711 813 1766 divinus
844 1711 1047 1766 l‘aulus
1075 1729 1089 1765 :
1127 1731 1146 1764 ι
1184 1710 1311 1767 Sive
1339 1712 1636 1781 prophetia:
1680 1711 2109 1774 evacuabuntur,
2142 1719 2195 1766 et

594 1804 835 1860 scientiae.
883 1805 1179 1860 cessabunt
1223 1805 1290 1860 ²¹.
1334 1803 1452 1860 Non
1508 1816 1762 1873 putamus
1809 1813 1990 1859 autem
2028 1819 2128 1858 nos
2162 1818 2191 1857 a

2297 601 2393 656 καὶ¹
2428 599 2879 671 σεσοφισμένους,
2922 598 3180 671 ἔμπλεών
3227 617 3287 656 τε
3329 599 3426 655 τὸν
3454 600 3582 654 νοῦν
3617 601 3721 672 τῆς
3767 605 3920 672 περὶ

2295 691 2465 749 αὑτοῦ
2499 691 2755 762 γνώσεως
2791 690 3033 763 ἔχοντας.
3070 692 3219 762 Πλὴν
3251 692 3348 747 καί
3378 694 3458 756 είς
3486 692 3649 748 τοῦτο
3672 694 3920 764 φαιδρόο

2295 802 2462 857 τητος
2508 785 2985 856 παρενηνεγμένοι
3009 827 3022 851 ,
3064 803 3082 836 ι
3120 783 3584 856 πεπλουτισμένοι
3623 802 3708 850 τε,
3751 785 3919 840 καθά

2298 894 2467 948 φησιν
2518 878 2547 930 6
2584 876 2857 947 μακάριος
2907 873 3141 938 Παῦλος,
3183 877 3239 929 ἐν
3275 876 3438 928 παντὶ
3488 875 3817 947 λόγωνκαὶ
3855 878 3918 928 ἐν

2298 969 2446 1039 πάσῃ
2479 965 2698 1036 γνώσει,
2738 966 2832 1022 καὶ
2871 967 2932 1022 ἐν
2975 967 3123 1038 πάσῃ
3159 967 3342 1038 σοφίᾳ,
3376 966 3651 1038 βλέπομεν
3677 968 3820 1038 ἀρτι
3857 969 3917 1021 ἐν

2297 1058 2550 1128 ἐσόπτρῳ
2591 1056 2685 1111 καὶ
2715 1056 3023 1127 αἰνίγματι,
3054 1057 3148 1112 καὶ
3178 1056 3524 1128 γινώσκομεν
3563 1058 3630 1110 ἐκ
3666 1059 3915 1128 μέρους.

2298 1150 2459 1216 Ἥξει
2492 1151 2549 1205 δὲ
2581 1150 2721 1204 κατά
2756 1151 2983 1222 καιροὺς
3028 1149 3090 1203 τὸ
3133 1150 3361 1214 τέλειον,
3397 1169 3418 1203 ι
3455 1151 3551 1204 καὶ
3592 1151 3653 1204 ἐν
3688 1153 3917 1222 πληρε-

2300 1247 2471 1317 στάτῃ
2520 1245 2707 1301 λοιπὸν
2754 1245 2994 1316 ἐσόμεθα
3027 1243 3224 1312 γνώσει
3269 1242 3529 1314 Χριστοῦ,
3567 1243 3736 1298 πάλιν
3774 1245 3918 1313 ἡμῖν

2297 1337 2360 1403 ἐξ
2387 1338 2635 1410 οὐρανῶν
2670 1337 3079 1408 ἐπιλάμψαντος
3100 1380 3115 1405 ,
3155 1356 3174 1391 ι
3217 1337 3312 1392 καὶ
3345 1337 3760 1409 καταργοῦντος
3811 1337 3919 1407 μὲν

2297 1431 2360 1485 τὺ
2385 1433 2450 1486 ἐκ
2484 1431 2708 1503 μέρους,
2743 1451 2762 1486 ι
2803 1433 2896 1488 καὶ
2927 1433 3025 1502 τὴν
3077 1432 3134 1485 ἐν
3174 1431 3428 1504 ἐσόπτρῳ
3475 1433 3572 1485 καὶ
3605 1431 3916 1501 αἰνίγματι

2297 1525 2524 1595 γνῶσιν,
2558 1526 3014 1598 καταλάμποντος
3044 1525 3100 1579 δὲ
3126 1524 3315 1595 ὥσπερ
3347 1526 3460 1588 τοῖς
3487 1524 3912 1595 τελειωτέροις.

2295 1618 2392 1673 καὶ
2421 1617 2565 1672 θείου
2595 1618 2740 1682 τινὸς
2763 1619 2859 1674 καὶ
2891 1619 3206 1689 ἀπορρήτου
3233 1615 3408 1686 φωτὸς
3435 1617 3915 1686 ἀναπιμπλάντας

2295 1712 2388 1766 τὸν
2425 1711 2574 1777 νοῦν,
2625 1713 2720 1766 καὶ
2754 1715 2819 1782 τῇ
2853 1710 2946 1765 τοῦ
2979 1711 3139 1780 ἀγίου
3171 1709 3492 1779 Πνεύματος
3521 1709 3684 1778 χύσει
3725 1725 3914 1762 κατα-

2296 1803 2708 1875 φαιδρύνοντος.
2739 1805 2884 1874 Ἔφη
2938 1802 3037 1873 μὲν
3071 1801 3180 1873 γάρ
3226 1803 3254 1855 6
3301 1800 3592 1864 θεσπέσιος
3636 1799 3908 1862 Παῦλος-

595 1897 906 1968 cognitione
955 1914 1022 1953 ex
1085 1911 1240 1968 parte
1307 1898 1372 1952 ad
1427 1897 1563 1952 nihil
1618 1913 1843 1968 prorsus
1907 1899 2189 1953 sciendum

2304 1912 2322 1947 ι
2365 1895 2486 1948 Εἴτε
2514 1894 2570 1947 δέ
2597 1896 2928 1966 προφητεῖαι
2957 1891 3499 1962 καταργηθήσονται,
3538 1892 3633 1946 καὶ
3659 1891 3914 1959 γνώσεις

595 2006 969 2060 processuros,
996 1992 1222 2045 multum
1250 1993 1425 2046 abest.
1457 1990 1674 2059 Alioqui
1707 1990 1976 2059 quomodo
2001 1989 2194 2045 futura:

594 2086 707 2157 spei
728 2095 940 2155 tempus
957 2093 1270 2144 sanctorum
1296 2085 1582 2138 animabus
1605 2098 1713 2137 non
1742 2082 2194 2137 detrimentosum

592 2179 718 2245 erit,
752 2179 795 2233 si
824 2179 1042 2248 penitus
1071 2178 1238 2232 etiam
1280 2192 1400 2246 quae
1440 2177 1704 2231 habemus
1747 2177 2001 2231 amittere
2030 2191 2193 2245 opor-

595 2271 748 2334 tebit,
805 2285 911 2325 non
963 2268 1188 2324 meliora
1245 2267 1603 2337 acquirendo,
1661 2281 1768 2320 non
1823 2266 1888 2320 ad
1937 2266 2192 2336 quiddam

591 2361 878 2417 sublimius
914 2370 1147 2416 mentem
1175 2360 1508 2424 extollendo,
1542 2360 1635 2413 sed
1681 2357 1967 2413 vendendo
2013 2359 2194 2430 potius

590 2454 754 2514 etiam
789 2453 902 2523 jam
954 2461 1009 2508 et
1054 2467 1160 2506 non
1211 2454 1348 2506 citra
1403 2450 1849 2519 defatigationem
1899 2449 2193 2520 aliquando

590 2542 903 2612 acquisita?
956 2543 1378 2601 Evacuabuntur
1424 2551 1608 2596 autem
1655 2550 1710 2595 ct
1748 2542 2080 2611 prophetiae,
2138 2550 2195 2596 et

591 2635 824 2690 cessabit
873 2635 1125 2700 scientia,
1175 2649 1298 2689 cum
1345 2633 1603 2689 nimirum
1649 2633 1937 2688 animabus
1992 2633 2193 2688 nostris

591 2725 683 2780 illa
713 2726 1154 2796 superexcellens
1194 2741 1255 2781 se
1294 2725 1677 2781 insinuaverit.
1723 2723 2191 2790 Quemadmodum

591 2816 740 2872 enim
764 2819 806 2871 si
833 2818 956 2886 quis
991 2831 1095 2871 una
1130 2818 1180 2871 in
1210 2818 1373 2872 domo
1405 2817 1624 2873 lucente
1661 2817 1906 2884 lucerna,
1931 2828 1986 2872 et
2020 2817 2194 2872 modi-

593 2923 718 2964 cum
765 2909 940 2980 ipsam
993 2909 1332 2965 intuentibus
1375 2909 1556 2964 iumen
1587 2909 1850 2964 fundente
1890 2909 2190 2978 lampadem

595 3001 860 3069 intulerit,
922 3016 1149 3058 necesse
1199 3002 1306 3058 erit
1356 3002 1580 3057 omnino
1630 3002 1808 3056 lumen
1866 3002 1995 3056 illud
2040 3003 2192 3071 prius

592 3101 803 3147 tantum
851 3108 957 3148 non
1004 3092 1240 3149 otiosum
1278 3107 1344 3148 ac
1374 3093 1577 3147 nullum
1620 3107 1761 3157 esse,
1805 3093 2005 3147 cedens
2044 3091 2192 3146 vide-

2300 1986 2622 2042 παύσονται,
2661 2005 2680 2039 ι
2723 1985 2908 2057 Φαμὲν
2952 1985 3010 2038 δέ
3047 1986 3148 2038 οὐκ
3194 1985 3303 2038 ἀπὸ
3343 1984 3437 2038 τοῦ
3491 1983 3803 2052 γινώσκειν
3845 1987 3910 2037 ἐκ

2305 2080 2508 2152 μέρους
2536 2079 2629 2133 ἐπὶ
2655 2078 2718 2132 τὸ
2749 2077 2994 2150 μηδόλως
3019 2077 3220 2131 ειδέναι
3239 2094 3290 2130 τι
3317 2075 3671 2148 βαδιούμεθα,
3693 2078 3910 2130 πολλοῦ

2303 2187 2368 2239 γε
2402 2171 2495 2225 καὶ
2527 2171 2627 2224 δεῖ.
2661 2170 2813 2224 Ἐπεὶ
2840 2170 2962 2224 τίνα
2990 2169 3189 2241 τρόπον
3219 2172 3247 2223 6
3277 2169 3378 2239 τῆς
3407 2169 3718 2240 μελλούσης
3741 2171 3907 2223 ἐλπί-

2297 2264 2387 2328 δος
2431 2265 2623 2336 καιρὸς
2677 2264 2737 2317 ού
2778 2262 2916 2334 πρὸς
2958 2260 3164 2333 ζημίας
3207 2262 3359 2316 ἔσται
3405 2265 3526 2330 ταῖς
3561 2263 3672 2316 τῶν
3723 2264 3909 2332 ἀγίων

2294 2356 2516 2427 ψυχαῖς,
2542 2358 2590 2409 εί
2621 2358 2726 2427 χρὴ
2755 2355 2971 2418 πάντως
2995 2355 3089 2409 καὶ
3117 2348 3192 2409 ὧν
3217 2355 3283 2409 ἂν
3317 2354 3538 2426 ἔχοιμεν
3575 2356 3908 2410 ἀπολισθεῖν

2296 2450 2356 2502 οὐ
2404 2449 2475 2502 τά
2519 2449 2731 2518 ἀμείνω
2760 2449 3176 2520 κερδαίνοντας,
3224 2448 3322 2502 οὐκ
3357 2448 3449 2502 ἐπί
3477 2466 3530 2502 τι
3574 2449 3688 2502 τῶν
3723 2450 3908 2521 ὑπερο

2296 2543 2567 2612 κειμένων
2592 2542 2769 2605 ἱέντας
2797 2543 2888 2596 τὸν
2915 2541 3071 2596 νοῦν·
3106 2541 3577 2612 ἀπεμπωλοῦντας
3599 2542 3654 2596 δὲ
3685 2542 3904 2613 μᾶλλον

2297 2636 2392 2688 καὶ
2419 2635 2478 2688 τὸ
2501 2635 2603 2706 ’ήδη
2640 2636 3045 2706 πεπορισμένον
3066 2635 3165 2688 οὐκ
3196 2633 3595 2705 ἀταλαιπώρως
3615 2635 3742 2688 ἔσθ’
3774 2637 3869 2688 ὅτε
3891 2652 3904 2695 ;

2299 2727 2829 2800 Καταργηθήσονται
2882 2729 2974 2781 καὶ⁵
3035 2729 3386 2798 προφητεῖαι,
3445 2727 3806 2780 πεπαύσεται
3849 2727 3907 2780 δέ

2296 2822 2391 2874 καὶ
2412 2821 2635 2889 γνῶσις,
2652 2819 3143 2891 ἐπεισκρινομένης
3167 2819 3412 2890 δηλονότι
3441 2820 3558 2882 ταῖς
3581 2819 3908 2890 ἡμετέραις

2295 2912 2492 2982 ψυχαῖς
2537 2914 2635 2982 τῆς
2670 2912 2808 2979 ἀγαν
2837 2897 3260 2982 ὑπερκειμένης.
3291 2910 3503 2981 Ὥσπερ
3546 2911 3652 2980 γὰρ
3713 2913 3777 2964 εί
3823 2927 3908 2973 2:;

2297 3003 2416 3067 ἐνὸς
2460 3003 2518 3055 ἐν
2559 3002 2693 3073 οίκῳ
2728 3002 3010 3070 φαίνοντος
3043 3002 3262 3071 λύχνου,
3291 2999 3385 3052 καὶ
3413 2999 3639 3070 μετρίαν
3678 3002 3751 3054 ἐν
3792 3004 3907 3063 τοῖς

2296 3096 2460 3148 αὑτὸν
2507 3094 2709 3165 ὁρῶσιν
2751 3093 2922 3157 ίέντος
2970 3093 3168 3165 αὐγὴν,
3219 3094 3554 3163 είσκομίσειε
3599 3093 3901 3165 λαμπάδα,

591 3184 722 3240 licet
768 3185 1122 3240 imtnensitati
1162 3185 1384 3256 majoris
1425 3202 1438 3238 :
1482 3193 1538 3241 et
1575 3185 1718 3239 sicut
1767 3184 1879 3240 sole
1931 3185 2189 3238 mundum

2299 3185 2451 3241 πᾶσά
2483 3201 2602 3248 πως
2632 3184 2850 3255 ἀνάγκη
2886 3185 3171 3256 μονονουχὶ
3193 3186 3286 3238 καὶ
3316 3186 3616 3254 ἀπρακτεῖν
3640 3186 3709 3238 τὸ
3748 3187 3902 3238 ἐκεί-

590 3280 900 3335 illustrante
940 3255 1259 3334 imbecillus
1287 3277 1569 3332 stellarum
1619 3276 1795 3347 fulgor
1844 3276 2188 3345 relinquitur,

2298 3294 2388 3330 νου
2417 3276 2532 3346 φῶς
2558 3276 2655 3348 τὴν
2692 3280 2757 3347 τῇ
2786 3255 2895 3330 τοῦ
2934 3277 3182 3346 μείζονος
3225 3278 3465 3349 ἀμετρίᾳ
3492 3277 3900 3348 παραχωροῦν·

591 3370 673 3425 sic
717 3369 986 3424 lucidiore
1019 3370 1174 3424 nobis
1219 3370 1449 3424 scientia
1502 3379 1812 3438 apportata,
1867 3370 2048 3423 minor
2094 3370 2194 3423 aii-

589 3464 810 3529 quando
853 3461 1231 3516 evacuabitur.
1268 3462 1361 3514 Ait
1407 3470 1462 3514 et
1513 3459 1767 3516 Christus
1801 3462 2007 3516 sanctis
2058 3476 2190 3530 apo-

589 3552 744 3609 stolis
773 3569 788 3608 :
823 3571 841 3604 ι
865 3551 991 3607 ίιαξο
1019 3553 1072 3607 in
1106 3553 1412 3623 proverbiis
1447 3553 1656 3609 locutus
1687 3570 1806 3610 sum
1840 3553 2194 3609 vobis.Venit

591 3645 747 3710 liora,
790 3646 1004 3715 quando
1037 3659 1145 3700 non
1172 3644 1283 3713 jam
1316 3647 1366 3698 in
1421 3647 1727 3716 proverbiis
1771 3645 1964 3715 loquar
2013 3645 2188 3708 vobis,

591 3736 687 3792 sed
745 3736 923 3806 palam
975 3737 1042 3791 de
1093 3734 1257 3790 Patre
1310 3751 1431 3791 meo
1489 3738 1828 3790 annnntiabo
1883 3737 2037 3790 vobis
2062 3737 2126 3788 ".
2166 3754 2185 3788 ι

591 3829 956 3896 Quamobrem
983 3830 1190 3886 sanctis
1212 3829 1303 3900 qui
1325 3844 1518 3884 nomen
1542 3828 1634 3883 Dci
1657 3828 1853 3882 eximie
1876 3828 2188 3894 timuerunt,

589 3931 646 3974 et
702 3920 881 3976 adhuc
934 3935 1223 3990 corporum
1277 3921 1473 3976 inclusi
1531 3920 1885 3988 compagibus
1932 3919 1986 3972 in
2043 3919 2189 3972 omni

591 4025 796 4081 genere
849 4012 1069 4069 virtutis
1131 4013 1320 4069 sedulo
1388 4013 1786 4078 elaborarunt,
1845 4011 2014 4066 instar
2063 4011 2191 4065 solis

591 4102 875 4173 cujusdam
918 4104 1145 4174 iustitiae
1175 4105 1432 4160 Christus
1475 4104 1743 4167 illucebit,
1780 4101 2190 4172 perfectissima

590 4196 838 4252 scientia:
886 4199 1070 4252 radios
1120 4199 1450 4261 immittens,
1503 4206 1557 4251 et
1618 4210 1940 4266 quacunque
1998 4195 2190 4248 anima:

589 4287 966 4344 imbecillitate
1002 4303 1068 4343 ac
1113 4287 1376 4357 languore
1410 4302 1504 4340 eos
1541 4285 1746 4346 levans,
1786 4293 1841 4336 et
1878 4297 1908 4337 a
1960 4284 2187 4354 pristina

591 4380 947 4435 tribulatione
994 4378 1313 4449 longissime
1364 4377 1702 4446 disjungens.
1756 4373 1869 4429 Hoc
1925 4377 2068 4431 enim
2107 4385 2191 4430 est

591 4471 737 4540 quod
766 4471 881 4525 ait:
918 4488 937 4523 ι
975 4468 1196 4525 Sanitas
1230 4481 1314 4525 est
1356 4471 1410 4524 in
1448 4469 1572 4535 alis,
1607 4484 1700 4523 seu
1734 4468 1929 4539 pennis
1954 4466 2072 4538 ejus
2108 4481 2123 4523 :
2164 4486 2181 4519 ι

2297 3371 2389 3424 καὶ
2419 3369 2608 3440 ὥσπερ
2651 3369 2804 3439 ήλίου
2851 3368 2951 3440 τὴν
2992 3369 3082 3422 ὑπ’
3127 3369 3357 3440 οὐρανὸν
3408 3369 3898 3435 καταυγάξοντος.

2295 3460 2533 3530 ἀδρανὴς
2600 3459 2699 3532 ήδη
2754 3476 2872 3522 πως
2931 3460 2965 3530 ή
3031 3459 3138 3512 τῶν
3200 3459 3445 3530 ἀστέρων
3493 3459 3900 3513 ἀπολέλειπται

2294 3553 2617 3625 λαμπρότης
2635 3569 2648 3584 ·
2680 3552 2821 3605 οὕτω
2848 3551 3212 3623 φαιδροτέρας
3235 3553 3367 3622 ἡμῖν
3389 3553 3896 3622 είσκεκομισμένης

2293 3645 2550 3714 γνώσεως
2577 3643 3060 3714 καταργηθήσεταί
3095 3661 3212 3707 πως
3246 3645 3278 3714 ή
3313 3643 3649 3714 μείων.Ἕφη
3683 3644 3756 3697 δέ
3792 3663 3896 3698 που

2294 3736 2390 3792 καὶ
2437 3737 2466 3788 6
2510 3735 2748 3806 Χριστὸς
2779 3738 2890 3798 τοῖς
2932 3735 3110 3803 ἀγίοις
3143 3735 3498 3800 ἀποστόλοις·
3543 3756 3562 3788 ι
3599 3736 3803 3790 Ταῦτα
3839 3739 3894 3789 ἑν

2295 3827 2620 3900 παροιμίαις
2654 3827 2926 3898 λελάληκα
2950 3829 3098 3898 ὑμῖν.
3129 3829 3390 3899 Ἔρχεται
3414 3828 3550 3899 ῶρα,
3577 3830 3662 3883 ὅτε
3689 3831 3894 3882 οὐκέτι

2293 3925 2350 3976 ἐν
2387 3919 2709 3992 παροιμίαις
2742 3921 2960 3990 λαλήσω
2997 3920 3134 3991 πρὸς
3176 3921 3357 3990 ὑμᾶς·
3403 3920 3518 3974 ἀλλ’
3557 3921 3614 3974 ἐν
3658 3925 3892 3992 παρῤη-

2292 4015 2386 4086 σίᾳ
2426 4015 2553 4085 περὶ
2589 4013 2682 4067 τοῦ
2715 4013 2928 4084 [ἰατρὸς
2954 4013 3241 4080 ἀναγγελῶ
3278 4013 3428 4084 ὑμῖν.
3467 4032 3485 4063 ι
3529 4013 3744 4066 Οὐκοῦν
3779 4018 3891 4075 τοίς

2291 4107 2488 4177 ἀγίοις,
2509 4107 2557 4160 οἳ
2591 4111 2685 4159 καὶ
2711 4105 2913 4175 σφόδρα
2942 4105 3280 4176 πεφόϐηνται
3302 4105 3364 4158 τὸ
3390 4105 3560 4175 ὄνομα
3590 4104 3679 4158 τοῦ
3713 4105 3890 4170 Θεοῦ,

2292 4199 2387 4252 καὶ
2427 4198 2646 4268 ἀπάσης
2684 4197 2883 4268 ἀρετῆς
2938 4196 3270 4266 ἐπιμεληταὶ
3312 4197 3599 4265 γεγόνασιν
3642 4197 3697 4248 ἐν
3745 4197 3890 4267 τῷδε

2290 4291 2369 4363 τῷ
2400 4292 2590 4362 κόσμῳ
2632 4288 2868 4361 Χριστὸς
2898 4288 3231 4359 ἀναλάμψει,
3267 4288 3520 4360 καθάπερ
3551 4305 3634 4354 τις
3663 4288 3887 4343 δικαιο-

2293 4384 2458 4456 σύνης
2509 4383 2659 4454 ἥλιος
2715 4383 2811 4454 τῆς
2855 4381 3201 4454 τελειοτάτης
3250 4379 3500 4451 γνώσεως
3552 4379 3650 4445 τὰς
3695 4381 3889 4450 αὐγάς

2291 4478 2484 4542 ἐνιεὶς,
2543 4477 2640 4529 καὶ
2703 4475 2925 4546 ἀπάσης
2977 4475 3177 4540 αὐτοὺς
3228 4474 3587 4529 ἀπαλλάττων
3631 4474 3886 4545 ψυχικῆς

598 4562 754 4631 quasi
789 4562 857 4616 de
900 4563 1098 4631 aquilis
1137 4571 1191 4616 et
1221 4562 1386 4630 pullis
1427 4577 1613 4616 earum
1650 4559 1984 4631 loqueretur,
2026 4560 2184 4630 juxta

2295 4570 2601 4645 ἀρρωστίας
2623 4610 2638 4634 ,
2684 4569 2780 4622 καὶ
2814 4568 3050 4638 θλίψεως
3100 4568 3200 4639 τῆς
3241 4569 3476 4640 ἀρχαίας
3507 4567 3582 4630 ώς
3617 4567 3886 4620 ἀπατάτω

591 4652 720 4708 illud
747 4652 867 4707 sine
892 4653 1075 4718 dubio,
1110 4655 1254 4724 quod
1281 4668 1376 4723 per
1407 4651 1593 4707 Mosen
1625 4652 2084 4722 sapientissimum
2115 4654 2182 4708 de

2295 4663 2483 4726 τιθείς.
2515 4661 2689 4716 Τοῦτο
2716 4659 2825 4732 γάρ
2855 4661 2972 4713 ἐστι
3001 4660 3095 4713 τό⁹
3133 4679 3151 4711 ι
3179 4660 3350 4723 Ἴασις
3380 4658 3437 4711 ἐν
3469 4659 3588 4720 ταῖς
3617 4655 3888 4728 πτέρυξιν

593 4748 723 4816 Deo,
752 4756 807 4802 et
828 4747 894 4802 de
925 4747 1170 4803 liberatis
1194 4749 1261 4803 ab
1284 4745 1523 4820 Egypto
1545 4747 1810 4818 prolatum
1843 4756 1925 4802 est
1949 4763 1962 4801 :
1991 4765 2008 4798 ι
2030 4746 2182 4803 Sicut

2289 4753 2458 4810 αὐτοῦ
2482 4769 2496 4785 ο
2529 4747 2642 4807 οἷον
2679 4753 2757 4817 ὡς
2810 4753 2898 4806 ἐπ’
2929 4750 3089 4806 ἀετοῦ
3134 4751 3225 4806 καὶ
3282 4749 3511 4805 νεοττῶν
3561 4750 3883 4820 εἰρημένον,

591 4838 774 4908 aquila
800 4839 1076 4909 cooperiet
1099 4838 1282 4895 nidum
1331 4855 1512 4896 suum.
1557 4839 1880 4908 Expandens
1908 4839 2021 4893 alas
2051 4854 2180 4894 suas

2295 4849 2406 4902 κατ’
2433 4846 2613 4902 ἐκεῖνό
2653 4863 2756 4900 που
2799 4845 3038 4908 πάντως,
3086 4843 3148 4898 τὸ
3181 4843 3270 4898 διὰ
3311 4841 3408 4900 τοῦ
3440 4842 3714 4910 πανσόφου
3751 4841 3886 4896 Mui-

590 4931 832 5000 suscepit
859 4946 952 4987 eos
997 4932 1068 4988 ”.
1103 4949 1123 4984 ι
1163 4932 1281 4988 Erit
1328 4933 1520 5005 igitur,
1566 4932 1761 5002 inquit,
1819 4949 1840 4984 ι
1881 4932 2088 4987 sanitas
2121 4932 2174 4985 in

2295 4941 2428 5000 σὲως
2458 4939 2789 5012 λελεγμένον
2825 4939 2960 5012 περὶ
3001 4936 3170 5004 Θεοῦ,
3213 4937 3310 4991 καὶ
3351 4934 3460 4992 τῶν
3496 4933 3558 5000 ἐξ
3593 4932 3883 5004 Αἰγύπτου

590 5026 787 5094 pennis
821 5023 958 5094 ejus.
991 5042 1012 5077 ι
1069 5025 1125 5081 In
1171 5027 1276 5082 boc
1324 5027 1468 5082 enim
1507 5026 1707 5081 seculo
1750 5025 2085 5079 exsultantes
2122 5025 2175 5079 in

2295 5034 2726 5106 λελυτρωμένωνο
2751 5051 2772 5086 ι
2793 5031 2879 5096 Ὠς
2911 5031 3068 5096 ἀετὸς
3097 5028 3366 5083 σκεπάσει
3399 5026 3622 5089 νοσσιὰν
3650 5024 3880 5082 ἐαυτοῦ·

593 5114 750 5172 nobis
777 5117 961 5172 carnis
995 5126 1169 5173 motus
1203 5131 1534 5188 magnopere
1571 5117 1860 5181 sentinms,
1889 5116 1981 5185 qui
2026 5131 2178 5169 men-

2283 5122 2418 5185 διεὶς
2441 5124 2541 5186 τάς
2572 5122 2850 5194 πτέρυγας
2873 5119 3063 5186 αὐτοῦ,
3105 5118 3328 5187 ἐδέξατο
3355 5115 3574 5181 αὐτούς.
3617 5134 3637 5168 ›
3677 5115 3880 5180 Ἔσται

593 5218 702 5264 tem
731 5210 798 5264 ad
827 5210 1176 5266 inconcessas
1208 5210 1380 5284 868
1411 5210 1718 5280 voluptates
1743 5211 2100 5276 exsuscitant,
2126 5217 2183 5264 et

2295 5215 2488 5279 τοίνυν,
2520 5215 2657 5287 φησὶ
2678 5253 2695 5281 ,
2733 5231 2753 5266 ι
2782 5215 2879 5269 καὶ
2911 5212 3051 5278 ῐασις
3091 5213 3153 5269 ἐν
3187 5213 3309 5275 ταῖς
3337 5209 3599 5280 πτέρυξιν
3625 5207 3816 5262 αὐτοῦ.
3855 5225 3874 5257 ο

592 5307 746 5362 saevit
784 5307 837 5361 in
885 5307 1147 5362 membris
1198 5307 1403 5361 uoStris
1438 5305 1644 5375 peccati
1696 5305 1783 5359 lex
1829 5302 1896 5368 “,
1935 5304 2181 5374 quamvis

590 5399 807 5454 Christo
832 5400 1124 5471 adjuvante
1163 5408 1474 5454 sanctorum
1506 5397 1875 5451 moderatione
1910 5395 2177 5450 interdum

2299 5308 2387 5360 ‘Ev
2436 5305 2538 5376 μὲν
2581 5305 2690 5374 γὰρ
2735 5303 2813 5376 τῷ
2861 5303 3021 5358 αἰῶνι
3063 5303 3238 5375 τούτῳ
3279 5303 3431 5361 δεινά
3473 5300 3589 5364 πώς
3636 5303 3784 5358 ἐστιν
3821 5301 3879 5352 ἐν

2291 5401 2423 5469 ἡμῖν
2460 5399 2557 5469 τῆς
2583 5397 2784 5463 σαρκὸς
2814 5395 2883 5449 τά
2910 5396 3261 5468 σκιρτήματα
3279 5411 3295 5427 ο
3322 5391 3623 5463 καταθήγει
3646 5391 3759 5459 γάο
3783 5389 3878 5444 τὸν

653 5576 672 5607 ⁷
715 5577 734 5633 l
775 5579 902 5635 Cor.
947 5596 984 5643 t,
1026 5579 1077 5633 5.
1122 5579 1209 5634 ¹⁸Ι
1243 5579 1366 5636 Cor.
1412 5594 1533 5645 xm,
1581 5577 1666 5631 12.
1713 5577 1753 5608 ⁸⁸
1787 5575 1918 5630 ibid.
1964 5573 2053 5628 10.
2095 5573 2188 5627 ¹⁰Ι

2295 5614 2308 5627 .
2349 5575 2391 5605 ¹¹
2419 5573 2550 5629 ibid.
2591 5573 2647 5627 8.
2728 5573 2771 5604 ³³
2806 5571 2966 5628 Joan.
3007 5586 3118 5640 xvr,
3156 5571 3246 5626 25.
3287 5570 3332 5605 ”
3371 5569 3526 5624 Deut.
3569 5582 3745 5634 xxx",
3782 5573 3874 5620 τι.

593 5647 639 5679 ’⁸
678 5649 832 5706 Rom.
868 5665 964 5715 vn,
1005 5651 1094 5704 25.

668 5785 739 5854 (Ι)
773 5785 1072 5844 Cotclcrius
1103 5787 1365 5860 (Monum.
1433 5783 1579 5840 Eccl.
1617 5780 1710 5838 Cr.
1743 5780 1826 5851 II,
1885 5781 2012 5852 619)
2079 5780 2190 5850 conj

2295 5818 2297 5831 ι
2368 5780 2820 5852 ἐντεχνεστάτους
2879 5781 2966 5838 vel
3032 5779 3470 5851 ευτεχνοτάτους,
3511 5775 3869 5830 doctissimos.

594 5857 754 5916 Eutr.
