4070 6534
647 354 754 410 565

647 479 757 546 ipse
806 472 1136 542 pl‘tdiCahat
1185 489 1200 526 :

571 586 576 591 ·
643 571 805 622 tacite
841 566 1065 621 settritas
1109 567 1198 620 Dei
1240 567 1414 620 nostri
1461 565 1544 631 ³¹;
1579 575 1598 618 ι
1632 568 1702 621 ita
1741 579 1795 622 et
1829 569 2042 622 divinus
2077 566 2219 622 Elias

642 661 877 715 vicinum
903 657 1017 728 jam
1041 667 1165 712 tunc
1191 658 1526 728 praedicabit,
1553 667 1606 713 et
1629 659 1740 727 jam
1765 659 1874 728 jam
1897 659 2215 724 all‘uturum,

645 771 664 805 ι
696 761 754 806 ιιι
785 750 992 819 iudicet
1025 750 1212 806 orbem
1250 749 1302 804 in
1341 749 1574 817 justitia.
1613 769 1632 804 ι
1684 754 1760 806 Ac
1811 767 1954 807 nunc
1997 753 2214 822 quidem

639 844 871 898 fortasse
912 839 1176 896 dissident
1212 840 1456 909 quidam,
1491 850 1546 894 et
1593 841 1798 897 divisus
1837 852 1920 896 est
1968 853 2122 912 pater
2158 842 2211 897 in

638 931 828 1004 lilium,
877 931 1019 985 illius
1058 940 1234 983 autem
1291 930 1341 982 in
1389 941 1594 999 patrem
1627 946 1782 984 suum
1820 932 1886 986 ⁸³.
1936 930 2036 987 Hic
2067 933 2210 986 enim

636 1027 865 1080 credidit
908 1023 958 1076 in
1003 1022 1302 1084 Christum,
1331 1023 1418 1074 ille
1469 1025 1521 1076 in
1564 1023 1826 1091 apostolis
1859 1034 2207 1090 numeratur;

633 1118 723 1171 alii
749 1115 1010 1169 dissident
1033 1113 1297 1168 charitate
1329 1125 1539 1176 mutua,
1561 1115 1718 1168 divisi
1753 1126 1971 1184 propter
2001 1116 2206 1181 odium,

631 1217 688 1266 et
714 1218 999 1279 perpetuas
1041 1206 1177 1266 iras,
1209 1219 1262 1261 et
1299 1208 1678 1261 contentiones
1707 1223 1868 1277 super
1889 1223 2209 1278 quocunque

631 1303 818 1356 mundi
851 1299 1084 1364 negotio.
1135 1297 1404 1351 Restimet
1449 1307 1626 1352 autem
1661 1302 1943 1367 propheta,
1985 1310 2039 1354 et
2075 1301 2204 1354 olim

629 1393 1005 1461 discrepantes
1029 1390 1096 1444 ad
1130 1405 1288 1442 unam
1321 1387 1477 1440 ﬁdem
1509 1403 1800 1453 revocans,
1850 1407 1867 1440 ι
1905 1400 1956 1443 et
1986 1405 2208 1443 conver-

629 1496 749 1538 tens
795 1481 1065 1537 hominem
1121 1480 1186 1533 ad
1251 1481 1558 1549 proximum
1612 1495 1791 1543 suum,
1847 1493 1914 1532 ne
1968 1481 2202 1545 veniam,

625 1576 819 1644 inquit,
845 1585 900 1628 et
931 1574 1228 1641 percutiam
1264 1583 1462 1624 terram
1489 1571 1726 1639 penitus,
1750 1590 1769 1622 r
1796 1573 1896 1625 hoc
1925 1583 2028 1634 est,
2055 1573 2200 1625 omni

621 1669 834 1724 ratione
875 1675 928 1719 et
967 1663 1311 1718 omnimodis.
1356 1661 1512 1717 Vides
1558 1664 1720 1732 igitur
1769 1665 2040 1717 lenitatem
2094 1665 2199 1718 Do-

626 1761 756 1813 mini
786 1758 1051 1813 omnium.
1084 1753 1244 1808 Prius
1275 1764 1466 1808 auctor
1500 1763 1581 1806 est
1613 1754 1948 1816 mortalibus,
1994 1763 2046 1808 et
2079 1770 2199 1824 pro-

1626 355 1686 410 S‘.
1725 355 1999 413 ειιιιιιι
2037 355 2501 412 ALEXANDRINI
2540 357 2857 413 ARCllth.
3792 361 3890 416 τοι

1249 489 1275 526 ι
1309 470 1503 528 Parate
1553 473 1692 528 viam
1749 473 1987 541 Domini,
2044 485 2178 529 recta

2283 473 2590 546 ,Ἰωάννης
2651 474 2918 546 προῆλθεν
3000 493 3016 526 ι
3062 474 3119 529 ἐν
3170 472 3439 546 πνεύματι
3507 493 3599 528 κα.
3663 475 3889 546 δυνάμει

2332 567 2530 620 Ἡλίου.
2567 586 2584 617 ι
2647 568 2785 620 Ἀλλ’
2837 568 3024 638 ῶσπερ
3088 569 3247 632 αὐτὸς
3305 568 3619 640 διεκήρυττε
3683 567 3888 637 λέγων·

2323 673 2340 705 ι
2366 655 2721 726 Ἑτοιμάσατε
2747 658 2845 726 τὴν
2874 657 2991 710 ὁδὸν
3032 659 3258 728 Κυρίου,
3288 658 3502 722 εὐθείας
3547 662 3753 711 ποιεῖτε
3793 662 3890 720 τὰς

2315 745 2536 816 τρίϐους
2575 745 2669 799 τοῦ
2719 746 2854 800 Θεοῦ
2905 747 3095 818 ἡμῶν
3127 765 3149 800 r
3200 747 3342 801 οῦτω
3381 749 3475 802 καὶ
3524 751 3553 802 ό
3603 747 3888 813 θεσπέσιος

2327 839 2514 902 Ἠλίας
2538 838 2705 908 ἐγγὺς
2741 838 2869 892 ὅντα
2895 837 3209 910 διακηρύξει
3235 839 3374 904 τότε,
3411 840 3504 892 καὶ
3525 839 3647 892 ὅσον
3671 839 3884 893 οὐδέπω

2313 932 2708 1002 παρεσόμενον,
2755 949 2772 982 ι
2815 932 2902 983 ἵνα
2932 931 3092 1004 κρίνῃ
3119 930 3215 1002 τὴν
3237 932 3563 1002 οἰκουμένην
3589 931 3646 986 ἐν
3676 931 3880 984 δικαιο-

2314 1021 2467 1094 σύνῃ.
2502 1040 2520 1074 ι
2564 1022 2673 1074 Καὶ
2708 1021 2800 1073 νῦν
2846 1021 2948 1092 μέν
2977 1021 3106 1085 ἴσως
3141 1022 3436 1093 διχονοοῦσί
3458 1041 3623 1086 τινες,
3657 1023 3757 1076 καὶ
3791 1041 3880 1092 μευ

2315 1112 2566 1181 μέρισται
2605 1113 2702 1182 μὲν
2742 1113 2923 1182 πατὴρ
2948 1113 3088 1183 πρὸς
3115 1115 3250 1178 υιδν,
3277 1115 3389 1176 υίὸς
3413 1115 3468 1168 δὲ
3501 1115 3576 1178 ὡς
3611 1116 3750 1185 πρὸς
3781 1133 3879 1168 πα·

2308 1206 2461 1276 τέρα.
2494 1206 2551 1258 Ὀ
2574 1204 2672 1274 μὲν
2704 1204 2816 1274 γὰρ
2853 1206 3217 1258 πεπίστευκεν
3243 1207 3321 1269 είς
3349 1207 3603 1276 Χριστὸν,
3622 1209 3648 1260 ὀ
3678 1209 3737 1260 δὲ
3771 1213 3877 1271 toi;

2307 1295 2621 1357 ἀποστόλοις
2673 1297 2818 1348 ἐστὶν
2859 1296 3200 1367 ἐναρίθμιος,
3249 1298 3426 1366 ἕτεροι
3466 1297 3522 1350 δὲ
3563 1297 3874 1368 διεστήκασι

2305 1387 2402 1456 τῆς
2431 1385 2674 1456 ἀλλήλων
2705 1387 2945 1455 ἀγάπης,
2993 1387 3357 1457 διεσχισμένοι
3384 1388 3518 1459 πρὸς
3551 1389 3754 1460 ἔχθραν
3783 1391 3872 1442 καὶ

2304 1476 2711 1546 ἀκαταλήκτους
2757 1477 2926 1548 ὀργὰς
2979 1478 3071 1531 καὶ
3135 1479 3232 1540 τὰς
3285 1477 3370 1546 ἐφ’
3414 1477 3616 1549 ότῳοῦν
3659 1479 3775 1530 τῶν
3818 1483 3874 1530 ἐν

2304 1565 2494 1635 κόσμῳ
2536 1565 2875 1636 πραγμάτων
2909 1565 3257 1635 φιλονεικίας.
3299 1569 3770 1639 Ἀποκαταστήσει
3810 1586 3869 1637 γε

2305 1660 2410 1729 μὴν
2433 1661 2460 1712 ὁ
2480 1659 2764 1728 προφήτης
2784 1699 2799 1724 ,
2827 1660 2920 1711 καὶ
2951 1661 3030 1721 εἰς
3064 1659 3192 1728 μίαν
3215 1661 3466 1727 συνάγων
3499 1660 3678 1712 πίστιν
3705 1661 3868 1714 πάλαι

2301 1750 2684 1821 διῃρημένους,
2721 1769 2739 1800 ι
2778 1752 2867 1803 καὶ
2900 1749 3269 1812 ἀποκαθιστὰς
3300 1751 3587 1822 ἄνθρωπον
3613 1749 3753 1822 πρὸς
3782 1752 3868 1804 τὸν

625 1851 909 1920 pemodum
954 1855 1290 1918 protestatur
1330 1859 1424 1914 per
1451 1859 1640 1897 vocem
1690 1845 1836 1909 Elite,
1864 1860 1922 1899 se
1959 1845 2178 1915 judicen

2299 1843 2526 1913 πλησίον
2557 1841 2740 1904 αὑτοῦ,
2776 1841 2861 1895 ἵνα
2894 1842 2970 1913 μὴ
2999 1841 3157 1904 ἔλθω,
3191 1845 3345 1914 φησι,
3379 1845 3473 1897 καὶ
3511 1842 3736 1906 πατάξω
3771 1843 3865 1912 τὴν

620 1950 932 2001 venturum,
973 1945 1028 1991 ut
1068 1936 1313 1989 conversi
1360 1935 1425 1987 ad
1465 1935 1685 1988 meliora
1724 1944 1779 1989 et
1828 1937 1989 1988 vitam
2041 1951 2190 1990 suam

618 2032 970 2085 emendantes
1000 2031 1090 2098 qui
1118 2038 1244 2082 tunc
1276 2027 1509 2095 vixerint
1555 2029 1606 2080 in
1643 2028 1822 2091 terris,
1874 2029 1925 2080 in
1964 2030 2188 2098 rigidum

613 2125 847 2194 judieem
901 2137 968 2176 ne
1015 2123 1277 2182 incidant,
1330 2134 1360 2172 a
1413 2135 1518 2188 qtto
1567 2120 1618 2171 in
1675 2117 1920 2174 ﬂammas
1967 2138 1986 2172 ι
2030 2132 2084 2175 et
2136 2123 2187 2176 in

618 2217 870 2273 tenebras
903 2213 1203 2268 exteriores
1239 2211 1521 2264 mittantur
1547 2209 1625 2274 ³⁸;
1661 2229 1678 2262 ι
1739 2213 1959 2266 audiam
2007 2223 2184 2267 ειιιειιι

615 2307 793 2377 potius
830 2323 843 2358 :
885 2322 904 2354 ι
951 2303 1174 2362 Venite,
1222 2300 1492 2354 benedicti
1537 2299 1713 2355 Patris
1755 2301 1893 2365 mei,
1933 2301 2193 2370 percipitc

615 2409 858 2466 paratum
892 2394 1046 2448 vobis
1073 2407 1296 2460 regnum
1329 2406 1357 2442 a
1389 2391 1773 2444 constitutione
1810 2393 1992 2445 mundi
2029 2392 2094 2448 ³⁸.
2131 2411 2149 2442 ι

2298 1937 2404 2003 γῆν
2441 1935 2640 2004 ἄρδην,
2678 1954 2695 1984 ι
2755 1934 3035 1986 τουτέστιν
3072 1934 3380 2005 ὁλοτρόπως
3429 1934 3524 1988 καὶ
3564 1934 3860 1996 παντελῶς·

2310 2026 2470 2098 Ὁρᾷς
2493 2023 2586 2078 οὖν
2616 2025 2722 2094 ἄρα
2748 2025 2847 2095 τὴν
2873 2025 3188 2096 ἡμερότητα
3209 2026 3302 2080 τοῦ
3325 2028 3542 2080 πάντων
3572 2027 3859 2079 Δεσπότου.

2297 2118 2695 2190 Προαναπείθει
2724 2119 2848 2182 τοὺς
2880 2119 2974 2170 ἐπὶ
3001 2119 3097 2189 τῆς
3139 2121 3262 2190 γῆς,
3297 2121 3389 2173 καὶ
3435 2120 3719 2190 μονονουχὶ
3749 2120 3859 2172 δια-

2300 2210 2632 2281 μαρτύρεται
2679 2210 2765 2263 διὰ
2815 2213 2913 2281 τῆς
2972 2211 3152 2265 Ἠλίου
3197 2211 3417 2281 φωνῆς,
3463 2212 3544 2264 ὅτι
3599 2211 3858 2280 παρέσται

2292 2302 2504 2372 κριτὴς,
2554 2303 2642 2356 ἵνα
2689 2305 2809 2365 ταῖς
2862 2305 2942 2365 είς
2987 2303 3049 2356 τὸ
3092 2303 3314 2374 ἄμεινον
3357 2302 3725 2373 μεταδρομαῖς
3775 2301 3859 2354 τὸν

2291 2395 2489 2446 οἰκεῖον
2538 2392 2965 2464 ἐπανορθοῦντες
3001 2394 3116 2464 βίον
3157 2396 3208 2446 oi
3249 2393 3310 2446 τὸ
3357 2393 3611 2464 τηνικάδε
3662 2391 3857 2455 ζῶντες

610 2491 704 2544 ἐπὶ
736 2487 836 2557 τῆς
874 2486 1012 2557 γῆς,
1052 2483 1127 2555 μὴ
1189 2483 1372 2554 πικρῷ
1441 2483 1784 2554 περιτύχοιεν
1832 2484 2092 2556 δικαστῇ,
2144 2485 2418 2556 πέμποντι
2477 2485 2611 2558 πρὸς
2633 2485 2823 2554 φλόγα,
2853 2505 2870 2536 ι
2929 2487 3023 2538 καὶ
3051 2487 3129 2550 είς
3153 2485 3214 2537 τὸ
3243 2485 3436 2547 σκότος
3459 2484 3518 2537 τι
3538 2483 3851 2551 ἐξῶτερον.ι

621 2581 934 2635 ⁹Ακούσιῑιαν
965 2577 1023 2631 δὲ
1064 2578 1264 2647 μᾶλλον
1284 2593 1296 2606 ·
1337 2595 1354 2627 ι
1386 2575 1570 2640 Δεῦτε,
1604 2580 1650 2630 oi
1695 2577 2047 2648 εὐλογημένοι
2076 2578 2170 2631 τοῦ

611 2672 886 2746 βασιλείαν
919 2670 1026 2723 ἀπὸ
1049 2667 1355 2737 καταϐολῆς
1386 2668 1611 2736 κόσμου.
1656 2687 1675 2719 ι

680 2762 846 2819 Vsus.
903 2761 960 2814 4.
1004 2759 1321 2814 Mementote
1368 2761 1496 2827 legis
1535 2759 1673 2812 Mosi
1711 2762 1843 2814 servi
1889 2763 2010 2826 mei,
2045 2762 2179 2815 sicut

2246 2580 2458 2650 Πατρός
2490 2597 2614 2650 μου,
2685 2578 3120 2649 κληρονομήσατι
3151 2579 3250 2649 τὴν
3288 2575 3698 2649 ἡτοιμασμένην
3730 2575 3852 2644 ὑμῖν

2359 2756 2682 2824 Μνήσθητε
2704 2755 2889 2823 νόμου
2917 2751 3103 2819 Mrem";
3148 2750 3254 2805 τοῦ
3284 2750 3507 2804 δούλου
3535 2769 3675 2821 μου.
3718 2769 3853 2809 καο-

605 2856 830 2927 prccepi
872 2854 920 2908 ei
955 2855 1009 2906 in
1062 2849 1237 2905 Horeb
1279 2851 1347 2904 ad
1394 2865 1596 2904 onmem
1646 2848 1815 2905 Israel
1845 2865 2101 2923 precepta
2135 2863 2178 2907 οι

2287 2849 2374 2901 ὁτι
2401 2847 2787 2916 ἐνετειλάμην
2812 2845 2971 2910 αὐτῷ
2999 2845 3069 2898 ἐν
3115 2844 3326 2912 Χωρὴό
3356 2844 3506 2912 πρὸς
3531 2844 3729 2898 πάντα
3754 2848 3853 2900 τὸν

601 2944 829 3015 judicia.

679 3018 863 3090 XLVI.
901 3031 1136 3087 Rursum
1165 3031 1356 3086 suadet
1389 3031 1664 3102 propheta:
1691 3047 1970 3088 sermones
2000 3033 2181 3101 legen-

606 3128 752 3182 tibus
774 3126 847 3180 ttti
873 3123 1131 3194 cogitent,
1157 3138 1260 3177 non
1290 3137 1480 3177 novam
1507 3133 1598 3177 aut
1621 3123 1989 3178 inconsuetam
2019 3141 2180 3194 super

603 3217 824 3270 Christo
866 3213 1306 3284 praedicationem
1350 3228 1471 3268 esse
1512 3212 1733 3278 laetam,
1771 3231 1943 3284 neque
1985 3231 2015 3269 a
2064 3218 2179 3270 solo

605 3303 861 3359 ilalachia
901 3305 1313 3372 praenuntiatam
1337 3341 1354 3367 ,
1402 3305 1496 3357 sed
1528 3305 1594 3357 ab
1625 3304 1860 3373 antiquis
1896 3315 1952 3359 et
1989 3308 2178 3375 primis

601 3395 952 3464 temporibus,
980 3401 1037 3447 ut
1081 3395 1154 3448 ita
1191 3394 1388 3458 dicatur,
1433 3394 1628 3462 quibus
1667 3399 1732 3451 ad
1785 3396 1875 3452 Dei
1928 3400 2173 3452 notitiam

601 3486 762 3540 Israel
803 3496 1024 3538 vocatus
1064 3492 1168 3547 est,
1206 3485 1604 3559 quamlo_leges
1650 3486 1703 3540 in
1745 3486 1886 3542 Oreb
1916 3488 2174 3545 divinitus

597 3577 766 3649 870
784 3579 906 3631 latae
925 3585 1070 3631 sunt.
1097 3576 1387 3630 Descendit
1406 3577 1548 3630 enim
1571 3577 1941 3633 universorum
1962 3580 2101 3634 Deus
2120 3584 2170 3634 in

599 3671 780 3741 specie
801 3669 941 3740 ignis
968 3683 1132 3738 super
1157 3679 1394 3722 montem
1419 3668 1570 3734 Sina,
1590 3673 1943 3740 apparuitque
1971 3671 2169 3734 firmus,

597 3771 654 3815 et
704 3762 934 3814 ﬂantum:
983 3759 1035 3813 in
1085 3759 1299 3813 snbluni
1351 3761 1636 3823 tniCanlcs,
1687 3771 1740 3815 et
1788 3763 2171 3830 aspicientibus

598 3852 826 3906 multum
859 3861 1119 3907 terrorem
1147 3852 1488 3906 incutientes.
1511 3853 1675 3908 Erant
1693 3855 1821 3908 item
1843 3857 2095 3917 tenebrae,
2117 3867 2170 3909 et

595 3942 793 4013 caligo,
821 3951 875 3996 et
901 3943 1159 4011 procella,
1193 3953 1244 3996 et
1269 3943 1476 3996 sonitus
1503 3945 1642 3998 tuba:
1668 3944 1856 4014 ingens
1877 3945 1964 3998 δ”.
1993 3945 2166 4008 Tunc,

597 4047 725 4091 tunc
760 4035 992 4105 perculsi
1033 4035 1226 4089 timore
1261 4035 1354 4088 lilii
1410 4035 1598 4099 Israel,
1642 4037 1972 4090 accedebant
2025 4038 2168 4091 dice-

591 4124 830 4194 bantque
888 4124 1170 4179 mediutori
1215 4135 1268 4179 et
1315 4126 1633 4189 institutori,
1677 4124 1811 4181 Mosi
1859 4129 2103 4184 videlicet
2149 4147 2160 4184 :

595 4235 615 4269 ι
651 4214 915 4286 Loquere,
936 4225 1010 4282 tu,
1039 4217 1289 4281 nobis,et
1309 4233 1411 4270 non
1431 4216 1683 4286 loquatur
1700 4218 1852 4272 nobis
1884 4220 2159 4286 Dominus,

2209 2923 2250 2980 (ἶ
2297 2940 2531 3004 Ἰσραὴλ
2563 2939 2984 3006 προστάγματα
3014 2937 3109 2990 καὶ
3131 2935 3513 3004 δικαιώματα.

2354 3029 2502 3096 MG'.
2542 3029 2846 3082 ’Λναπείθει
2878 3029 3037 3082 πάλιν
3064 3031 3264 3082 ἐννοεῖν
3289 3028 3415 3090 τοὺς
3440 3030 3848 3100 ἐντευξομένους

2279 3127 2392 3187 τοῖς
2430 3123 2523 3175 τοῦ
2565 3123 2842 3192 προφήτου
2883 3121 3060 3190 λόγοις
3087 3122 3167 3174 ὅτι
3197 3121 3272 3192 μὴ
3304 3121 3488 3174 καινὸν
3523 3122 3556 3191 ἢ
3589 3123 3846 3192 ἀσύνηθες

2279 3216 2339 3267 τὸ
2381 3214 2472 3267 ἐπὶ
2527 3214 2744 3285 Χριστῷ
2777 3214 2967 3283 γέγονε
3015 3216 3298 3286 κήρυγμα,
3333 3219 3466 3286 μήτε
3519 3218 3627 3287 μὴν
3664 3219 3844 3284 μόναις

2278 3309 2398 3369 ταῖς
2429 3306 2709 3376 Μαλαχίου
2753 3309 2956 3374 φωναῖς
2991 3307 3514 3378 προαπηγγελμένον
3535 3325 3550 3339 ·
3577 3309 3714 3362 ἀλλὰ
3741 3310 3845 3381 γὰρ

2276 3397 2482 3452 ἄνωθέν
2514 3415 2571 3449 τε
2603 3400 2696 3450 καὶ
2730 3398 2789 3462 ἐξ
2815 3398 3022 3468 ἀρχῆς,
3050 3400 3141 3451 καλ⁸
3178 3401 3244 3452 ἐκ
3273 3399 3525 3471 πρώτων.
3564 3401 3650 3455 ἵνα
3675 3402 3840 3466 οὕτως

2276 3490 2542 3559 εἴπωμεν,
2562 3489 2786 3570 χρόνων,
2807 3489 2927 3541 καθ’
2949 3489 3042 3553 οὓς
3068 3489 3323 3560 κέκληται
3355 3493 3490 3562 πρὶς
3519 3492 3838 3559 θεογνωσίαν

2273 3585 2301 3636 ὁ
2336 3581 2568 3653 Ἰσραὴλ,
2597 3582 2684 3633 ὅτε
2713 3581 2836 3643 τοὺς
2864 3582 2921 3633 ἐν
2943 3580 3144 3652 Χωρὴὸ
3175 3583 3608 3654 κεχρησμῲδηκε
3630 3585 3836 3655 νόμους.

2273 3674 2632 3742 Καταὸέὸηκε
2671 3673 2768 3744 μὲν
2790 3673 2896 3744 γὰρ
2920 3676 2948 3727 ό
2974 3674 3082 3728 τῶν
3111 3674 3245 3727 ὅλων
3281 3675 3410 3740 Θεὸς
3439 3679 3496 3728 ἐν
3522 3678 3653 3731 εῖδει
3676 3681 3837 3749 πυρδς

2271 3766 2362 3817 ἐπὶ
2390 3765 2450 3817 τὸ
2483 3765 2606 3834 όρος
2647 3765 2708 3818 τὸ
2753 3766 2905 3827 Σινᾶ,
2952 3765 3233 3835 ἐφαίνοντο
3261 3766 3317 3820 δὲ
3369 3771 3567 3822 καπνοὶ
3598 3771 3716 3840 μὲν,
3749 3774 3832 3822 καὶ

2271 3857 2468 3925 φλόγες
2494 3855 2629 3926 ὑψοῦ
2656 3873 2716 3909 τε
2749 3856 3084 3920 διάττουσαι,
3115 3858 3210 3911 καὶ
3241 3858 3375 3912 πολὺ
3405 3862 3516 3923 τοῖς
3550 3860 3832 3932 θεωμένοις

2269 3948 2590 4017 ἐμποιοῦσαι
2623 3947 2683 4001 τὸ
2716 3949 2896 4018 δεῖμα.
2933 3949 3130 4013 Σκότος
3170 3949 3227 4002 δὲ
3250 3946 3336 4021 ἦν,
3365 3953 3459 4005 καὶ
3493 3955 3710 4024 γνόφος,
3740 3959 3830 4010 καὶ

2269 4041 2485 4103 θύελλα,
2530 4043 2624 4095 καὶ
2674 4043 2825 4114 φωνὴ
2875 4042 2974 4112 τῆς
3017 4042 3338 4112 σάλπιγγος,
3381 4046 3626 4118 ἡκούσης
3673 4049 3823 4117 μέγα.

2265 4135 2400 4187 Τότε
2456 4134 2557 4204 δὴ,
2621 4135 2742 4187 τότε
2791 4135 3077 4204 περίφοϐοι
3135 4139 3414 4204 γεγονότες
3459 4140 3564 4192 υἱοὶ
3628 4141 3828 4212 Ἰσραὴλ

2267 4227 2580 4299 προσῄεσαν
2612 4226 2859 4296 λέγοντες
2886 4245 2964 4298 τῳ
2990 4231 3187 4302 μεσίτῃ
3218 4230 3309 4282 καὶ
3337 4229 3825 4300 παιδαγωγῷ(Μιο›-

590 4322 658 4363 ne
699 4307 994 4360 moriamur
1035 4305 1100 4359 ".
1135 4324 1153 4358 r
1205 4306 1286 4360 Ad
1319 4321 1438 4376 qua:
1489 4307 1670 4361 Deus:
1707 4325 1725 4359 t
1755 4308 1916 4374 Bene,
1967 4311 2158 4380 inquit,

2283 4286 2368 4389 rip;
2408 4286 2563 4383 οῦτος
2762 4340 2779 4370 ι
2808 4286 3084 4375 λάλειυσυ
3120 4286 3253 4392 πρὸς
3287 4325 3466 4393 ἡμᾶς,
3498 4286 3705 4396 καὶ.
3741 4326 3825 4377 λα-

586 4399 768 4454 umnia
807 4411 1142 4468 quaecunque
1189 4398 1352 4451 locuti
1397 4405 1541 4452 sunt.
1587 4398 1846 4453 Exeitabo
1889 4402 1994 4457 illis
2039 4419 2163 4472 pro-

586 4488 807 4560 phetam
833 4489 901 4543 de
930 4488 1188 4544 fratribus
1215 4490 1479 4558 ipsorum,
1511 4491 1650 4546 sicut
1686 4503 1755 4558 te,
1793 4504 1847 4547 ct
1871 4495 2010 4549 dabo
2039 4512 2160 4549 ver-

587 4581 716 4635 bum
753 4594 932 4635 meum
973 4579 1026 4634 in
1067 4595 1162 4635 ore
1187 4578 1324 4648 ejus,
1373 4594 1427 4636 et
1473 4582 1719 4652 loquetur
1747 4585 1826 4640 eis
1865 4589 2159 4640 secundum

581 4675 765 4725 otnnia
799 4685 917 4741 qua:
949 4674 1275 4726 mandavero
1313 4673 1361 4726 ei
1395 4671 1462 4727 ³⁷.
1502 4691 1520 4724 ρ
1552 4671 1714 4729 Vides
1741 4681 2012 4744 quomodo
2042 4678 2152 4747 jam

581 4782 612 4814 a
637 4763 1022 4818 vetustissimis
1043 4765 1379 4833 temporibus
1403 4763 1675 4819 Christum
1699 4781 1853 4821 sacra
1875 4766 2154 4838 Scriptura

579 4857 1000 4923 praenuntiavit?
1030 4855 1134 4911 Sed
1185 4867 1238 4912 et
1283 4858 1329 4913 si
1387 4859 1511 4928 quis
1557 4858 1778 4914 umbras
1825 4862 1967 4931 ipsas
2018 4863 2153 4932 legis

481 5007 486 5012 _
576 4948 892 5004 exatninare
919 4948 1171 5016 voluerit,
1221 4949 1500 5005 Christum
1541 4950 1596 5003 in
1643 4949 1709 5004 iis
1740 4962 1795 5006 et
1840 4956 2151 5024 mysterium

575 5039 692 5106 eius
734 5040 995 5109 scriptum
1025 5040 1416 5110 deprehendet.
1459 5041 1644 5111 itaque
1668 5043 1879 5099 dicebat
1906 5043 2148 5099 ludatis:

581 5153 600 5182 ι
637 5129 693 5186 Si
735 5133 1031 5187 crederetis
1077 5132 1236 5198 Mosi,
1286 5136 1577 5189 crederetis
1619 5135 1842 5190 forsitan
1875 5146 1929 5190 et
1959 5138 2087 5190 mihi
2131 5155 2146 5191 :

573 5224 642 5276 de
671 5237 756 5276 me
782 5223 937 5303 enim
963 5223 1052 5279 ille
1073 5225 1296 5294 scripsit
1323 5226 1386 5278 “‘.
1419 5245 1436 5278 ι
1468 5226 1748 5282 Plenitudo
1773 5227 1914 5282 enim
1941 5228 2074 5296 legis
2096 5239 2150 5284 et

575 5316 960 5382 prephetarum
1004 5316 1278 5382 Christus,
1311 5333 1406 5388 per
1448 5334 1632 5388 quem,
1671 5327 1871 5374 etcum
1903 5335 2011 5390 quo
2045 5321 2150 5375 Deo

571 5413 629 5460 et
661 5403 808 5461 Patri
837 5408 1028 5477 gloria,
1062 5425 1187 5464 cum
1221 5411 1568 5466 sanctissimo
1605 5410 1807 5482 Spiritu
1840 5412 1894 5466 in
1935 5427 2148 5468 munem

570 5500 951 5556 aeternitatem.
987 5502 1184 5556 Amen.

2263 4411 2425 4464 λείτω
2455 4412 2589 4482 πρὸς
2627 4413 2772 4482 ἡμᾶς
2796 4413 2824 4465 ό
2853 4413 3004 4478 Θεὸς,
3031 4414 3117 4466 ἵνα
3151 4414 3226 4486 μὴ
3261 4414 3643 4486 ἀποθάνωμεν.
3677 4437 3695 4466 ι
3728 4417 3824 4469 Καὶ

2263 4503 2329 4572 δὴ
2363 4504 2499 4574 πρὸς
2538 4502 2712 4556 ταῦτα
2745 4504 2912 4568 Θεός·
2960 4523 2978 4556 ι
3022 4505 3248 4575 Ὀρθῶς,
3293 4508 3464 4576 φησι,
3511 4507 3690 4560 πάντα
3735 4511 3823 4560 ὅσα

2267 4594 2555 4664 ἐλάλησαν.
2588 4595 2881 4666 Προφήτην
2915 4595 3097 4658 αὐτοῖς
3125 4596 3416 4666 ἀναστήσω
3448 4600 3511 4650 ὲκ
3541 4599 3652 4651 τῶν
3681 4599 3819 4651 ἀδελ-

2264 4685 2380 4756 φῶν
2406 4685 2582 4740 αὐτῶν
2613 4685 2800 4758 ῶσπερ
2836 4688 2917 4748 σὲ,
2951 4687 3045 4740 καὶ
3080 4687 3231 4759 θήσω
3259 4690 3384 4752 τοὺς
3406 4688 3597 4757 λόγους
3628 4708 3726 4762 μου
3752 4694 3818 4744 si:

2265 4778 2323 4830 τὸ
2359 4777 2534 4846 στόμα
2558 4777 2742 4842 αὑτοῦ,
2782 4779 2875 4831 καὶ
2905 4779 3122 4849 λαλήσει
3145 4779 3326 4842 αὐτοῖς
3348 4781 3490 4832 κατά
3526 4783 3704 4835 πάντα
3732 4783 3819 4834 ὅσα

2261 4869 2565 4940 ἐντέλωμαι
2624 4869 2796 4940 αὐτῷ.
2832 4887 2852 4922 ι
2915 4869 3076 4941 Ὁρᾷς
3127 4872 3275 4934 ὅπως
3321 4872 3386 4923 ἐκ
3445 4873 3677 4945 μακρῶν
3723 4874 3816 4926 τῶν

2259 4959 2466 5014 ἄνωθεν
2505 4959 2711 5029 χρόνων
2744 4961 3118 5030 προανεφώνει
3144 4961 3376 5032 Χριστὸν
3405 4963 3466 5016 τὺ
3503 4964 3740 5036 Γράμμα
3763 4964 3815 5017 τδ

2260 5051 2438 5121 ἱερόν;
2479 5049 2640 5104 ’Δλλὰ
2670 5051 2763 5103 καὶ
2807 5051 2978 5115 αὑτὰς
3022 5053 3072 5104 si
3113 5052 3177 5120 δὴ
3212 5053 3450 5123 βούλοιτό
3481 5071 3568 5118 τις
3603 5057 3703 5119 τὰς
3733 5053 3812 5107 τοῦ

2257 5143 2423 5214 νόμου
2449 5141 2763 5213 βασανίζειν
2780 5143 3203 5214 σκιὰς,Χριστὸν
3219 5145 3438 5215 εὑρήσει
3461 5147 3811 5217 γραφόμενον,

2257 5233 2352 5288 καὶ
2385 5234 2448 5286 τὸ
2474 5235 2563 5286 ἐπ’
2593 5232 2743 5304 αὺτῷ
2778 5237 3095 5306 μυστήριον.
3127 5237 3235 5288 Καὶ
3267 5235 3396 5303 γοῦν
3425 5237 3662 5305 ἔφασκεν
3698 5237 3811 5288 Ἰουο

2255 5322 2458 5386 δαίοις⁶
2510 5343 2529 5375 ι
2571 5324 2634 5376 Ei
2666 5327 2978 5378 ἐπιστεύετε
3024 5327 3194 5396 Μωσῇ
3222 5366 3238 5391 ,
3286 5327 3601 5380 ἐπιστεύετε
3639 5327 3702 5380 ἂν
3729 5325 3809 5379 καὶ

2256 5413 2398 5484 ἐμοί’
2434 5415 2560 5486 περὶ
2589 5411 2723 5483 ἐμοῦ
2744 5413 2853 5486 γὰρ
2876 5417 3081 5478 ἐκεῖνος
3107 5415 3334 5488 ἔγραψε.
3360 5436 3377 5467 ι
3413 5417 3691 5488 Πληρωμα
3715 5417 3811 5484 γὰρ

2256 5505 2423 5576 νόμου
2450 5506 2545 5558 καὶ
2576 5505 2871 5576 προφητῶν
2897 5508 2925 5559 ὁ
2951 5507 3186 5577 Χριστός
3213 5524 3228 5540 ο
3273 5507 3340 5560 δι’
3369 5502 3452 5572 οὗ,
3491 5507 3584 5562 καὶ
3617 5507 3728 5580 μεθ’
3755 5497 3807 5558 οὗ

568 5590 648 5664 τῷ
675 5591 794 5664 Θεῷ
837 5595 931 5648 καὶ
963 5596 1197 5669 Πατρὶσή
1227 5596 1351 5662 δόξα
1371 5639 1387 5664 ,
1421 5599 1518 5653 σὺν
1549 5598 1628 5670 τῷ
1669 5600 1921 5671 παναγίῳ
1965 5600 2241 5672 Πνεύματι
2271 5602 2350 5664 είς
2374 5601 2498 5665 τοὺς
2530 5600 2753 5664 αἰῶνας.
2798 5602 2989 5672 Ἀμήν.

642 5709 688 5741 ⁸⁸
728 5709 830 5784 lsa.
870 5727 960 5774 κι..
1001 5711 1076 5778 5;
1121 5715 1304 5770 Matth.
1347 5731 1434 5784 ttt,
1477 5717 1564 5772 15.
1641 5719 1686 5751 ³³
1725 5718 1914 5779 Matth.
1958 5736 2010 5783 κ,
2051 5719 2140 5773 35.

570 5791 680 5845 ιικ,
730 5783 813 5835 18.
880 5798 1033 5854 Seqq.
1114 5786 1156 5816 ³⁴¹
1200 5789 1370 5842 Exod.
1419 5783 1506 5854 ιιι,
1557 5788 1637 5845 l9.
1683 5791 1724 5824 ³⁷
1771 5790 1924 5846 ιὶυιιι.
1962 5807 2114 5858 xvm,
2164 5789 2370 5854 17,18.

2248 5719 2292 5750 ³⁸
2331 5717 2519 5772 Matth.
2569 5731 2706 5781 uti,
2762 5718 2816 5772 5.
2895 5719 2938 5750 ³⁵
2980 5717 3169 5774 Matth.
3246 5717 3471 5785 xxv,’54.
3549 5718 3614 5750 ³⁵⁶
3655 5715 3803 5772 Exod.

2285 5789 2370 5843 18.
2484 5788 2529 5818 ³⁸
2569 5786 2720 5842 Joatt.
2761 5805 2810 5843 ι’.
2854 5789 2940 5843 ιι).

2604 5805 2720 5842 oatt.
2761 5805 2810 5854 v,
2854 5805 2940 5843 so.
