4070 6524
1318 424 1673 484 (ῚΟΜΜΕΝΤ.
1714 423 1781 483 ΙΝ
1821 422 2251 481 ΜΑΪΤΠΔΕΠΜ.

3298 424 3397 479 306

3137 580 3378 610 ω

412 782 1337 941 SUPPLEMENTUM
1426 780 1586 933 ΑΙ)
1666 779 2300 936 EDl'l‘IllNEM
2375 782 2475 935 J.
2592 779 3137 938 AUBER’I‘I.

998 1229 1676 1388 SANCTI
1791 1228 2558 1386 CYRILLI

704 1509 1857 1607 COMMENTARIORUM
1959 1511 2079 1598 IN
2159 1506 2868 1599 MATTHIEUM

1416 1724 1600 1801 QUJE
1657 1722 2107 1797 SUPERSUNT

160 1925 233 1975 ιτ
260 1915 489 1974 Oorderii
512 1920 558 1970 et
599 1909 786 1967 Possini
811 1910 990 1965 catenis
1019 1915 1269 1979 excerpta,
1286 1906 1570 1979 ἱηιερηξξιιε
1599 1919 1678 1979 ινα

1842 1902 2287 1976 isauce‘recemins
2324 1917 2388 1956 ex
2419 1904 2583 1955 codice
2625 1901 2918 1956 Coisliniam
2943 1907 2994 1955 J.
3026 1910 3085 1957 Α.
3117 1907 3393 1970 Cremerae,

1225 1965 1271 2022 et
1296 1984 1357 2021 ea:
1386 1965 1636 2021 Vaticanis
1660 1965 1779 2034 ring.
1807 1965 1963 2017 Maias
1983 1965 2254 2019 ediderunt.

224 2296 312 2370 (ί)
345 2295 677 2366 ΕὐαΠέλιόν
705 2296 822 2350 ἐστι
867 2293 1024 2365 λόγος
1054 2294 1325 2366 περιέχων
1370 2294 1593 2363 ἀγαθῶν
1639 2294 1730 2362 ἀγ-
1758 2346 1759 2349 η

1905 2291 1949 2359 ι
1984 2289 2333 2358 Evangenum
2376 2294 2460 2342 est
2494 2300 2678 2343 sermo
2709 2288 2992 2343 continens
3028 2289 3393 2343 annuntiatio-

152 2382 350 2460 γελίαν
397 2388 739 2461 πραγμάτων
792 2387 933 2442 κατά
987 2387 1049 2440 τὸ
1104 2386 1324 2455 εὔλογον
1366 2386 1461 2441 καὶ
1517 2386 1607 2440 διά
1667 2386 1730 2439 τὸ

151 2481 391 2551 ὠφελεῖν
417 2478 725 2551 εὐφραίνων
770 2477 861 2533 τὸν
905 2476 1194 2544 ἀκούοντα,
1230 2477 1327 2532 ὲάν
1355 2477 1727 2550 παραδέξηται

152 2570 211 2621 τὸ
270 2566 751 2637 ἀπαγγελλομένον
794 2566 881 2637 ’ἢ
954 2566 1111 2635 λόγος
1172 2565 1445 2638 περιέχων
1510 2566 1730 2634 ἀγαθῶν

150 2661 487 2733 παρουσίαν,
516 2660 551 2731 ἢ
582 2659 739 2728 λόγος
766 2658 1123 2728 ἀπανγέλλων
1152 2658 1619 2731 προσδοκώμενον.

235 2772 447 2841 Ἰησοῦ
478 2772 758 2844 Χριστοῦ.

222 2888 539 2954 Κυρίλλυυ
613 2885 1069 2954 Ἀλεξανδρέως.
1124 2886 1252 2941 Ἰαὼ
1300 2886 1399 2963 τὴν
1454 2888 1728 2959 σωτηρίαν

160 2978 255 3032 Ἐὖ
270 2980 411 3050 ραῖοι
452 2976 656 3047 ελεγον.
698 2978 955 3046 Χριστοῦ
995 2976 1053 3031 δὲ
1091 2974 1210 3031 εἷπε
1246 2978 1337 3032 διὰ
1371 2979 1431 3032 τὸ
1466 2980 1592 3044 τοὺς
1622 2994 1731 3033 παι

151 3069 347 3133 λαιοὺς
378 3067 616 3139 βασιλεῖς
644 3085 703 3121 τε
742 3069 836 3122 καὶ
869 3070 1038 3139 ἱερεῖς
1068 3068 1146 3139 τῷ
1175 3068 1338 3140 ἐλαίῳ
1361 3068 1609 3141 χρίεσθαι
1639 3069 1728 3123 διά

150 3161 243 3213 τοῦ
293 3161 557 3230 κέρατος·
591 3162 620 3214 ὁ
658 3159 715 3212 δὲ
752 3159 1021 3233 ἡμέτερος
1060 3158 1267 3229 Ἰησοῦς
1297 3159 1529 3231 Χριστὸς
1553 3160 1613 3213 οὐ
1641 3158 1729 3213 διὰ

150 3254 209 3305 τὸ
235 3251 326 3321 τῷ
365 3252 557 3323 κέρατι
589 3250 876 3321 χρισθῆναι
915 3266 1022 3321 προ
1057 3248 1136 3322 [σ]
1178 3249 1452 3321 ηγορεύθη
1473 3250 1725 3321 Χριστὸς,

148 3344 295 3399 ἀλλὰ
336 3343 426 3399 διὰ
474 3342 534 3398 τὸ
604 3342 680 3414 τῷ
712 3341 841 3413 θείῳ
874 3342 1185 3417 Πνεῦματν
1229 3342 1443 3409 ἀληθῶς
1475 3343 1584 3413 γὰρ
1634 3344 1729 3397 καὶ

148 3435 366 3506 κυρίως
392 3435 553 3498 αὐτὸς
580 3430 690 3504 εἶχε
714 3436 775 3488 τὸ
802 3433 1028 3505 Πνεῦμα
1055 3434 1115 3487 τδ
1137 3432 1310 3503 ἀγιον.

233 3547 384 3603 Υἰοῦ
423 3546 600 3601 Δασίδ
630 3545 765 3601 υίοῦ
807 3544 1073 3616 Ἀϐραάμ.

1831 2398 1953 2439 nem
1996 2397 2173 2437 rerum
2197 2382 2351 2452 juxta
2380 2378 2729 2450 Evangelium
2765 2381 2816 2435 in
2847 2380 3132 2437 utilitatem
3162 2384 3394 2438 audien-

1831 2473 1917 2537 tis.
1955 2472 2149 2543 gaudio
2181 2485 2303 2525 eum
2352 2469 2590 2526 alliciens
2626 2481 2910 2541 postquam
2938 2472 3210 2542 acceperit
3248 2474 3393 2545 quod

1828 2564 1875 2618 ei
1910 2565 2085 2618 fuerat
2107 2563 2514 2629 annuntiatum;
2548 2570 2639 2616 aut
2662 2577 2842 2618 sermo
2866 2564 3124 2618 bonorum
3148 2564 3395 2621 indicans

1829 2656 2168 2712 praesentiam
2191 2673 2205 2722 ;
2233 2663 2324 2709 aut
2350 2668 2531 2711 sermo
2559 2656 2976 2726 exspectationis
3011 2657 3295 2727 interpres.

1898 2766 1941 2831 l,
1980 2767 2029 2823 i.
2063 2766 2192 2822 Iesu
2225 2765 2447 2822 Christi.

1896 2878 2084 2950 Cyrilli
2110 2879 2472 2935 Alexandrini.
2493 2880 2591 2935 Iao
2616 2881 2841 2936 salutem
2877 2880 3086 2937 Hebrmi
3122 2882 3394 2940 dicebant.

1830 2969 2030 3025 Christi
2060 2984 2187 3025 vero
2233 2971 2368 3025 dixit
2406 2982 2689 3042 propterea
2744 2973 2887 3041 quod
2942 2975 3195 3043 antiquos
3243 2960 3449 3048 regi-sp

1829 3073 1883 3117 et
1902 3063 2209 3117 sacerdotes
2229 3061 2347 3118 oleo
2372 3062 2551 3133 inungi
2573 3063 2812 3119 solemne
2839 3075 2980 3130 erat,
3005 3065 3170 3122 ell'usa
3202 3067 3254 3122 in
3302 3085 3396 3124 eos

1830 3154 2081 3209 corneola
2117 3155 2329 3225 pyxide.
2356 3153 2547 3210 Noster
2578 3170 2707 3211 vero
2725 3155 2881 3212 Jesus
2910 3157 3155 3214 Christus
3184 3176 3288 3215 non
3317 3162 3395 3215 id~

1829 3246 1976 3300 circo
2001 3245 2146 3314 quod
2180 3261 2346 3301 cornu
2395 3247 2648 3302 intinctus
2675 3246 2747 3302 sit
2771 3247 3066 3317 appellatus
3096 3258 3180 3305 est
3233 3250 3392 3306 Chri-

1830 3347 1962 3401 stus,
1990 3336 2081 3391 sed
2106 3337 2247 3405 quod
2275 3336 2455 3390 divino
2502 3335 2708 3405 Spiritu
2759 3335 3068 3394 delibutus:
3099 3353 3225 3395 vere
3251 3344 3392 3395 enim

1830 3436 1882 3482 et
1918 3427 2131 3497 proprie
2168 3428 2281 3497 ipse
2311 3427 2497 3483 habuit
2531 3427 2789 3496 Spiritum
2821 3437 3089 3484 sanctum.

1899 3539 2025 3593 Filii
2060 3540 2223 3593 David
2257 3539 2353 3608 ﬁlii
2376 3539 2663 3595 Abraham.

230 3656 496 3730 Ἀϐραὰμ
535 3656 594 3709 ἐν
638 3653 975 3727 ἀκροϐυστίᾳ
1002 3653 1100 3724 ὢν,
1130 3654 1419 3709 ἐπίστευσε
1451 3655 1530 3725 τῷ
1572 3654 1722 3725 Θεῷ·
1757 3649 1759 3655 “

1898 3652 2169 3707 Abraham
2201 3667 2323 3707 cum
2347 3652 2522 3707 adhuc
2580 3652 2631 3707 in
2668 3652 2930 3723 praeputio
2989 3662 3134 3709 esset
3166 3656 3395 3710 credidit

151 3746 273 3804 εἶτα
293 3748 587 3820 δεξάμενος
618 3745 718 3810 τὰς
741 3746 1058 3818 ὑποσχέσεις
1085 3748 1180 3801 καὶ
1205 3745 1564 3818 περιτμηθεὶς
1589 3744 1729 3799 ἀλώ-

150 3840 323 3910 ϐητον
356 3837 455 3909 τὴν
500 3836 686 3890 πίστιν
714 3835 1054 3907 διετήρησεν.
1098 3836 1338 3899 Εἰκότως
1382 3835 1563 3889 τοίνυν
1597 3837 1731 3891 ἀνα-

151 3930 419 4001 χθήσεται
455 3926 516 3981 τὸ
546 3925 709 3999 ῥητὸν
743 3926 825 3990 εἰς
864 3924 1052 3997 ἕτερόν
1081 3943 1133 3979 τι
1169 3925 1431 3997 θεώρημα
1461 3926 1592 3996 περὶ
1626 3925 1728 3996 τῆς

156 4020 245 4074 τοῦ
293 4017 536 4090 Χριστοῦ
570 4019 897 4089 Ἐκκλησίας
939 4021 1038 4090 τῆς
1074 4036 1133 4073 τε
1183 4020 1247 4073 ὲκ
1293 4018 1595 4091 περιτομῆς
1635 4019 1729 4072 καὶ

150 4111 250 4180 τῆς
286 4107 351 4173 ἐξ
382 4107 571 4161 ἐθνῶν.
604 4107 647 4159 Τ
652 4106 785 4171 ὐπος
805 4106 915 4177 γάρ
939 4101 1032 4177 ἦν,
1061 4106 1136 4170 ὡς
1163 4104 1329 4173 είκδς,
1352 4106 1459 4159 τῶν
1476 4106 1568 4160 δύο
1583 4106 1728 4160 λαῶν

149 4200 259 4253 τῶν
289 4202 376 4262 είς
398 4197 631 4270 Χριστὸν
660 4200 1117 4253 πεπιστευκότων.
1162 4198 1300 4251 Ἀλλ’
1332 4201 1449 4252 ἐκεῖ
1474 4199 1572 4269 μὲν
1595 4216 1729 4270 προ-

152 4294 285 4364 τέρα
338 4294 376 4363 ἠ
429 4289 767 4362 ἀκροϐυστία
808 4290 907 4363 τῆς
972 4289 1295 4362 περιτομῆς.
1345 4290 1564 4355 Φύσεως
1619 4292 1727 4361 γὰρ

149 4387 315 4457 ἔργον
346 4386 382 4454 ἡ
413 4381 766 4454 ἀκροὸυστία,
804 4380 1022 4453 ἐντολῆς
1058 4382 1116 4435 δὲ
1169 4383 1264 4436 καὶ
1291 4382 1456 4453 νόμου
1495 4384 1529 4453 ἡ
1568 4399 1727 4454 περι-

151 4481 313 4551 τομή·
342 4478 435 4532 διά
458 4477 617 4532 τοῦτο
641 4477 822 4548 ἐκείνη
843 4476 1045 4549 ταύτης
1072 4478 1443 4549 προηγήσατοο
1466 4478 1557 4531 καὶ
1589 4478 1727 4548 μετά

155 4571 330 4625 ταῦτα
358 4571 441 4634 εἰς
486 4570 655 4643 αὐτὴν
689 4571 721 4622 ὖ
750 4570 1020 4642 περιτομὴ
1065 4571 1447 4642 ἀνακάμπτει·
1483 4571 1603 4624 ἐπεὶ
1635 4572 1726 4625 καὶ

148 4664 369 4734 βέλτιόν
400 4664 515 4717 ἐστι
546 4663 706 4733 φύσις
744 4661 861 4733 ἅμα
902 4663 998 4716 καὶ
1034 4662 1217 4732 νόμος,
1243 4662 1275 4733 ἢ
1304 4662 1364 4715 τὸ
1384 4662 1727 4734 διεστηκέναι

146 4754 247 4809 ἀπ’
289 4753 542 4825 ἀλλήλων
573 4753 761 4824 χωρίς.
810 4751 970 4806 Ἀλλά
1010 4754 1105 4806 καλ⁸
1133 4751 1298 4805 Δαόὶδ
1328 4750 1500 4816 τύπος
1536 4749 1604 4826 ῆν
1632 4754 1726 4807 τοῦ

147 4842 437 4915 Χριστοῦ*
482 4842 576 4895 τοῦ
620 4843 731 4914 γάρ
782 4841 955 4896 Σαοὺλ
1002 4840 1358 4912 ἐκϐληθέντος
1394 4844 1726 4915 ἀντεισήχοη

145 4934 321 4988 Δαὸίδ
342 4950 355 4963 ο
390 4932 534 4986 οὕτω
568 4933 663 4986 καὶ⁵
694 4931 785 4987 τοῦ
825 4932 997 5003 Ἀδὰμ
1037 4931 1124 4986 διὰ
1166 4932 1267 5002 τὴν
1304 4932 1589 5005 παρακοὴν
1625 4936 1724 5005 τῆς

156 5025 331 5096 Ἐδὲμ
358 5025 679 5095 διωχθέντος
708 5026 736 5079 ὁ
771 5024 1022 5096 δεύτερος
1062 5024 1390 5096 ἀντεισήχθη
1421 5025 1612 5097 Ἀδὰμ,
1649 5027 1726 5091 ὼς

142 5117 211 5167 ἂν
252 5116 399 5187 πρὸς
446 5116 547 5187 τὴν
593 5116 823 5187 ἀρχαίαν
860 5116 1013 5181 τάξιν
1048 5115 1138 5170 τὸν
1178 5116 1350 5186 Ἀδὰμ
1383 5115 1475 5171 τὸν
1509 5119 1722 5172 πρῶτον

143 5209 176 5259 ἀ
188 5207 611 5278 ποκαταστήσῃ.

221 5470 350 5527 Τοῦ
391 5471 461 5529 δὲ
512 5473 713 5543 Ἰησοῦ
759 5473 798 5543 ή
849 5472 1133 5544 γέννησις
1180 5473 1367 5541 οὕτως
1402 5468 1517 5545 ἦν*
1573 5478 1733 5542 Μνη-

144 5560 521 5634 στευθείσηῤ
558 5568 667 5636 γὰρ
719 5565 831 5637 τῆς
885 5565 1111 5638 μητρὸς
1157 5565 1610 5635 αὐτοῦ’Μαρίας
1650 5566 1731 5632 τῷ

223 5750 313 5820 (ι)
344 5725 546 5807 Catena
596 5751 860 5817 Crameri,
911 5768 964 5819 p.
1009 5750 1156 5806 5.-—-
1186 5748 1298 5803 Hoc
1347 5746 1724 5820 fragmentum,

1830 3746 1961 3800 Deo.
2007 3744 2204 3800 Deinde
2252 3743 2700 3814 promissionihus
2758 3746 2995 3814 acceptis
3046 3756 3102 3802 et
3165 3748 3394 3803 circurn-

1828 3837 1970 3892 cisns
2015 3834 2331 3890 inviolatam
2368 3834 2660 3890 custodivit
2719 3836 2901 3892 ﬁdem.
2930 3836 3081 3903 Quod
3113 3837 3255 3895 haud
3296 3841 3395 3895 ab.

1827 3928 1988 3984 surde
2024 3928 2212 3982 referri
2250 3936 2423 3997 potest
2439 3928 2505 3981 ad
2529 3928 3074 3983 accommodationem
3109 3931 3394 3999 quamdam

1827 4017 2234 4088 signiﬁcationis
2297 4017 2555 4087 mystica!
2599 4017 2667 4072 de
2714 4015 2912 4072 Christi
2956 4018 3223 4085 Ecclesia,
3274 4035 3395 4090 quas

1827 4126 1892 4165 ex
1919 4109 2329 4165 circumcisione
2377 4118 2430 4165 et
2487 4123 2606 4177 qua:
2652 4123 2719 4164 ex
2778 4110 3026 4180 gentibus
3072 4126 3393 4184 congregata

1827 4210 1929 4256 est.
1955 4200 2256 4257 Verisimile
2277 4201 2473 4270 quippe
2495 4208 2579 4255 est
2606 4200 2658 4254 in
2690 4200 2795 4255 illis
2842 4215 2958 4270 quae
2981 4201 3047 4256 de
3084 4203 3393 4257 Abrahamo

1828 4293 1966 4346 dicta
2000 4299 2126 4345 sunt
2156 4290 2381 4359 ﬁgurant
2431 4289 2659 4345 duorum
2703 4290 3015 4360 populorum
3053 4293 3393 4362 praecessisse

1828 4387 1916 4455 qui
1942 4384 1996 4440 in
2018 4383 2293 4441 Christum
2322 4381 2691 4437 crediderunt.
2730 4383 2837 4438 Sed
2867 4384 2975 4439 illic
3006 4386 3221 4455 quidem
3246 4390 3393 4456 prius

1827 4475 2233 4530 circumcisione
2270 4475 2587 4544 praeputium
2639 4485 2742 4528 est.
2768 4473 2915 4545 Opus
2965 4478 3106 4530 enim
3151 4478 3252 4531 hoc
3296 4494 3393 4531 na-

1831 4580 1994 4633 turas;
2033 4564 2374 4622 circumcisio
2404 4580 2532 4619 vero
2563 4567 2815 4635 praecepti
2851 4576 2904 4622 et
2938 4566 3088 4637 legis.
3136 4568 3393 4638 Propter—

1826 4673 1889 4712 ea
1960 4658 2152 4713 merito
2208 4657 2336 4712 illud
2385 4657 2525 4711 hanc
2572 4657 2872 4726 praecessit.
2942 4658 3021 4712 Ad
3093 4669 3393 4713 extronmm

1828 4763 1988 4818 porro
2022 4748 2077 4803 in
2108 4747 2429 4818 praeputium
2468 4746 2810 4802 circumcisio
2856 4762 3073 4803 reversa
3115 4758 3218 4803 est.
3252 4749 3393 4804 Snttt'

1827 4840 1970 4894 enim
2029 4849 2147 4895 emt
2191 4839 2384 4894 melius
2444 4838 2732 4893 convenire
2798 4850 3042 4895 naturam
3094 4851 3150 4896 et
3200 4843 3393 4912 legem.

1831 4945 1991 4999 quam
2009 4930 2269 4984 dissidere
2285 4928 2472 4983 ambas
2494 4928 2563 4984 ab
2589 4928 2836 4983 invicem.
2859 4930 3123 4987 Creten-tun
3150 4941 3208 4985 et
3231 4931 3393 4984 David

1835 5026 1999 5092 lignra
2020 5031 2138 5077 erat
2164 5021 2386 5077 Christi.
2428 5021 2592 5077 Saule
2639 5022 2902 5090 siquidem
2954 5021 3396 5089 ejectosull‘ectns

1831 5122 1914 5166 cst
1971 5110 2138 5166 David
2168 5130 2183 5166 :
2208 5112 2288 5168 sic
2322 5120 2376 5168 et
2397 5112 2605 5167 Adamo
2626 5122 2848 5182 pr0pter
2884 5112 3299 5168 inobcdientiam
3328 5130 3393 5166 ex

1836 5200 1999 5255 Edem
2047 5201 2423 5265 exterminato,
2458 5201 2723 5256 secundus
2775 5200 2826 5255 in
2883 5201 3056 5255 locum
3082 5200 3200 5270 ejus
3229 5202 3394 5255 sum--

1830 5302 1949 5347 ctus
1974 5302 2055 5347 est
2080 5291 2274 5348 Adam.
2294 5292 2487 5363 Utique
2508 5294 2633 5347 utin
2656 5294 2943 5364 priSIinum
2962 5296 3132 5350 locum
3161 5296 3392 5364 primum

1832 5384 1999 5440 Adam
2036 5385 2363 5442 restitueret.

1903 5476 1942 5541 1,
1976 5476 2059 5532 18.
2084 5475 2283 5531 Christi
2313 5487 2487 5533 autem
2518 5480 2784 5549 generatio
2813 5481 2889 5532 sic
2917 5489 3027 5533 erat
3054 5494 3074 5531 :
3103 5478 3232 5532 Cum
3264 5488 3393 5532 esset

1831 5569 2139 5637 desponsata
2168 5578 2333 5624 mater
2359 5570 2475 5640 ejus
2516 5569 2690 5625 Maria
2716 5570 2934 5640 Ioseph,
2964 5582 3239 5639 antequam
3267 5586 3392 5623 cun-

1837 5749 1943 5820 (ap.
1984 5748 2083 5805 Mai
2124 5749 2189 5806 Β.
2253 5749 2317 5805 Ν.
2362 5750 2449 5822 llr,
2484 5759 2630 5824 102,-,
2684 5766 2733 5807 ιιι
2774 5767 2877 5824 qua
2921 5753 3137 5824 Origent
3197 5754 3387 5809 tribui-

147 5818 325 5875 antea
373 5821 709 5891 lacunosum,
764 5824 1067 5879 restituitur
1114 5835 1180 5875 ex
1236 5834 1425 5873 catena
1485 5818 1736 5874 Vaticana
1844 5818 1950 5873 ’tur.
