4070 6536
529 356 723 435 ὅτιν’

1525 380 1581 436 S.
1624 380 1896 438 CYHILLI
1933 378 2403 438 ALEXANDRINI
2443 378 2764 435 AliClllEP.

3696 379 3825 439 33.9

532 510 656 549 vitm
697 514 816 550 esse
855 498 1105 564 \idctur,
1148 500 1201 554 in
1248 500 1553 570 gehennam
1605 500 1958 570 abripiemur.
2008 498 2103 553 Sin

2218 501 2296 555 τὸν
2338 498 2566 568 ἀδελφὸν
2599 499 2867 569 εἴπωμεν,
2903 498 3041 568 ὅπερ
3075 497 3223 550 δοκεῖ
3272 513 3466 567 μικρον
3512 491 3684 557 εἶναι,
3727 498 3823 556 εἰς

535 605 663 644 vero
721 590 942 646 stultum
987 607 1254 661 vocasse,
1311 593 1378 649 ad
1429 594 1732 664 gehennam
1790 592 2107 661 pertrahat,

532 684 749 751 quando
777 684 947 738 etiam
982 684 1286 741 maleﬁcum
1317 726 1333 751 ,
1371 694 1425 740 et
1462 684 1814 748 invidiosum,
1844 691 1900 738 et
1931 682 2109 737 inanis

534 772 717 842 gforiac
762 787 1102 846 appetentem
1131 820 1145 841 ,
1203 790 1260 834 et
1314 779 1597 832 innumera
1651 775 1960 844 huiusmodi
2004 775 2108 828 alia

537 867 1045 933 nunmtpaverimus,
1087 878 1346 936 quantum
1403 867 1806 935 nobismetipsis
1855 864 2111 933 gehenme

536 953 711 1015 ignem
744 956 1085 1011 anxerimus!
1116 957 1248 1011 Illud
1274 958 1418 1012 enim
1448 957 1608 1012 stulte
1638 967 1692 1017 et
1717 974 1866 1022 raca,
1899 957 1965 1012 iis
1991 972 2111 1027 qua:

536 1048 676 1099 dicta
708 1057 831 1099 sunt
862 1048 1029 1101 multo
1061 1049 1232 1103 levius
1258 1058 1343 1101 est
1373 1049 1424 1102 in
1463 1048 1673 1103 ratione
1706 1048 1936 1118 injuria).
1964 1049 2110 1115 Qua-

537 1148 757 1205 propter
791 1138 877 1192 illa
907 1142 1280 1208 pertransiens
1306 1141 1558 1196 Christus
1576 1142 1691 1195 haac
1711 1141 1909 1211 posuit,
1940 1152 1998 1194 ut
2025 1140 2112 1194 di-

539 1236 659 1276 scas
678 1239 785 1291 quo
809 1226 819 1276 l
848 1228 890 1279 si
931 1226 1061 1281 illud
1092 1227 1264 1283 levius
1286 1230 1488 1283 dictum
1518 1231 1819 1299 gehennam
1845 1238 2110 1296 accersat,

537 1316 1227 1381 «eniutmdicentem,mnlto
1264 1320 1433 1389 magis
1468 1320 1520 1377 id
1573 1320 1822 1391 graviora
1850 1319 2109 1377 efﬁciunt.

541 1401 647 1456 Nos
672 1415 849 1456 autem
883 1422 980 1474 pro
1025 1408 1253 1463 ridiculo
1286 1410 1389 1464 hoc
1432 1410 1738 1466 habemus:
1779 1411 1934 1465 stulti
1967 1412 2109 1466 enim

542 1493 757 1547 nomine
791 1510 933 1564 smpe
957 1497 1315 1567 abstinentes,
1363 1500 1497 1557 alias
1530 1500 1759 1569 injurias
1799 1500 2113 1557 acerbiores

540 1582 864 1647 proferimus
898 1593 1157 1661 tanquam
1188 1588 1317 1642 illud
1356 1589 1530 1643 solum
1558 1604 1757 1647 nomen
1786 1589 2111 1660 supplicium

543 1671 741 1726 haheat
777 1688 1072 1729 annexum.
1106 1675 1219 1732 Hoc
1253 1688 1433 1733 autem
1463 1695 1570 1735 non
1602 1680 1676 1735 ita
1711 1690 1814 1747 est,
1854 1681 1948 1736 sed
1994 1695 2113 1735 om-

542 1766 626 1820 nis
666 1777 980 1834 accusator,
1010 1779 1066 1825 et
1104 1772 1549 1839 contumeliosus,
1584 1781 1828 1828 extremo
1853 1772 2115 1844 supplicio

541 1859 733 1925 digitus
777 1870 899 1916 est:
939 1881 956 1913 ι
995 1860 1171 1918 Nolite
1228 1866 1373 1919 enim
1424 1881 1634 1932 errare,
1670 1865 1888 1936 inquit:
1940 1880 2114 1936 neque
2143 1858 2186 1915 Β

542 1949 847 2016 fornicarii,
900 1968 1076 2023 neque
1120 1954 1280 2010 idolis
1337 1958 1660 2023 servientes,
1714 1972 1889 2026 neque
1937 1958 2110 2022 avari,

541 2056 715 2107 neque
767 2043 989 2111 ebriosi,
1028 2060 1202 2116 neque
1241 2048 1486 2103 maledici
1528 2064 1754 2118 regnum
1790 2048 1884 2103 Dei
1940 2049 2113 2119 possi-

544 2132 746 2187 debunt
783 2135 825 2187 '.
867 2153 885 2186 ι
924 2135 979 2190 Si
1029 2152 1160 2191 vero
1187 2138 1282 2193 tibi
1326 2140 1510 2205 gravia
1557 2154 1681 2195 esse
1716 2140 1969 2194 videntur
2001 2140 2115 2193 hrcc

540 2234 829 2293 praecepta,
869 2226 1205 2297 multumque
1236 2230 1517 2285 continere
1559 2229 1782 2292 laboris.
1822 2230 2111 2287 considera

541 2326 765 2386 propter
794 2317 1071 2375 Christum
1122 2330 1174 2375 te
1228 2321 1343 2376 haec
1384 2320 1585 2389 facere,
1635 2330 1689 2375 et
1722 2337 1906 2386 amara
1956 2329 2116 2384 erunt

541 2407 743 2469 dulcia.
783 2420 838 2463 et
878 2409 1033 2465 labor
1069 2427 1172 2465 non
1222 2412 1457 2483 amplius
1494 2414 1648 2467 labor
1691 2413 1985 2479 videbitur,
2021 2412 2115 2473 sed

540 2509 743 2569 quanto
775 2502 1083 2557 contentior
1108 2501 1293 2568 fuerit,
1331 2514 1480 2558 tanto
1514 2504 1733 2567 suavior
1761 2503 1853 2567 ﬁet
1899 2514 1953 2559 et
1998 2503 2117 2557 dul-

541 2593 676 2645 cior.
710 2591 826 2647 Non
863 2593 1038 2648 solum
1075 2604 1256 2650 autem
1303 2610 1398 2666 spe
1438 2596 1745 2651 futurorum
1778 2595 1951 2657 levem
1988 2593 2117 2649 red-

542 2684 679 2737 didit
708 2686 961 2740 virtutem
1010 2687 1173 2753 Deus,
1223 2688 1317 2742 scd
1362 2689 1469 2743 alio
1501 2688 1666 2744 etiam
1712 2688 1873 2744 modo
1918 2688 2119 2759 ubique

544 2775 701 2829 nobis
724 2777 1068 2843 coniunctus,
1102 2787 1155 2832 et
1183 2779 1234 2833 in
1274 2780 1539 2834 auxilium
1570 2790 1813 2850 paralus.

617 2865 684 2930 ν,
718 2866 809 2922 27.
849 2868 1087 2924 Audistis
1134 2870 1259 2941 quia
1306 2872 1503 2927 dictum
1556 2879 1634 2927 est
1665 2889 1685 2927 :
1714 2870 1838 2926 Non
1888 2871 2118 2926 mercha-

546 2960 698 3013 beris.

616 3051 755 3105 Sunt
793 3052 935 3108 forte
969 3055 1209 3110 nonnulli
1241 3056 1331 3126 qui
1356 3064 1573 3111 tantam
1607 3056 1841 3127 gratiam
1886 3069 2118 3125 accepe-

547 3152 675 3195 runt
720 3152 779 3197 nt
818 3144 988 3213 ipsius
1020 3148 1488 3217 concupiscentia:
1522 3148 1629 3202 sint
1672 3148 1960 3203 immunes.
2002 3148 2119 3202 Cte-

549 3243 722 3287 terum
771 3233 1042 3301 Christus.
1078 3253 1175 3306 per
1202 3253 1363 3307 quem
1412 3246 1605 3294 natura
1647 3239 1883 3293 humana
1934 3237 2121 3293 melio-

550 3335 664 3379 rata
707 3336 811 3392 est,
844 3329 1089 3397 quaadam
1140 3344 1260 3399 qua:
1301 3345 1462 3401 supra
1496 3330 1665 3401 legem
1697 3340 1825 3385 sunt
1870 3330 2118 3399 imperat,

549 3425 605 3468 nt
639 3432 780 3472 nunc
818 3418 1116 3487 possibilia.
1154 3419 1213 3474 Si
1248 3421 1394 3475 enim
1438 3422 1504 3477 iis
1550 3421 1643 3492 qui
1674 3430 1803 3475 ante
1842 3419 2120 3476 Christum

548 3506 766 3562 fuerunt
817 3510 919 3564 hoc
966 3518 1085 3565 erat
1136 3511 1492 3580 impossibile,
1530 3510 1918 3582 ﬁdelibusjam
1964 3510 2124 3567 facile

545 3605 630 3651 est
660 3600 1128 3668 concupiscentias
1157 3601 1491 3657 rescindere.

624 3687 688 3755 γ,
733 3691 822 3750 50.
878 3690 1131 3762 Cyrillus,
1180 3693 1437 3759 Joannes,
1493 3693 1764 3760 Isidorus,
1817 3692 2121 3747 Theodorus

552 3778 887 3835 Heracleam.
939 3783 1135 3839 Dicens
1166 3801 1180 3838 :
1215 3802 1232 3836 ι
1270 3784 1326 3839 Si
1364 3784 1557 3840 oculus
1607 3795 1731 3839 tuus
1786 3781 2123 3839 scandalizet

553 3881 625 3935 te,
662 3891 680 3924 ι
719 3882 849 3940 etc.,
888 3890 985 3944 per
1029 3875 1244 3930 oculum
1286 3877 1744 3946 concupiscentia:
1801 3880 2122 3941 conceptum

553 3961 800 4032 intelligit
825 3980 984 4033 quem
1015 3966 1130 4021 erui
1158 3976 1408 4037 oportere
1441 3968 1541 4021 ait.

622 4056 811 4111 Aliter.
847 4055 1191 4113 Eorumdem.
1231 4059 1384 4115 Oculi
1422 4068 1477 4114 et
1506 4072 1695 4112 manus
1727 4056 1947 4111 nomine
1985 4055 2123 4109 anti-

552 4163 649 4203 cus
680 4148 1020 4220 intelligitur.
1049 4150 1106 4205 Si
1130 4152 1275 4205 enim
1300 4150 1534 4220 aliquem
1555 4159 1612 4203 nt
1632 4147 1847 4204 oculum
1876 4147 2124 4203 dextrum

554 4239 771 4309 diligas,
796 4250 851 4295 et
871 4256 937 4296 ex
964 4257 1030 4298 eo
1059 4243 1301 4297 eamdem
1334 4242 1623 4298 utilitatem
1658 4240 1930 4311 percipias
1960 4252 2122 4308 quam

553 4346 618 4383 ex
650 4346 811 4385 manu
848 4332 1098 4400 dextera;
1131 4343 1186 4388 et
1211 4335 1449 4390 animam
1490 4345 1633 4390 tuam
1670 4334 1835 4395 laedit,
1877 4345 2007 4386 erue
2031 4344 2127 4387 eos

552 4436 582 4476 ε
629 4432 679 4477 te
722 4433 777 4478 et
819 4424 887 4478 ab
922 4425 1001 4481 eis
1048 4440 1324 4495 separare.
1379 4426 1515 4482 Cum
1569 4428 1713 4481 enim
1754 4439 1849 4479 vos
1894 4422 2124 4478 invicem

2211 593 2308 663 τὴν
2336 590 2559 659 γέενναν
2589 588 3047 660 ἀπαχθησόμεθα.
3082 588 3145 641 Εἰ
3177 588 3235 642 δὲ
3266 588 3326 641 τὸ
3360 587 3540 660 μωρὸν
3562 582 3845 641 καλέσαι

2210 683 2433 752 γέενναν
2465 681 2779 751 ἐφέλκεται,
2815 680 2941 742 ὅταν
2970 681 3064 734 καὶ
3092 677 3423 749 κακοῦργον,
3460 680 3551 732 καὶ
3585 677 3822 748 βάσκαι-

2210 791 2318 838 νον,
2351 774 2446 831 καὶ
2474 771 2768 839 κενόδοξον,
2810 772 2901 825 καὶ
2940 770 3109 842 μυρία
3142 770 3277 824 ἄλλα
3323 768 3546 832 τοιαῦτα
3588 767 3819 836 ὀνομά-

2211 863 2414 934 ζωμεν,
2452 862 2616 915 πόσον
2658 860 2871 924 ἑαυτοῖς
2896 861 3122 931 γεέννης
3170 858 3505 929 συναύξομεν
3534 856 3688 926 πῦρί
3736 855 3822 906 Τὸ

2210 956 2318 1027 γὰρ
2339 954 2519 1024 μωρὲ,
2551 955 2643 1007 καὶ
2668 954 2729 1007 τὸ
2760 953 2939 1021 pauit,
2966 951 3074 1005 τῶν
3114 950 3423 1022 εἰρημένων
3455 948 3634 1018 πολλῴ
3669 964 3820 1002 amas

2212 1046 2414 1117 φότερα
2459 1047 2537 1109 εἰς
2579 1045 2790 1116 ὓόρεως
2824 1044 2984 1113 λόγον
3006 1042 3143 1097 ἐστί.
3165 1044 3365 1112 Διόπερ
3387 1043 3571 1106 ἐκεῖνα
3597 1039 3819 1111 παρεὶς

2209 1138 2383 1192 ταῦτα
2416 1136 2613 1207 έθηκεν
2640 1138 2668 1189 ό
2698 1134 2954 1207 Χριστὸς,
2988 1134 3075 1189 ἵνα
3110 1133 3289 1207 μάθῃς
3318 1134 3397 1186 ὅτι
3432 1135 3479 1186 εί
3503 1133 3817 1203 φορητότες

2214 1248 2306 1301 ρον
2331 1229 2518 1300 λεχθὲν
2538 1229 2637 1298 τὴν
2659 1228 2882 1297 γέενναν
2908 1227 3213 1285 ἐπισπᾶται
3242 1225 3384 1285 κατὰ
3408 1224 3497 1278 τοῦ
3521 1225 3816 1293 λέγοντος,

2214 1320 2394 1391 πολλῷ
2423 1320 2624 1390 μᾶλλον
2653 1318 2722 1376 τὰ
2754 1317 3034 1389 βαρύτερα.
3069 1316 3230 1375 τοῦτο
3271 1314 3585 1387 ἐργάζεται.
3604 1316 3818 1383 Ἡμεῖς

2211 1415 2267 1470 δὲ
2321 1413 2724 1483 καταγέλαστον
2776 1411 2933 1465 τοῦτο
2984 1409 3270 1479 ποιοῦμεν.
3321 1408 3394 1462 Τδ
3449 1408 3557 1477 γὰρ
3614 1406 3819 1476 μωρὸς

2213 1506 2387 1575 ὄνομα
2430 1504 2693 1567 πολλάκις
2741 1501 3289 1574 παραφυλαττόμενοι
3317 1541 3332 1565 ,
3369 1499 3561 1571 ἐτέρας
3609 1498 3820 1569 ῦϐρεις

2215 1596 2546 1669 πικροτέρας
2579 1595 2883 1668 ἐπάγομεν,
2914 1595 2991 1660 ὡς
3024 1595 3235 1648 ἐκείνου
3275 1593 3435 1664 μόνου
3464 1592 3558 1645 τοῦ
3600 1592 3821 1661 όνόμσμτ

2214 1704 2303 1752 τος
2354 1688 2451 1758 τὴν
2505 1686 2730 1741 κόλασιν
2775 1685 3014 1757 ἔχοντος.
3047 1686 3121 1739 Τὸ
3161 1683 3218 1737 δὲ
3264 1685 3323 1736 οὐ
3361 1682 3601 1736 τοιοῦτόν
3630 1684 3819 1743 ἐστιν,

2216 1778 2354 1833 ἀλλὰ
2384 1780 2490 1843 πᾶς
2516 1780 2825 1850 κατήγορος
2854 1778 2949 1831 καὶ
2981 1776 3241 1846 λοίδορος,
3278 1776 3377 1846 τῆς
3408 1774 3646 1844 ἐσχάτης
3686 1771 3825 1824 ἐστὶ

2214 1870 2486 1934 κολάσεως
2508 1870 2677 1938 ἄξιος.
2701 1870 2824 1941 «Μὴ
2855 1868 3131 1923 πλανᾶσθε
3155 1869 3284 1940 γὰρ,
3307 1867 3492 1937 φησὶν·
3520 1865 3647 1919 οῦτε
3674 1865 3823 1934 1:69—

2214 1982 2314 2028 νοι,
2341 1962 2466 2016 οὔτε
2500 1963 2910 2035 εἰδωλολάτραι,
2933 1962 3060 2016 οὔτε
3088 1960 3431 2023 πλεονέκται,
3456 1960 3516 2012 οὺ
3550 1958 3817 2029 μέθυσοι,

2212 2056 2273 2109 ού
2304 2054 2530 2126 λοίδοροι
2560 2054 2837 2126 βασιλείαν
2872 2054 3005 2108 Θεοῦ
3042 2052 3567 2125 κληρονομήσουσιν.
3593 2070 3612 2100 ι
3652 2051 3715 2104 Ei
3752 2050 3818 2103 δέ

2216 2164 2298 2201 σοι
2347 2147 2585 2217 φορτικὰ
2630 2142 2769 2200 εἶναι
2819 2146 2968 2199 δοκεῖ
3008 2145 3180 2198 ταῦτα
3207 2143 3275 2203 τὰ
3300 2142 3677 2209 ἐπιτάγματα,
3711 2141 3819 2193 καὶ

2216 2236 2388 2295 πολὺν
2416 2235 2680 2308 παρέχειν
2713 2235 2803 2290 τὸν
2825 2236 3007 2300 πόνον,
3031 2234 3305 2305 ἐννόησον,
3331 2234 3414 2286 ὅτι
3442 2233 3531 2286 διά
3559 2231 3652 2285 ὢν
3672 2233 3817 2299 Χρι-

2218 2327 2343 2390 στὸν
2389 2327 2563 2381 ταῦτα
2606 2330 2802 2393 ποιεῖς,
2834 2328 2931 2381 καὶ
2961 2326 3032 2379 τὰ
3062 2325 3285 2396 λυπηρᾶ
3315 2325 3469 2378 ἔσται
3496 2324 3619 2395 ήδη,
3651 2325 3752 2377 καὶ
3783 2327 3814 2377 ὀ

2218 2420 2379 2482 πόνος
2428 2420 2610 2475 οὐκέτι
2647 2421 2808 2485 πόνος
2855 2422 3123 2489 φανεῖται,
3160 2418 3527 2488 ἀλλ’ὃσαπερ
3560 2416 3629 2469 ἂν
3675 2416 3814 2468 ἐπι·-

2217 2515 2479 2585 τείνηται,
2506 2514 2750 2586 τοσούτῳ
2777 2514 3112 2587 γλυκύτερος
3141 2513 3238 2568 καὶ
3268 2513 3432 2583 ἡδίων
3458 2512 3688 2580 γίνεται.
3723 2509 3812 2570 Οὐ

2222 2609 2382 2676 μόνον
2405 2606 2462 2659 δὲ
2488 2609 2553 2678 τῇ
2583 2607 2692 2659 τῶν
2719 2606 3024 2677 μελλόντων
3043 2606 3219 2660 ἐλπίδι
3242 2604 3450 2675 κούφην
3474 2604 3573 2673 τὴν
3596 2601 3811 2675 ἀρετὴν

2218 2698 2474 2769 ἐποίησεν
2508 2701 2536 2753 ὁ
2565 2699 2719 2763 Θεὸς,
2754 2698 2891 2753 ἀλλὰ
2925 2700 3018 2752 καὶ
3050 2698 3221 2769 ἑτέρῳ
3250 2696 3440 2766 τρόπῳ
3462 2692 3811 2763 συνεφαπτό-

2220 2806 2384 2859 μενος
2418 2792 2549 2860 ἡμῖν
2585 2790 2860 2862 πανταχοῦ
2895 2791 2988 2844 καὶ
3019 2787 3677 2859 συναντιλαμϐάνόμενος.

2302 2881 2633 2937 Ἠκούσατε
2666 2882 2755 2936 ὅτι
2778 2882 3010 2952 ἐῤῥέθη,
3040 2885 3121 2937 Οὐ
3140 2882 3509 2952 μοιχεύσεις.

2290 3055 2445 3126 Τάχα
2466 3055 2539 3127 (ιι)
2564 3056 2669 3110 εἰσί
2701 3072 2843 3119 τινες
2862 3055 3104 3111 τοιοῦτον
3119 3054 3375 3118 λαϐόντες
3393 3054 3640 3125 χάρισμα
3661 3052 3805 3107 ὥστε

2226 3146 2301 3219 μὴ
2354 3147 2663 3218 ἐπιθυμεῖν.
2696 3148 2903 3219 Πλὴνό
2956 3147 3192 3219 Χριστὸς
3243 3146 3317 3212 ὼς
3378 3146 3805 3218 ἰσχυροποιήσας

2222 3239 2324 3311 τὴν
2348 3237 2649 3309 ἀνθρώπων
2686 3240 2870 3308 φύσιν,
2903 3240 2997 3292 καὶ
3029 3238 3097 3291 τά
3129 3238 3271 3308 ὑπὲρ
3304 3238 3469 3309 νόμον
3493 3237 3804 3298 ἐπιτάσσει,

2221 3330 2297 3396 ὡς
2331 3330 2423 3385 νῦν
2444 3330 2809 3403 ἑγχωροῦντα.
2828 3332 2891 3385 Ei
2918 3331 3026 3403 γὰρ
3051 3332 3146 3385 καὶ
3172 3332 3285 3394 τοῖς
3316 3329 3422 3401 πρὸ
3448 3329 3543 3383 τοῦ
3569 3326 3801 3399 Χριστοῦ

2223 3422 2481 3476 ἀδύνατον
2509 3419 2578 3493 ἦν
2627 3422 2807 3488 τοῦτο,
2839 3423 2975 3478 ἀλλὰ
3012 3425 3126 3487 τοῖς
3161 3424 3371 3485 πιστοῖς
3399 3419 3804 3491 εύκατόρθωτον

2222 3513 2284 3567 τὸ
2309 3514 2407 3577 τὰς
2436 3512 2733 3585 ἐπιθυμίας
2758 3514 3066 3568 ἐκκόπτειν.

2294 3692 2613 3762 Κύραζλος,
2644 3690 2937 3757 Ἰωάννης,
2956 3689 3270 3756 Ἰσίδωρος.
3298 3688 3599 3757 Θεόδωρος
3633 3686 3799 3754 Ἦρα-

2225 3785 2448 3851 κλειας.
2480 3782 2665 3838 Εἰπὼν
2679 3784 2806 3852 (2),‹
2845 3782 2976 3835 Ἐὰν
2997 3783 3024 3835 ό
3045 3779 3322 3851 ὀφθαλμός
3352 3796 3447 3833 σου
3480 3779 3801 3855 σκανδαλίζῃ

2226 3894 2307 3943 σε,
2333 3897 2351 3928 ι
2383 3876 2478 3930 καὶ
2523 3874 2592 3929 τὰ
2626 3875 2754 3945 ἑξῆς
2777 3892 2791 3904 ·
2820 3872 3097 3944 ὀφθαλμὸν
3121 3872 3269 3941 λέγει
3296 3871 3387 3925 τὸν
3411 3869 3672 3940 λογισμὸν
3713 3869 3799 3937 τῆς

2225 3968 2542 4039 ἐπιθυμίας,
2569 3967 2627 4021 ὃν
2651 3966 2803 4036 λέγει
2821 3967 3203 4020 ἐκκόπτεσθαι.

2299 4062 2543 4127 Ἄλλως.
2587 4058 2710 4116 Τῶν
2739 4059 2955 4115 αὐτῶν.
2988 4056 3295 4128 Ὀφθαλμδς
3319 4056 3412 4109 καὶ
3456 4055 3581 4127 χεὶρ
3612 4056 3801 4116 νοεῖται

2223 4154 2252 4207 ὁ
2281 4153 2431 4223 φίλος
2459 4170 2473 4185 ·
2507 4151 2602 4207 ἐὰν
2654 4151 2762 4223 γάρ
2812 4167 2934 4203 τινα
2984 4149 3157 4213 οὕτως
3205 4148 3389 4219 φιλῇς,
3437 4147 3514 4210 ὡς
3561 4148 3619 4198 ἐν
3660 4143 3800 4208 τάξει

2224 4244 2506 4315 ὀφθαλμοῦ
2529 4242 2727 4310 δεξιοῦ,
2746 4243 2842 4296 καὶ
2865 4243 3133 4313 χρήσιμον
3163 4240 3328 4296 αὑτὸν
3365 4238 3608 4309 νομίζεις
3636 4238 3708 4301 ὡς
3746 4237 3800 4293 ἐν

2224 4336 2375 4402 τάξει
2395 4336 2578 4402 δεξιᾶς
2607 4335 2807 4407 χειρὸς,
2838 4335 2931 4387 καὶ
2955 4334 3178 4405 βλάπτει
3209 4350 3302 4387 σου
3334 4331 3433 4402 τὴν
3457 4331 3659 4402 ψυχὴν,
3677 4329 3801 4384 άπὸ-

2223 4447 2360 4501 τεμε
2397 4428 2616 4492 τούτους
2636 4427 2743 4481 ἀπὸ
2778 4427 2893 4491 σοῦ,
2920 4428 3013 4480 καὶ
3045 4427 3232 4499 πόρρω
3266 4423 3570 4496 χωρίσθητι
3602 4421 3695 4476 ἀπ’
3715 4421 3802 4473 αὺ-

555 4514 771 4570 salvare
795 4532 901 4571 non
934 4518 1177 4587 possitis,
1206 4518 1314 4574 imo
1344 4534 1471 4575 vero
1508 4521 1667 4575 ambo
1696 4517 1857 4574 simul
1891 4516 2118 4587 perituri

2228 4519 2358 4574 τῶν.
2380 4519 2497 4573 Ὄτ’
2531 4517 2598 4571 ἂν
2630 4516 2740 4590 γὰρ
2772 4516 2847 4588 μὴ
2882 4515 3143 4586 ἀλλήλους
3178 4514 3410 4584 σώζητε,
3444 4512 3583 4567 άλλὰ
3616 4510 3801 4582 μᾶλλον

554 4606 675 4661 sitis
716 4607 767 4661 in
817 4615 998 4662 mutua
1041 4609 1305 4665 societate
1352 4619 1658 4676 manentes,
1689 4609 1862 4665 satius
1896 4615 2004 4675 est,
2032 4606 2118 4663 vel

2228 4609 2539 4683 ἀμφότεροι
2595 4607 3047 4680 προσαπόλλυσθε
3100 4607 3254 4670 ὄντες
3312 4604 3490 4676 ὁμοῦ,
3546 4603 3800 4675 συμφέρει

554 4714 740 4762 unum,
772 4700 841 4755 ab
868 4700 974 4755 alio
1002 4712 1331 4772 separatum,
1363 4703 1579 4758 salvari.

625 4790 691 4859 γ,
722 4792 811 4847 51.
855 4792 1064 4847 Dictum
1100 4803 1179 4848 est
1211 4811 1229 4849 ε
1265 4795 1575 4866 Quicunque
1611 4794 1871 4849 dimiserit
1910 4812 2127 4852 uxorem

553 4899 727 4951 suam,
760 4886 847 4939 det
878 4886 925 4940 ei
960 4886 1191 4940 libellum
1226 4887 1453 4957 repudii.

627 4975 940 5045 Sapientem
1003 4993 1225 5034 uxorem
1295 4979 1578 5035 dimittens
1636 4976 1849 5048 copiam
1915 4978 1965 5034 ei
2037 4978 2130 5036 dat

557 5065 645 5121 alii
684 5068 940 5135 nubendi,
978 5069 1122 5139 quod
1170 5078 1253 5127 est
1299 5071 1682 5129 moechationis
1722 5086 1911 5142 genus,
1964 5072 2120 5141 quasi

558 5157 793 5212 nondum
829 5158 1093 5216 dissoluto
1147 5161 1378 5217 vinculo.
1436 5161 1555 5217 Non
1602 5160 1747 5215 enim
1799 5162 2005 5233 repudii
2058 5162 2126 5218 li-

556 5250 731 5309 bellus
768 5253 907 5323 apud
954 5254 1120 5308 Deum
1166 5255 1568 5310 matrimonium
1616 5254 1798 5322 solvit,
1843 5256 1938 5311 sed
1991 5256 2128 5311 mala

558 5345 942 5412 agendiraﬁo.

632 5435 738 5506 ιο
769 5436 834 5503 ν,
861 5438 953 5507 54,
986 5441 1075 5497 55.
1128 5439 1312 5509 Neque
1345 5455 1434 5507 per
1465 5438 1648 5493 caelum
1675 5479 1690 5506 ,
1736 5439 1861 5510 quia
1907 5439 2123 5494 thronus

558 5523 658 5580 Dei
684 5538 797 5593 est;
832 5546 991 5600 neque
1015 5546 1109 5600 per
1136 5538 1353 5585 terram.

628 5644 649 5674 ⁸
685 5644 704 5695 l
732 5643 858 5699 Cor.
891 5659 966 5710 vt,
996 5644 1049 5701 9.

630 5755 709 5821 (Ι)
745 5754 901 5823 Τάχα
921 5756 1041 5811 εἱσι
1070 5785 1140 5802 ησ-
1162 5755 1496 5818 ἑκκόπτειν,
1522 5754 1764 5811 Cramer.
1791 5769 1840 5823 p.
1874 5753 1960 5807 37.

633 5823 711 5896 (Ξ)
736 5826 933 5886 Ειπὼν
958 5858 1025 5871 —-
1048 5825 1156 5884 ἕνα
1185 5825 1470 5900 σωθῆναι.
1499 5828 1739 5886 Cramer.
1763 5841 1815 5896 ρ.
1842 5823 1931 5880 59.

2225 4700 2588 4773 χωρισθέντα,
2631 4698 2734 4752 κᾶν
2764 4698 2855 4751 τὸν
2884 4698 2981 4751 ἕνα
3017 4696 3276 4765 σωθῆναι.

2310 4792 2545 4862 Ἐρῤέθη
2574 4791 2642 4844 δὲ
2665 4792 2754 4844 ὅτι
2781 4789 2847 4856 ὃς
2884 4788 2961 4843 ἂν
2985 4788 3270 4856 ἀπολύσῃ
3290 4784 3406 4855 τὴν
3433 4783 3689 4855 γυναῖκα
3709 4783 3800 4837 αὺ-

2225 4884 2358 4954 τοῦ,
2383 4881 2712 4951 δότωαὺτῇ
2728 4880 3135 4936 ἀποστάσιον.

2234 4963 2240 4969 ’
2318 4983 2378 5036 Ὀ
2404 4982 2479 5051 ('5)
2508 4981 2608 5051 τὴν
2638 4978 2893 5049 σώφρονα
2915 4976 3193 5031 ἐκϐάλλων
3220 4974 3438 5028 δίδωσιν
3463 4972 3600 5043 αὐτῇ
3630 4970 3799 5024 ἄδειαν

2236 5074 2381 5145 ἄλλῳ
2408 5071 2741 5143 γαμηθῆναι,
2771 5071 2909 5140 ὅπερ
2954 5068 3104 5122 ἐστὶν
3133 5063 3271 5130 εἶδος
3317 5063 3588 5136 μοιχείας,
3616 5061 3799 5115 ὡσανεὶ

2237 5166 2315 5237 μὴ
2363 5164 2615 5233 λυθείσης
2654 5161 2946 5229 συζυγίας·
2990 5158 3052 5212 οὐ
3109 5157 3215 5229 γὰρ
3246 5156 3315 5210 τά
3360 5154 3621 5227 ῥεπούδια
3662 5151 3800 5224 παρὰ

2234 5254 2353 5325 Θεῷ
2372 5253 2486 5306 λύει
2516 5253 2606 5306 τὸν
2634 5251 2835 5323 γάμον,
2865 5248 2979 5305 ἀλλ’
3008 5248 3042 5318 ἡ
3075 5247 3277 5310 ἄτοπος
3306 5244 3528 5317 πρᾶξις.

2302 5434 2465 5501 Μήτε
2493 5433 2560 5487 ἑν
2600 5432 2679 5497 τῷ
2710 5429 2964 5503 οὐρανῷ,
2996 5430 3086 5485 ὅτι
3112 5426 3322 5498 θρόνος
3342 5425 3475 5481 ἐστι
3495 5423 3603 5480 τοῦ
3628 5418 3822 5523 Orat?"

2227 5524 2380 5597 μήτε
2402 5524 2472 5579 ὲν
2496 5524 2571 5594 τῇ
2598 5523 2698 5594 γῇ.

2329 5752 2385 5829 5)
2401 5753 2458 5813 '0
2476 5784 2545 5797 —-
2562 5753 2759 5818 ἄτοπος
2790 5749 3007 5823 πρᾶξις.
3028 5748 3271 5808 Cramer.
3294 5761 3351 5820 p.
3380 5746 3474 5805 '59.
3550 5828 3554 5832 ἱ
