4070 6510
250 384 352 441 581

1419 385 1780 444 COMMENT.
1823 384 1887 441 IN
1936 385 2384 442 ΜΑἸἽἹΙᾸΞΕΜ.

3412 389 3518 443 38⁸1

321 498 422 552 Διά
453 496 613 551 τοῦτο
641 497 839 552 κωλύει
868 500 1014 571 ἡμᾶς
1039 499 1266 573 ὀμνύναι
1299 501 1441 555 κατά
1468 502 1561 555 τοῦ
1600 501 1827 572 οὐρανοῦ

2008 499 2217 556 Idcirco
2261 501 2513 573 prohibet
2568 518 2666 559 nos
2714 503 2895 573 iurare
2932 520 3027 575 per
3071 505 3263 559 emittm
3300 519 3352 559 et
3403 518 3514 558 ter-

245 588 345 643 nl.
392 588 493 659 τῆς
540 587 666 659 γῆς,
699 589 786 643 ἵνα
830 591 904 662 μὴ
940 590 1124 662 δῶμεν
1152 594 1217 663 τῇ
1249 592 1425 646 κτίσει
1469 592 1531 645 τὸ
1563 592 1704 664 ὑπὲρ
1732 592 1830 662 τὴν

246 680 430 732 κτίσιν
456 678 694 749 ἀξίωμα,
728 679 1103 746 θεοποιοῦντες
1130 682 1319 753 αὑτήν.
1350 683 1413 735 υἱ
1441 681 1548 754 γὰρ
1570 681 1832 753 ὀμνύντες

246 771 441 841 αὐτὴν,
494 771 661 841 φησιν
709 773 738 826 6
777 772 1101 837 Ἀπόστολος
1125 812 1140 837 ,
1199 792 1217 826 t
1250 773 1392 830 κατά
1438 773 1533 829 τοῦ
1587 771 1832 846 μείζονος

242 862 564 933 ὀμνύουσιν.
600 884 620 916 ι

322 952 409 1020 Τῷ
449 954 719 1011 αἰτοῦντί
757 971 833 1011 σε
879 955 1083 1028 δίδου·
1125 957 1224 1012 καὶ
1273 957 1382 1013 τὸν
1422 959 1675 1014 θέλοντα
1710 955 1830 1011 ἀπὸ

243 1044 366 1101 σοῦ
394 1045 791 1104 δανείσασθαι
816 1048 904 1119 μὴ
932 1048 1348 1119 ἀποστραφῇς.

318 1138 472 1198 "Eoo,
495 1139 660 1207 φησιν
686 1144 714 1192 6
734 1139 991 1210 Χριστὸς,
1014 1139 1089 1211 μὴ
1116 1140 1253 1211 πρὸς
1277 1140 1339 1193 τὸ
1366 1138 1667 1210 λαμϐάνειν
1688 1136 1830 1191 ἕτοι-

247 1244 370 1295 μος,
403 1227 540 1281 ἀλλὰ
570 1229 705 1298 πρὸς
727 1228 788 1282 τὸ
816 1229 1038 1285 διδόναι.
1074 1229 1146 1283 Τὸ
1171 1229 1271 1301 μὲν
1295 1228 1404 1301 γάρ
1434 1214 1657 1300 χωρίζει
1682 1228 1829 1298 ἡμᾶς

241 1320 354 1372 ἀπὸ
374 1319 538 1373 Θεοῦο
569 1321 631 1374 τὸ
658 1320 714 1375 δὲ
738 1320 1032 1376 συνάπτειν
1056 1322 1267 1391 πέφυκε
1288 1336 1303 1351 ο
1327 1322 1422 1375 καὶ
1446 1320 1680 1392 μάλιστα
1701 1320 1830 1373 ὅταν

241 1410 273 1461 6
304 1410 472 1465 αἰτῶν
512 1410 661 1476 ἄξιος
689 1412 952 1483 τυγχάνῃ,
979 1413 1074 1466 καὶ
1103 1411 1287 1466 δικαία
1316 1414 1348 1483 ἡ
1382 1412 1615 1484 αἴτησις.

312 1501 429 1555 οὐκ
459 1503 553 1555 ἐπὶ
581 1501 744 1572 ψιλῆς
790 1503 888 1573 τῆς
916 1503 1116 1570 λέξεως
1148 1504 1351 1577 πρέπει
1385 1503 1661 1565 ἵστασθαι,
1693 1500 1830 1557 ἀλλὰ

239 1591 334 1644 τὸν
368 1591 569 1645 σκοπὸν
587 1593 685 1662 τῆς
717 1594 937 1663 ἐντολῆς
967 1594 1242 1662 ἐξετάζειν
1267 1594 1529 1666 ἀκριϐῶς.
1556 1592 1690 1648 Οὔτε
1718 1592 1827 1664 γὰρ

241 1682 410 1735 παντὶ
437 1682 675 1738 αἰτοῦντι
709 1683 920 1738 κελεύει
948 1685 1167 1747 διδόναι,
1199 1685 1303 1740 κᾶν
1337 1685 1411 1756 μὴ
1445 1684 1543 1757 ἔχῃ
1574 1699 1677 1747 τις·
1704 1682 1828 1736 ἁδύ-

239 1788 403 1827 νατον
432 1777 563 1846 γάρ’
592 1774 715 1830 οὔτε
750 1778 856 1847 μὴν
890 1776 985 1833 ἐὰν
1028 1778 1162 1849 ἔχοι,
1198 1778 1375 1848 αἰτοίη
1406 1777 1462 1831 δέ
1491 1794 1575 1841 τις
1610 1776 1826 1839 κακῶς⁹

237 1836 456 1936 χείρων,
472 1836 581 1936 γάρ
604 1867 635 1937 ἡ
661 1836 827 1934 δόσις,
852 1870 980 1924 ὅταν
1004 1872 1032 1924 6
1188 1869 1326 1942 πρὸς
1355 1836 1647 1938 ἀσέλγειαν
1676 1836 1824 1939 αἰτῇ,
1862 1836 1904 1890 Β

240 1954 310 2008 σὺ
340 1955 398 2009 δὲ
431 1960 724 2023 παοασγῆς
759 1957 894 2029 ὓλην
944 1959 1045 2031 τῆς
1095 1960 1353 2031 τοιαύτης
1391 1960 1691 2023 ἀκολασίας
1744 1960 1827 2013 δι-

237 2043 388 2107 δούς.

327 2136 469 2205 Ἐγὼ
501 2136 570 2190 δὲ
604 2138 760 2209 λέγω
810 2139 980 2209 ὑμῖν
1040 2138 1332 2210 ’Λγαπᾶτε
1389 2142 1532 2208 τοὺς
1575 2140 1829 2211 ἐχθροὺς

236 2225 431 2296 ὑμῶν.

324 2317 468 2371 Ἀλλ’
499 2318 630 2384 ἴσως
656 2337 743 2385 τις
770 2322 863 2375 τὸν
897 2322 1168 2395 μακάριον
1215 2323 1426 2377 Παῦλον
1468 2324 1545 2388 ὡς
1580 2324 1830 2393 καταρώ-

237 2426 405 2479 μενον
433 2411 524 2464 τὸν
553 2412 758 2482 χαλκέα
803 2413 1152 2486 Ἀλέξανδρον
1180 2416 1475 2486 προσάγων
1518 2418 1670 2486 ἡμῖν,
1703 2416 1829 2469 πεί-

238 2517 354 2555 me
388 2502 463 2572 μὴ
492 2504 617 2566 τοὺς
646 2503 875 2575 ἐχθροὺς
907 2506 1147 2577 ἀγαπᾷν.
1180 2507 1324 2578 Πρὸς
1354 2508 1413 2561 ὃν
1448 2506 1593 2560 ἔστιν
1629 2509 1823 2571 εἰπεῖν,

234 2593 326 2645 ὅτι
350 2592 445 2663 οὐχ
473 2593 548 2657 ὡς
578 2592 708 2648 ἴδιον
736 2596 951 2668 ἐχθρὸν,
976 2597 1091 2651 ἀλλ’
1118 2597 1194 2661 ὼς
1218 2598 1315 2651 τοῦ
1347 2597 1587 2671 Χριστοῦ
1612 2599 1708 2653 καὶ
1731 2598 1826 2653 τοῦ

234 2684 600 2753 Εὐαγγελίου,
633 2690 940 2759 καταρᾶται
986 2692 1014 2742 6
1062 2688 1291 2757 Παῦλος,
1322 2689 1587 2745 διδάσκων
1633 2691 1709 2755 ὼς
1739 2690 1828 2745 ἀεὶ

241 2778 362 2840 τοῖς
392 2776 656 2842 τοιούτοις
682 2777 786 2850 χρὴ
823 2780 1083 2850 πολεμεῖν
1121 2779 1221 2851 (Ι).

306 2956 384 3026 (2)
438 2957 767 3029 Ἀγαπῶμεν
807 2960 935 3023 τοὺς
990 2956 1220 3032 ὶχθροὺς
1246 3001 1261 3026 ,
1296 2959 1355 3013 οὐ
1405 2959 1528 3013 καθ’
1577 2959 1604 3013 6
1646 2964 1826 3031 μοιχοί

229 3047 428 3118 εισινῆ
455 3051 657 3118 φονεῖς,
692 3049 829 3105 ἀλλά
879 3050 1014 3104 καθὸ
1044 3051 1343 3122 ἄνθρωποι.
1379 3052 1453 3105 Τὸ
1481 3049 1590 3121 γὰρ
1639 3050 1822 3122 ἀμαρ-

226 3231 373 3286 Θεοῦ
398 3233 428 3302 ἠ
460 3234 723 3305 ἁμαρτία.

308 3324 643 3394 Προσέχετε
676 3326 786 3394 τὴν
817 3327 1239 3396 ἐλεημοσύνην
1270 3328 1467 3398 ὑμῶν,
1492 3332 1579 3401 μὴ
1626 3330 1821 3385 ποιεῖν

228 3412 582 3481 ἔμπροσθεν
612 3414 733 3468 τῶν
756 3416 1103 3483 ἀνθρώπων.

309 3502 389 3573 (ὅ)
424 3503 484 3556 'U
522 3504 592 3557 δι’
631 3505 763 3559 αὐτὸ
811 3507 873 3560 τὸ
924 3507 1088 3561 καλὸν
1155 3508 1324 3563 ποιῶν
1382 3510 1604 3583 ἀρετὴν,
1651 3513 1821 3584 ὑπερ-

230 3590 467 3661 κόσμιον
496 3591 612 3663 ἔχει
646 3592 708 3647 τὸ
740 3594 1026 3665 καύχημα.

307 3685 789 3755 Προσευχόμενοι
809 3685 878 3739 δὲ
890 3685 977 3755 μὴ
1003 3687 1501 3759 ﬁducia-Mante
1536 3689 1740 3765 ὥσπερ
1764 3695 1820 3748 οι

225 3771 481 3827 ἐθνικοί.

307 3871 407 3925 Διὰ
437 3870 598 3925 τοῦτο
627 3871 703 3942 (4)
733 3874 761 3927 6
786 3874 1020 3945 Χριστὸς
1041 3877 1407 3946 παρακελεύει
1436 3879 1523 3935 διὰ
1550 3862 1817 3953 συντόμου

228 3959 339 4021 τὰς
377 3962 689 4031 προσευχὰς
743 3963 1036 4027 ποιεῖσθαι,
1097 3966 1396 4040 ἐπειδήπερ
1420 3963 1527 4023 οἶδε
1570 3970 1664 4024 τὸν
1692 3972 1818 4027 νοῦν

227 4049 626 4121 εὐπαράφορον
670 4050 822 4115 ὄντα,
869 4055 965 4107 καὶ
1013 4054 1080 4108 δι’
1126 4057 1347 4111 ἐννοιῶν
1376 4059 1471 4112 καὶ
1524 4061 1818 4132 φροντίδων

230 4141 487 4209 ματαίων
518 4142 983 4215 άποπλανὼμενον
1003 4184 1018 4209 ,
1068 4146 1304 4217 μάλιστα
1332 4150 1390 4202 ὲν
1416 4149 1492 4222 τῷ
1519 4152 1619 4223 τῆς
1652 4170 1819 4225 προσ-

224 4234 402 4302 ευχῆς
422 4231 599 4303 καιρῷ
616 4247 636 4265 ⁸
663 4234 759 4287 καὶ
786 4237 1151 4306 παραγγέλλει
1173 4239 1457 4311 νηφαλέως
1482 4245 1578 4297 καὶ
1606 4244 1817 4314 ταχέως

225 4324 410 4376 αἰτεῖν
437 4323 530 4378 τὸν
561 4324 692 4379 Θεὸν
718 4323 754 4379 ἀ
784 4324 941 4397 ζητεῖ
964 4368 978 4393 ,
1017 4328 1091 4399 μὴ
1121 4329 1299 4384 πάντα
1346 4332 1446 4384 ὅσα
1474 4332 1615 4386 Θέλει
1646 4336 1816 4402 ἀναγ-

223 4412 497 4480 γέλλοντα
515 4417 541 4447 ·’
569 4415 729 4470 τοῦτο
755 4417 866 4490 γάρ
889 4418 989 4488 τῆς
1014 4420 1192 4491 ἄκρας
1215 4422 1332 4475 ἐστι
1364 4425 1810 4494 φρενοϐλαϐείας·

1938 608 2094 659 ram,
2166 606 2233 648 ue
2295 604 2564 648 creaturae
2630 602 2796 664 supra
2854 603 3163 650 creaturam
3218 596 3517 655 tribuamus

1935 683 2277 753 dignitatem,
2330 683 2649 740 deificanles
2705 684 2895 754 ipsam.
2954 684 3058 752 Qui
3123 686 3271 740 enim
3329 687 3519 757 jurant

1933 791 2030 846 per
2061 776 2254 845 ipsam,
2297 775 2475 846 inquit
2498 775 2808 846 Apostolus,
2842 793 2862 828 ι
2901 790 2999 848 per
3026 777 3287 848 majorem
3326 777 3407 833 sui
3428 777 3519 849 ju-

1933 877 2054 924 rant
2084 869 2123 925 ⁸.
2162 887 2180 920 t
3592 926 3597 931 .

2007 960 2107 1027 ιι
2141 959 2207 1025 γ,
2246 958 2333 1013 42.
2371 958 2477 1024 Qui
2501 970 2675 1012 autem
2709 957 2836 1028 petit
2869 975 2900 1013 a
2934 966 3004 1024 le,
3033 959 3104 1013 da
3135 957 3204 1024 ei,
3238 966 3287 1012 et
3321 958 3517 1012 volenti

1930 1051 2167 1103 mutuari
2200 1066 2232 1102 a
2268 1062 2338 1113 te,
2371 1066 2432 1104 ne
2467 1050 2724 1104 averteris

2006 1139 2115 1205 Sis,
2131 1139 2488 1203 aitChristus,
2504 1154 2609 1193 non
2630 1139 2695 1193 ad
2716 1137 3085 1207 accipiendum
3105 1148 3405 1208 promptos,
3422 1135 3517 1191 sed

1932 1231 1998 1285 ad
2024 1229 2278 1286 dandum.
2314 1228 2470 1284 Prius
2510 1229 2658 1285 enim
2701 1228 2831 1283 illud
2868 1245 2895 1282 a
2931 1230 3039 1283 Deo
3076 1243 3177 1283 nos
3211 1226 3515 1299 disiungit:

1932 1324 2035 1379 hoc
2068 1332 2244 1378 autem
2279 1323 2454 1377 eidem
2490 1323 2761 1376 admovet.
2814 1320 3128 1376 Praesertim
3180 1320 3397 1390 quando
3423 1317 3515 1390 qui

1932 1415 2066 1484 petit
2100 1414 2293 1482 dignus
2332 1412 2516 1478 fuerit,
2549 1423 2602 1467 et
2636 1427 2787 1482 aequa
2823 1410 2895 1466 sit
2921 1411 3234 1482 postulatio.

2002 1506 2115 1561 Non
2154 1506 2204 1560 in
2238 1506 2378 1561 nuda
2415 1504 2650 1559 dictione
2697 1504 2893 1559 sistere
2936 1503 3207 1569 convenit,
3243 1504 3339 1558 sed
3371 1518 3515 1571 prte-

1930 1598 2070 1665 cepti
2111 1611 2307 1663 scopus
2350 1602 2539 1649 exacte
2571 1592 2931 1663 indagandos.
2978 1591 3165 1662 Neque
3195 1592 3337 1646 enim
3364 1591 3510 1646 omni

1930 1688 2131 1759 petenti
2167 1689 2297 1741 dare
2338 1685 2604 1755 praecipit,
2656 1685 2758 1739 etsi
2803 1683 2925 1753 quis
2964 1683 3097 1737 nihil
3142 1683 3355 1746 habeat,
3392 1681 3509 1737 lteri

1931 1780 2074 1834 enim
2120 1778 2222 1832 hoc
2252 1792 2357 1831 non
2392 1785 2590 1844 potest,
2640 1789 2814 1844 neque
2863 1774 2991 1829 licet
3041 1774 3164 1845 quis
3197 1774 3413 1838 haheat,
3462 1768 3511 1829 si

1932 1868 2068 1924 mala
2124 1868 2227 1922 [ide
2269 1867 2505 1936 petierit.
2537 1865 2694 1933 Pejus
2742 1874 2822 1919 est
2863 1866 3005 1919 enim
3061 1865 3237 1935 ipsum
3285 1865 3510 1929 donum,

1929 1960 2145 2031 quando
2188 1959 2311 2030 quis
2360 1957 2426 2012 ad
2463 1958 2767 2012 socordiam
2805 1958 2958 2027 petit,
2995 1965 3049 2011 tu
3083 1970 3212 2011 vero
3242 1954 3315 2011 illi
3344 1954 3508 2023 dans,

1929 2053 2211 2108 materiam
2242 2051 2288 2105 el
2321 2049 2689 2104 dissolutionis
2715 2050 2944 2119 praebes.

1999 2143 2065 2209 γ,
2108 2143 2197 2197 ιι.
2243 2140 2354 2214 Ego
2389 2150 2563 2195 autem
2600 2140 2719 2196 dico
2774 2139 2914 2196 vobis
2942 2179 2960 2208 ,
2992 2138 3214 2208 Diligite
3263 2137 3508 2193 inimicos

1928 2246 2148 2291 vestros.

2003 2327 2105 2400 ιε
2134 2326 2240 2381 Sed
2271 2325 2412 2383 forte
2444 2324 2637 2395 aliquis
2676 2325 2896 2380 beatum
2937 2321 3160 2377 Paulum
3196 2321 3507 2377 Alexandro

1929 2417 2120 2471 aerario
2150 2414 2243 2469 Dei
2278 2414 2568 2469 vindictam
2601 2413 2985 2484 imprecantem
3013 2411 3170 2467 nobis
3193 2412 3504 2481 producens

1930 2508 1984 2562 in
2016 2508 2249 2562 medium
2271 2507 2316 2571 ",
2346 2506 2578 2561 suadere
2605 2505 2750 2560 volet
2794 2505 3046 2560 inimicos
3083 2520 3187 2558 non
3218 2504 3501 2559 amandos.

1929 2601 2025 2656 Cui
2056 2601 2484 2670 respondendum
2509 2609 2610 2667 est,
2639 2615 2743 2654 non
2777 2610 3027 2667 tanquam
3057 2596 3207 2652 Pauli
3235 2597 3501 2667 privatum

1929 2689 2233 2755 inimicum,
2270 2691 2365 2742 sed
2404 2697 2455 2740 ut
2489 2687 2693 2741 Christi
2730 2697 2893 2756 atque
2927 2687 3204 2758 Evangelii
3248 2687 3499 2749 hostem,

1927 2780 2177 2836 devotum
2214 2793 2333 2833 esse
2352 2794 2378 2831 a
2400 2776 2565 2833 Paulo
2585 2777 2971 2843 Alexandrum,
2996 2779 3074 2831 sic
3099 2780 3322 2832 docente
3345 2784 3506 2829 teter-

1929 2888 2055 2927 nttm
2083 2886 2203 2925 cum
2232 2870 2426 2925 talibus
2455 2870 2657 2924 bellum
2695 2871 2989 2940 gerendum
3025 2885 3169 2924 esse.

2002 2963 2296 3034 Diligamus
2323 2962 2593 3025 inimicos,
2624 2978 2727 3017 non
2763 2963 2815 3017 in
2843 2972 3106 3032 quantum
3136 2962 3336 3017 mmehi
3375 2965 3503 3014 sunt

1928 3054 2010 3112 vel
2048 3054 2351 3117 homicidae,
2388 3054 2482 3108 sed
2527 3063 2584 3106 ut
2625 3053 2897 3109 homines.
2931 3051 3168 3107 Peccare
3197 3051 3340 3106 enim
3375 3060 3505 3118 ope-

218 3139 420 3193 τάνειν
445 3141 725 3213 ἐνεργείας
756 3144 927 3206 ἐστὶν,
971 3144 1072 3198 οὐκ
1105 3145 1295 3207 οὐσίας
1327 3143 1459 3222 ’,διὸ
1490 3142 1615 3197 οὕτε
1655 3143 1819 3216 ἔργον

1928 3148 2152 3205 rationis
2193 3156 2296 3209 est,
2350 3160 2454 3201 non
2509 3153 2755 3212 natura;
2790 3145 2911 3200 ideo
2956 3159 3056 3200 nec
3087 3152 3365 3215 peccatum
3417 3146 3503 3194 est

1922 3254 2055 3312 opus
2087 3238 2205 3293 Dei.

1997 3327 2081 3393 Vl,
2119 3329 2169 3385 i.
2220 3327 2491 3384 Attendite
2524 3344 2586 3383 ne
2615 3328 2991 3399 elemosynam
3031 3337 3252 3383 vestram
3287 3325 3498 3396 faciatis

1923 3437 2099 3477 coram
2132 3418 2451 3474 hominibus.

1995 3509 2096 3577 Qui
2157 3517 2382 3581 propter
2441 3508 2730 3565 honestum
2791 3509 2964 3567 solum
3020 3510 3277 3565 virtutem
3328 3507 3497 3577 colit,

1920 3604 2191 3676 egregiam
2219 3602 2427 3657 laudem
2460 3612 2715 3658 meretur.

1990 3694 2090 3758 Vl,
2124 3693 2175 3747 7.
2213 3697 2438 3749 Orontes
2477 3702 2655 3748 autent
2691 3692 2853 3748 nolite
2886 3693 3108 3748 multum
3135 3692 3299 3764 loqui,
3329 3702 3384 3745 ut
3407 3705 3499 3745 ιο-

1921 3785 2026 3841 lent
2057 3786 2271 3841 ethnici.
2648 3794 2656 3801 “

1990 3875 2114 3931 Ideo
2137 3875 2391 3932 Christus
2430 3890 2620 3947 preces
2646 3874 2799 3943 jubet
2844 3875 2912 3930 ad
2956 3874 3333 3946 compendium
3371 3887 3499 3927 con-

1922 3968 2097 4034 ferre,
2128 3967 2257 4040 quia
2298 3978 2532 4023 mentem
2566 3978 2807 4023 nostram
2857 3966 3012 4023 facile
3047 3975 3367 4034 evagantem
3400 3979 3499 4018 no-

1923 4060 2038 4126 vit,
2077 4059 2602 4132 cogitationibusque
2644 4059 2810 4114 variis
2854 4067 2909 4113 et
2937 4058 3083 4112 curis
3109 4056 3455 4111 deerrantem
3476 4094 3492 4118 ,

1921 4152 2222 4221 praesertim
2252 4161 2496 4220 tempore
2518 4150 2801 4206 orationis.
2837 4148 3056 4204 Mandat
3076 4162 3203 4220 ergo
3226 4159 3285 4202 ut
3317 4146 3497 4203 sobrie

1922 4244 2279 4313 celeriterque
2332 4252 2482 4314 petat
2517 4243 2682 4298 homo
2708 4258 2739 4295 a
2771 4242 2879 4297 Deo
2907 4256 3026 4312 quae
3067 4239 3332 4310 requirit,
3383 4254 3492 4293 non

1921 4343 2099 4387 autem
2151 4341 2210 4386 ut
2256 4333 2473 4397 omnia,
2524 4346 2645 4401 qua:
2666 4331 2811 4397 vult,
2856 4330 3151 4386 enuntiet:
3189 4331 3305 4386 haec
3349 4330 3493 4385 enim

1919 4435 2130 4476 summa
2168 4421 2310 4475 foret
2353 4420 2623 4484 stultitia,
2670 4420 2937 4490 siquidem
2990 4428 3116 4476 ante
3144 4419 3492 4489 petitionem,

222 4503 342 4560 οῐδε
375 4508 485 4577 γὰρ
528 4510 556 4562 6
599 4508 732 4571 Θεὸς
760 4510 855 4563 καὶ
885 4511 991 4581 πρὸ
1036 4512 1131 4565 τοῦ
1166 4512 1312 4583 ἡμᾶς
1358 4515 1614 4584 αίτῆσαι,
1650 4517 1813 4572 τίνων

1928 4513 2100 4568 omnia
2129 4514 2233 4567 scit
2263 4512 2405 4568 Deus
2438 4513 2639 4582 quibus
2674 4526 2915 4582 egemus.
2961 4510 3322 4581 Battologiam
3368 4525 3496 4565 vero

221 4598 542 4671 χρῄζομεν⁸
577 4600 899 4672 βαττολογία
933 4603 988 4656 δὲ
1023 4603 1237 4673 λέγεται
1280 4606 1313 4677 ἡ
1350 4607 1664 4676 πολυλογία,
1704 4609 1813 4663 ἀπὸ

1928 4603 2098 4659 iicunt
2150 4604 2346 4669 Graeci,
2382 4605 2524 4674 quod
2577 4605 2753 4659 Latini
2794 4603 3214 4672 multiloquium,
3260 4617 3288 4656 a
3340 4601 3497 4656 Batto

224 4690 445 4745 Βάττου
496 4692 640 4755 τινὸς
670 4693 926 4765 Ἕλληνος
953 4735 967 4759 ,
1024 4696 1267 4767 μακροὺς
1316 4700 1408 4752 καὶ
1459 4700 1812 4773 πολυστίχους

1928 4694 2146 4763 inodum
2173 4733 2189 4758 ,
2221 4693 2311 4763 qui
2342 4692 2534 4764 longos
2561 4694 2961 4763 multorumque
2982 4708 3233 4749 versuum
3264 4692 3497 4763 hymnos

224 4780 440 4849 ὖμνους
489 4782 816 4852 ποιήσαντος
852 4784 932 4847 είς
968 4784 1038 4837 τὰ
1084 4786 1295 4852 εἴδωλα,
1333 4789 1427 4842 καὶ
1458 4791 1815 4861 ταυτολογίαν

1928 4802 1967 4839 ιι
1999 4784 2136 4840 idola
2174 4784 2337 4851 fecit,
2387 4801 2513 4840 cum
2559 4788 2852 4840 verborum
2902 4785 3247 4856 repetitione.
3283 4784 3350 4839 Et
3374 4785 3497 4855 qui-

221 4866 481 4937 ἔχοντας.
515 4870 846 4940 Βαττολογία
877 4873 992 4926 ἐστὶ
1029 4874 1089 4927 τὸ
1110 4874 1216 4942 ἔξω
1249 4876 1343 4931 τοῦ
1385 4878 1551 4933 καλοῦ
1580 4881 1678 4953 (5).

1928 4875 2036 4931 lem
2067 4875 2364 4946 battologia
2399 4875 2588 4931 vitium
2621 4876 2891 4933 sermonis
2913 4886 3015 4932 est.

614 4960 859 5017 Ἐλθέτω
895 4963 933 5031 ἡ
969 4964 1258 5028 ,βασιλεία
1294 4984 1433 5023 σου.

1995 4967 2097 5039 l3
2139 4967 2226 5034 Vl,
2268 4968 2357 5023 10.
2396 4970 2661 5024 Adveniet
2692 4985 2908 5040 regnum
2947 4978 3117 5023 tuum.

302 5048 469 5102 Φύσει
497 5050 630 5114 Θεὸς
652 5054 681 5105 6
708 5053 943 5123 Χριστὸς
973 5054 1252 5126 ὑπάρχων,
1291 5057 1386 5112 καὶ
1417 5057 1577 5128 φύσει
1602 5058 1810 5132 ἅνθρω-

1986 5060 2121 5114 Cum
2152 5059 2222 5113 sit
2252 5058 2734 5115 Christus‘natura
2767 5060 2932 5124 Deus,
2981 5067 3039 5113 et
3068 5066 3257 5113 natura
3293 5057 3491 5121 homo;

222 5154 359 5202 πος,
405 5140 763 5211 οἰκονομικῶς
822 5141 1038 5212 λέγεται
1093 5145 1377 5215 βασιλεὺς,
1409 5150 1688 5204 τουτέστιν
1735 5151 1812 5217 ῶς

1928 5150 2020 5205 hoc
2052 5151 2337 5219 posteriori
2373 5152 2640 5207 duntaxat
2676 5161 2925 5221 respectu
2962 5166 3059 5206 rex
3092 5150 3316 5216 dicitur,
3356 5165 3491 5219 qua-

223 5227 556 5301 ἇιθρωπος·
594 5230 681 5285 διά
712 5231 870 5286 τοῦτο
911 5236 961 5287 οἱ
1004 5234 1202 5290 δίκαιοι
1233 5239 1555 5311 ἐπεύχονται
1599 5242 1811 5307 ἑαυτοῖς

1928 5251 2075 5299 lenus
2109 5244 2364 5298 nimirum
2396 5252 2481 5299 est
2527 5244 2707 5299 homo.
2744 5242 3038 5315 Propterea
3088 5243 3142 5298 in
3193 5241 3333 5298 votis
3378 5242 3494 5297 suis

305 5407 329 5438 ⁸
365 5403 528 5460 Hebr.
564 5420 636 5469 vt,
670 5406 754 5461 ili.
795 5408 814 5438 ⁷
853 5407 895 5463 ll
919 5406 1157 5466 Timeth.
1184 5411 1257 5479 iv,
1293 5414 1358 5467 14

1992 5579 2069 5650 (ι)
2101 5580 2202 5636 Διά
2234 5581 2410 5636 τοῦτο
2438 5613 2505 5625 --
2528 5583 2633 5638 τοῦ
2662 5584 2874 5638 καλοῦ.
2901 5583 3002 5638 Mai
3037 5555 3100 5637 Β.
3139 5583 3209 5639 .v.
3244 5581 3329 5650 ιιι,
3364 5582 3488 5639 tae.

1996 5650 2074 5721 (5)
2090 5650 2411 5724 Fragmenti
2436 5654 2593 5723 hujus
2615 5669 2738 5724 pars
2762 5655 3009 5708 exstabat
3026 5654 3078 5709 in
3104 5654 3314 5710 Possiu.
3346 5655 3489 5724 Cat.,

1923 5735 2050 5791 pars
2087 5722 2229 5779 item
2247 5723 2299 5779 in
2333 5722 2557 5781 Corde’r.
2582 5739 2596 5791 ;
2626 5723 2827 5795 reliqua
2861 5739 3005 5781 nunc
3042 5724 3333 5782 adduntur.

307 5563 390 5640 (ξ)
427 5562 594 5640 Paulo
620 5565 777 5640 aliter
802 5575 992 5640 catena
1013 5568 1291 5640 _Cratneri,
1320 5586 1373 5640 p.
1401 5575 1493 5632 42,

230 5635 410 5771 ῐὶ,(ἓι).
439 5633 786 5704 Ἀγαπῶμεν
814 5664 881 5677 -
914 5637 951 5703 ἠ
991 5633 1288 5708 ἁμαρτία(
1316 5633 1514 5742 Catena
1550 5646 1811 5718 Cratnet‘i,

308 5774 391 5846 (ὅ)
436 5776 497 5830 ’0
528 5776 601 5831 δι’
625 5777 771 5833 αὐτὸ
814 5811 875 5822 ,η-
909 5776 967 5833 ul-
998 5780 1290 5854 καύχημα.
1328 5785 1457 5845 Ibid.
1481 5801 1533 5860 Ρ.
1568 5785 1653 5843 43.
