4070 6532
544 386 649 442 387

1572 378 1629 436 S.
1671 378 1943 436 CYRILLI
1982 379 2451 436 ALEXANDRINI
2492 380 2792 438 ABCIIIEP

3691 381 3805 435 538

546 504 713 557 ralem
749 498 1150 569 improbitatem
1202 498 1532 559 attribucre,
1580 511 1887 567 quanquam
1924 509 2115 565 reapse

2226 515 2323 567 περ
2357 497 2432 569 μὴ
2460 498 2619 566 φύσει
2640 498 2843 561 κακοὺς
2871 495 3392 568 δημιονρείηθέντας,
3422 496 3533 549 ἀλλ’
3556 495 3614 560 ἐξ
3639 497 3805 547 αὖτο-

544 593 765 647 minime
791 598 980 644 natura
1020 588 1142 643 mali
1185 591 1351 645 creati
1399 588 1621 654 fuerim,
1672 589 1765 643 sed
1822 587 2118 641 voluntaria

546 683 751 738 malitia
787 681 1153 736 estabuerint.

616 771 727 839 γυ,
760 772 847 828 l5.
888 773 1153 827 Attendite
1183 789 1215 826 a
1257 771 1407 839 falsis
1452 770 1745 839 prapltetis,
1782 767 1869 840 qui
1902 768 2111 823 veniunt

542 866 612 916 ad
642 880 728 917 vas
759 865 813 917 in
840 863 1163 917 vestimentis
1193 862 1385 916 ovium.
1486 900 1489 901 ν

617 954 680 1009 lli
712 964 839 1009 sunt
881 954 1147 1020 hazretici,
1190 953 1341 1009 falsis
1377 962 1430 1008 et
1461 952 1718 1006 coloratis
1764 949 2112 1005 sermonibus

548 1047 833 1103 nonnullos
866 1047 1232 1118 decipientes;
1281 1047 1476 1116 quibus
1518 1045 1561 1100 si
1604 1045 1764 1100 fidem
1797 1045 2114 1109 adhibeant,

551 1148 675 1195 tunc
712 1154 806 1194 cos
851 1139 918 1192 ad
962 1152 1024 1193 ea
1057 1136 1300 1193 facienda
1351 1136 1633 1207 impellunt
1673 1151 1794 1206 quae
1836 1150 1943 1191 non
1989 1150 2120 1191 con-

548 1230 717 1284 venit.

622 1320 730 1382 Vll,
758 1318 847 1374 26.
886 1317 954 1372 Et
1002 1320 1169 1373 omnis
1217 1320 1307 1388 qui
1359 1319 1506 1371 audit
1544 1317 1696 1371 verba
1742 1334 1857 1372 mea
1903 1318 2033 1382 hac,
2066 1327 2117 1371 et

548 1427 649 1464 non
672 1412 796 1476 facit
824 1427 885 1464 ea
908 1450 923 1474 ,
961 1411 1150 1464 similis
1182 1412 1279 1464 erit
1326 1412 1434 1463 viro
1468 1410 1660 1473 stulto,
1704 1410 1793 1479 qui
1839 1409 2116 1477 wdiﬁmvit

545 1507 756 1557 domum
789 1518 939 1555 suam
975 1518 1131 1573 super
1158 1518 1392 1556 arenam.

622 1593 726 1664 ιθ
761 1592 860 1660 Qui
915 1593 1252 1649 solummodo
1292 1608 1560 1649 sermonis
1597 1594 1811 1649 auditor
1851 1600 1969 1661 est,
2011 1607 2117 1647 non

546 1687 673 1740 item
710 1686 905 1751 factor,
936 1685 1117 1740 domui
1166 1686 1499 1741 assimilatur
1531 1686 1584 1740 in
1627 1699 1787 1741 arena
1819 1685 2115 1750 aedificatio,

545 1795 664 1848 qua:
697 1788 937 1848 tempore
964 1777 1274 1832 tentationis
1309 1779 1535 1841 corruit,
1565 1786 1619 1832 et
1642 1778 1920 1840 evertitur,
1950 1775 2117 1846 patri-

548 1874 650 1924 bus
707 1869 1007 1939 iniquitatis
1058 1869 1411 1938 spirantibus,
1470 1868 1794 1922 turbulentis
1845 1868 1999 1936 aquis
2053 1866 2119 1920 ad
2150 1848 2192 1904 Β

548 1962 783 2015 animam
817 1975 987 2030 usque
1022 1960 1430 2029 ingruentibus,
1466 1976 1528 2014 ac
1559 1960 1766 2014 turbida
1802 1967 2121 2028 tempestate

548 2052 853 2124 iniquitatis
882 2067 1004 2107 eum
1035 2061 1433 2115 commovente,
1468 2061 1519 2106 et
1553 2053 1604 2105 in
1642 2062 1942 2106 extremum
1974 2052 2121 2120 peri-

547 2140 726 2196 culum
754 2141 1074 2194 atlduccnte.
1098 2141 1261 2195 Recte
1292 2142 1531 2209 quidem,
1557 2160 1575 2191 ‹
1601 2140 1922 2195 Assimilabo
1940 2155 2115 2206 eum,»

547 2233 613 2286 de
639 2231 881 2301 sapiente
923 2232 1088 2296 dixit;
1119 2231 1183 2285 de
1209 2234 1370 2286 stulto
1390 2248 1540 2295 vero,
1575 2250 1593 2283 ι
1635 2231 2053 2287 Assimilabitur.
2096 2250 2115 2285 ι

547 2324 775 2379 Virtutis
824 2324 1086 2393 siquidem
1134 2335 1385 2393 operator
1412 2326 1591 2379 omnia
1630 2334 1804 2393 potest
1836 2325 1990 2381 inteo
2028 2324 2121 2394 qui

547 2416 822 2472 coufortat
860 2430 1006 2480 eum,
1037 2414 1278 2479 Christo,
1314 2430 1344 2468 a
1381 2430 1488 2485 quo
1513 2416 1651 2485 apud
1698 2414 1942 2469 homines
1978 2425 2124 2469 recte

550 2504 717 2569 facta,
750 2518 780 2557 a
814 2517 921 2572 quo
949 2503 1238 2572 sapientia,
1265 2512 1315 2557 et
1346 2503 1700 2574 intelligentia
1721 2544 1735 2569 ,
1766 2513 1823 2558 et
1858 2504 1924 2558 ad
1961 2517 2124 2559 omne

546 2596 744 2649 bonum
785 2593 1125 2649 assitnilatio.
1166 2593 1373 2648 Pravus
1424 2609 1552 2648 vero
1594 2593 1762 2648 Deum
1813 2610 1918 2649 non
1959 2594 2124 2649 habet

546 2683 858 2739 vitiositatis
924 2699 1039 2737 sua:
1084 2698 1146 2736 ac
1200 2684 1485 2737 dementia:
1530 2694 1801 2738 auctorem
1838 2702 1853 2739 :
1891 2684 1983 2739 sed
2027 2685 2125 2740 de-

547 2776 713 2831 menti
746 2775 1099 2841 assiutilatur,
1143 2776 1232 2844 qui
1271 2776 1337 2829 iis
1370 2792 1489 2845 qum
1533 2778 1828 2843 secundum
1877 2788 2122 2832 naturam

545 2877 671 2923 sunt
696 2867 960 2931 abstinet;
993 2883 1110 2935 qua:
1141 2876 1330 2920 contra
1352 2907 1366 2933 ,
1398 2866 1548 2922 facit.

621 3066 791 3121 Recte
816 3066 955 3119 hunc
990 3065 1215 3119 stultum
1245 3066 1499 3136 appellat.
1534 3065 1670 3132 Quid
1700 3066 1843 3119 enim
1874 3065 2120 3120 insanius

552 3159 667 3215 fieri
696 3168 902 3228 potest,
930 3173 1092 3228 quam
1126 3159 1346 3212 domum
1376 3159 1429 3211 in
1457 3173 1622 3212 arena
1659 3159 1930 3211 mdilicare
1953 3200 1968 3223 ,
2021 3171 2122 3225 qua

551 3251 605 3306 in
624 3265 681 3305 re
698 3249 849 3304 labor
870 3248 1164 3319 perfertur,
1192 3248 1398 3303 fructus
1420 3257 1595 3302 autem
1615 3248 2124 3315 nullnsantreqnies

548 3342 869 3412 acquiritur,
957 3340 1070 3394 imo
1092 3342 1257 3394 etiam
1288 3341 1670 3395 detrimentum
1706 3340 1939 3409 capitur.
1989 3338 2124 3392 Pro-

551 3432 694 3489 fecto
714 3474 730 3499 ,
764 3431 905 3502 quod
930 3441 985 3486 et
1013 3430 1260 3486 homines
1284 3431 1515 3499 improbi
1541 3430 1934 3501 dcfatigentur,
1964 3445 2123 3485 nemo

551 3541 657 3580 non
689 3526 864 3589 videt;
920 3536 1096 3593 neque
1137 3532 1317 3577 tamen
1363 3537 1431 3577 ex
1479 3522 1565 3576 his
1602 3521 1882 3577 laboribus
1912 3523 2121 3576 lucrum

550 3617 769 3687 aliquod
821 3616 1238 3679 nanciscuntnr,
1290 3616 1398 3669 into
1423 3624 1489 3685 _et
1531 3615 1789 3668 damnum
1827 3631 1991 3683 grave
2026 3631 2120 3684 pa-

553 3703 876 3775 tiuittur.,Ut
902 3706 1046 3759 enim
1078 3705 1153 3758 ait
1183 3703 1381 3757 Paulus
1412 3721 1424 3756 :
1460 3721 1478 3754 t
1532 3703 1631 3768 Qui
1664 3704 1714 3755 in
1757 3718 1924 3757 carne
1958 3703 2123 3757 semi-

554 3809 668 3865 nat,
700 3798 765 3853 de
789 3812 952 3853 came
983 3804 1148 3852 metet
1176 3795 1581 3867 corruptionem
1615 3794 1680 3845 ”.
1728 3814 1742 3844 ι

630 3972 765 4038 \‘lll,
800 3975 855 4027 5.
900 3971 1050 4039 Volo,
1082 3972 1356 4027 mundare.

624 4067 957 4136 Contingens
1017 4065 1288 4136 leprosum
1363 4064 1609 4119 Salvator
1673 4064 1885 4119 curavit
1965 4078 2122 4127 eum,

553 4159 876 4215 ostendens‘
930 4142 1196 4226 Spiritum
1265 4156 1319 4210 in
1370 4170 1429 4211 se
1484 4156 1874 4210 inhabitantem
1933 4170 2125 4211 curare

553 4247 807 4313 marhos;
860 4261 1059 4314 corpus
1109 4259 1237 4299 vero
1277 4244 1451 4315 ipsum
1510 4243 1627 4312 ejus
1706 4252 1955 4297 contactu
2024 4257 2125 4296 suo

554 4338 1038 4394 sanctificationem
1063 4336 1485 4392 communicare.

626 4429 734 4498 go
750 4429 1028 4494 Quodnam
1060 4438 1239 4482 autem
1263 4438 1381 4481 erat
1415 4444 1611 4483 munus
1644 4444 1671 4481 ε
1701 4427 1911 4498 leproso
1933 4442 2126 4482 secun-

2226 591 2548 660 προαιρέτου
2576 590 2771 651 κακίας
2792 590 2895 669 ἀπε
2906 588 3231 659 σκληκότας.

2292 768 2621 838 Προσέχετε
2642 768 2706 820 δὲ
2728 768 2847 823 ἀπὸ
2877 767 2995 820 τῶι·
3014 767 3548 838 ψευδοπροφητῶν,
3572 770 3805 832 οἵτινες

2216 857 2493 926 ἔρχονται
2531 857 2681 925 πρὸς
2710 856 2865 925 ὑμᾶς
2887 857 2957 909 ἐν
2988 856 3283 926 ἐνδύμασι
3320 858 3651 926 προϐάτων.

2289 944 2448 1003 Οὗτοί
2479 950 2555 1018 (1)
2609 950 2747 1002 εἰσιν
2795 950 2843 1001 οἱ
2892 949 3183 1019 αἱρετικοὶ,
3217 950 3337 1020 ἦτοι
3383 951 3433 1003 οἱ
3483 949 3570 1003 διὰ
3619 949 3804 1017 λόγων

2218 1038 2471 1093 πλαστῶν
2501 1041 2597 1095 καὶ
2624 1042 2945 1113 ἀμφιάσεων
2987 1038 3365 1106 ἐξαπατῶντες
3395 1060 3567 1106 τινας,
3593 1044 3699 1096 καὶ
3723 1044 3804 1094 ὅτ’

2219 1133 2286 1187 ἂν
2339 1133 2601 1186 πείσωσιν
2624 1175 2639 1199 ,
2665 1130 2786 1188 τότε
2833 1130 3016 1199 αὐτοῖς
3046 1134 3409 1190 ὑποϐάλλουσι
3434 1138 3634 1200 ποιεῖν,
3662 1134 3699 1188 ἃ
3725 1136 3803 1204 μὴ

2219 1223 2377 1296 θέμις

2288 1317 2397 1371 Kal
2424 1316 2543 1383 πᾶς
2582 1319 2616 1372 ό
2644 1312 2882 1373 ἁκούων
2912 1337 3033 1389 μου
3075 1313 3217 1387 τοὺς
3256 1322 3476 1390 λόγους
3517 1318 3800 1383 τούτους.

2219 1408 2317 1463 καὶ
2346 1409 2432 1479 μὴ
2459 1408 2649 1465 ποιῶν
2679 1412 2920 1478 αὐτοὺς,
2950 1409 3376 1482 ὁμοιωθήσεται
3409 1410 3578 1480 ἀνδρὶ
3594 1403 3800 1480 μωρῷ,

2219 1497 2388 1564 ὅστις
2408 1500 2759 1570 ᾠκοδόμησε
2776 1502 2890 1570 τὴν
2905 1504 3098 1555 οὶκίαν
3114 1501 3301 1557 αὑτοῦ
3316 1500 3415 1555 ἐπὶ
3444 1503 3558 1570 τὴν
3573 1501 3801 1570 ἅμμον.

2298 1591 2358 1645 '0
2384 1592 2659 1665 ἀκροατὴς
2688 1594 2844 1665 μόνος
2874 1594 2967 1648 τοῦ
2991 1594 3173 1662 λόγου,
3200 1595 3261 1647 οὐ
3290 1594 3396 1666 μὴν
3422 1594 3515 1648 καὶ
3541 1594 3799 1663 ποιητὴς,

2217 1684 2350 1754 οἴκῳ
2383 1684 2746 1747 ἀπεικάζεται
2777 1686 2867 1738 ἐπὶ
2895 1685 2996 1755 τῆς
3020 1686 3249 1758 ψάμμου
3276 1685 3705 1757 οἰκοδομηθέντι,
3744 1685 3805 1745 ὃς

2219 1773 2277 1828 ὲν
2308 1774 2483 1845 καιρῷ
2519 1775 2827 1847 πειρασμοῦ
2862 1779 3210 1841 καταπίπτει,
3245 1777 3342 1831 καὶ
3375 1777 3662 1848 χώννυται,
3696 1778 3805 1829 τῶν

2222 1866 2475 1937 πατέρων
2524 1869 2623 1936 τῆς
2667 1869 2932 1939 πονηρίας
2961 1870 3422 1936 ἐπιπνευσάντων,
3455 1869 3561 1921 τῶν
3593 1886 3803 1938 ταρατ-

2220 1955 2462 2027 τομένων
2492 1956 2698 2011 ὑδάτων
2726 1957 2834 2020 ἕως
2856 1958 3032 2029 ψυχῆς
3062 1960 3438 2023 εἰσελθόντων,
3466 1960 3559 2012 καὶ
3586 1959 3685 2012 τοῦ
3714 1959 3804 2011 θον

2221 2047 2380 2120 λεροῦ
2425 2049 2726 2122 χειμάρρου
2772 2050 2874 2120 τῆς
2915 2051 3144 2123 ἀνομίας
3188 2051 3348 2105 αὐτὸν
3380 2050 3801 2119 ἐκταράξαντος,

2222 2140 2317 2194 καὶ
2368 2143 2461 2195 τὸν
2507 2144 2637 2213 περὶ
2681 2142 2790 2196 τῶν
2838 2143 3083 2214 ἐσχάτων
3128 2143 3505 2208 ἐπισείσαντος
3533 2142 3801 2196 κίνδυνον.

2222 2230 2419 2296 Καλῶς
2447 2232 2503 2286 δέ
2520 2235 2612 2287 ἐπὶ
2633 2234 2733 2305 μὲν
2760 2234 2853 2289 τοῦ
2880 2236 3163 2307 φρονίμου,
3203 2255 3221 2286 ι
3255 2235 3535 2306 Ὀμοιώσω
3562 2235 3749 2297 αὐτὸν,
3779 2253 3796 2283 ο

2224 2322 2375 2378 εἶπεν
2397 2343 2410 2357 ·
2444 2327 2538 2380 ἐπὶ
2570 2327 2627 2380 δὲ
2654 2327 2749 2382 τοῦ
2780 2327 2962 2399 μωροῦ
3013 2347 3032 2381 ι
3076 2329 3518 2400 Ὀμοιωθήσεται.
3556 2347 3575 2379 ι
3608 2328 3670 2380 '0
3706 2329 3800 2397 μὲν

2223 2414 2332 2486 γὰρ
2360 2416 2459 2485 τῆς
2492 2415 2693 2486 ἀρετῆς
2727 2417 2967 2487 ἐργάτης
2994 2417 3174 2471 πάντα
3204 2416 3376 2487 ἰσχύει
3403 2421 3460 2469 ἐν
3484 2416 3562 2487 τῷ
3586 2417 3800 2471 ἐνδυνα-

2227 2504 2416 2576 μοῦντι
2466 2506 2628 2560 αὑτὸν
2672 2507 2913 2579 Χριστῷ,
2962 2509 3092 2579 παρ’
3124 2502 3183 2563 οὗ
3237 2509 3366 2579 παρ’
3390 2506 3699 2579 ἀνθρώποις
3741 2508 3799 2558 τὸ

2225 2596 2682 2669 κατορθούμενον,
2731 2600 2863 2671 παρ’
2890 2593 2951 2653 ob
2984 2598 3147 2663 σοφία
3181 2599 3275 2651 καὶ
3304 2596 3516 2660 σύνεσις
3545 2598 3635 2649 καὶ
3664 2598 3798 2666 πρὸς

2224 2689 2285 2743 τὸ
2331 2689 2535 2758 ἀγαθὸν
2581 2690 2997 2762 ἐξομοίωσις.⁹0
3026 2692 3082 2745 δὲ
3113 2691 3311 2760 φαῦλος
3355 2692 3477 2761 οὐχὶ
3515 2689 3645 2743 Θεὸν
3688 2690 3795 2759 ἔχει

2224 2782 2326 2853 τῆς
2352 2782 2546 2836 ἐαυτοῦ
2580 2784 2778 2847 κακίας
2804 2784 2898 2837 καὶ
2936 2783 3247 2855 ἀφροσύνης
3278 2782 3471 2847 αἴτιον,
3503 2782 3615 2836 ἀλλ’
3637 2783 3797 2843 αὐτος

2224 2874 2505 2945 ὁμοιοῦται
2548 2875 2625 2946 τῷ
2667 2876 2861 2947 ἄφρονι
2908 2875 2999 2929 τοῦ
3047 2874 3186 2929 κατὰ
3221 2873 3380 2943 φύσιν
3409 2875 3674 2942 ἀποστὰς,
3708 2875 3795 2926 καὶ

2228 2964 2285 3018 ὲν
2314 2963 2391 3034 τῷ
2426 2964 2577 3037 παρά
2607 2965 2768 3034 φύσιν
2796 2967 3103 3036 γενόμενος.

2300 3056 2495 3120 Καλῶς
2527 3056 2605 3128 (2)
2641 3056 2700 3110 δὲ
2744 3057 2925 3129 μωρὸν
2953 3059 3179 3113 ἐκάλεσε
3229 3060 3435 3114 τοῦτον.
3479 3057 3544 3111 Τί
3594 3055 3702 3128 γὰρ
3734 3055 3795 3107 ἂν

2227 3144 2441 3214 γένοιτο
2487 3147 2842 3219 ἀνοητότερον
2894 3148 2989 3201 τοῦ
3031 3150 3208 3203 οἰκίαν
3258 3148 3660 3220 οἰκοδομοῦντος
3706 3147 3794 3197 ἐπὶ

2227 3238 2477 3309 ψάμμου,
2500 3238 2594 3291 καὶ
2623 3238 2714 3292 τόν
2744 3238 2842 3308 μὲν
2871 3239 3031 3293 πόνον
3056 3240 3439 3312 ὑπομένοντος,
3465 3238 3557 3293 τοῦ
3587 3240 3641 3291 δέ
3668 3255 3794 3305 καρ-

2230 3327 2330 3380 ποῦ
2363 3328 2579 3399 καὶτῆς
2610 3328 2972 3394 ἀναπαύσεως
3014 3331 3507 3403 ἀποστερουμένου,
3543 3331 3638 3383 καὶ
3679 3331 3793 3383 ἀντὶ

2228 3419 2421 3473 τούτου
2444 3419 2666 3475 κόλασιν
2690 3422 3085 3492 ὑπομένοντο;;
3116 3424 3198 3477 ὅτι
3242 3424 3352 3495 γὰρ
3402 3425 3498 3477 καὶ
3524 3425 3573 3477 οί
3608 3423 3793 3476 κακίαν

2233 3512 2510 3583 μετιόντες
2563 3511 2857 3583 κάμνουσι,
2915 3514 3077 3569 παντί
3111 3532 3212 3568 που
3261 3515 3420 3585 δῆλόν
3477 3516 3656 3567 ἐστιν⁹
3684 3513 3789 3565 ἀλλ’

2229 3602 2350 3655 οὐδὲ
2373 3601 2482 3656 ἀπὸ
2504 3602 2613 3657 τῶν
2647 3604 2823 3656 πόνων
2848 3603 3051 3657 τούτων
3076 3604 3411 3675 καρποῦνται
3434 3604 3643 3673 κέρδος,
3666 3602 3789 3655 ἀλλά

2230 3695 2327 3747 καὶ
2359 3694 2558 3766 πολλὴν
2592 3695 2925 3766 ὑπομένουσι
2955 3695 3052 3767 τὴν
3080 3694 3282 3767 ζημίαν
3302 3714 3313 3725 ·
3350 3697 3425 3760 ὡς
3444 3698 3553 3767 γάρ
3589 3713 3740 3765 φησιν
3761 3696 3789 3744 ὁ

2232 3782 2459 3848 Παῦλος,
2510 3802 2529 3836 ι
2551 3783 2609 3837 Ὀ
2640 3784 2877 3855 σπείρων
2911 3787 3047 3857 ἐντῇ
3080 3788 3263 3854 σαρκὶ,
3283 3787 3344 3839 ἐκ
3375 3787 3472 3857 τῆς
3491 3786 3685 3856 σαρκὸς
3705 3786 3786 3837 θε-

2235 3879 2373 3949 ρίσει
2403 3877 2628 3948 φθοράν.
2666 3896 2684 3927 ι

2306 3965 2487 4029 Θέλω,
2520 3966 2930 4035 καθαρίσθητι.

2315 4056 2651 4125 ’Λπτόμενος
2678 4055 2770 4109 τοῦ
2798 4056 3002 4128 λεπροῦ
3032 4058 3059 4110 ὀ
3088 4056 3278 4127 Σωτὴρ
3310 4055 3672 4127 ἐθεράπευσεν
3700 4055 3784 4107 αὖ·

2230 4148 2341 4210 τὸν,
2372 4147 2631 4201 δεικνύων
2670 4148 2745 4213 ὡς
2788 4149 2850 4201 τὸ
2894 4147 3117 4219 Πνεῦμα
3146 4149 3208 4201 τὸ
3244 4149 3302 4200 ἐν
3333 4148 3481 4218 αὐτῷ
3515 4147 3782 4220 θεραπεύ;ι

2231 4239 2332 4300 τὰς
2359 4238 2567 4303 νόσους.
2597 4240 2670 4293 Τὸ
2699 4240 2755 4293 δὲ
2780 4241 2939 4311 σῶμα
2960 4244 3025 4312 τῇ
3052 4240 3387 4312 προσψαύσει
3413 4240 3506 4294 τὸν
3536 4239 3782 4308 άγιασμδν

2234 4328 2551 4399 παρέχεται.

2303 4420 2368 4472 Τί
2400 4420 2455 4473 δὲ
2489 4415 2556 4489 ἦν
2598 4419 2659 4473 τὸ
2688 4419 2858 4492 δῶρον
2900 4421 2960 4473 τὸ
2997 4421 3147 4492 παρὰ
3178 4419 3271 4474 τοῦ
3304 4419 3502 4493 λεπροῦ
3542 4422 3680 4475 κατὰ
3711 4421 3785 4473 τὸν

555 4523 682 4575 dttttt
707 4522 874 4589 legent
896 4519 1171 4574 oblatutnl
1198 4518 1325 4577 Dum
1345 4535 1471 4575 aves
1492 4536 1720 4588 quarunt
1739 4536 1899 4574 unam
1922 4532 2124 4574 macta-

2231 4510 2396 4581 νόμον
2427 4510 2867 4582 προσαγόμενονς
2900 4511 3002 4564 Δύο
3040 4511 3270 4582 ὀρνίθια,
3302 4505 3377 4565 ὦν
3410 4512 3472 4565 τὸ
3494 4512 3554 4565 ἐν
3576 4512 3787 4580 ἔσφαξεν

557 4613 649 4666 bat
672 4610 928 4665 sacerdos
953 4625 1114 4679 super
1130 4625 1270 4680 aqua
1294 4610 1433 4678 viva,
1462 4623 1515 4665 et
1535 4611 1804 4678 accipiens
1824 4610 2022 4681 lignum
2043 4625 2132 4665 ce-

2232 4607 2261 4655 ὀ
2296 4604 2473 4675 ἱερεὺς
2498 4604 2582 4673 ἐφ’
2616 4601 2769 4656 ὕδατι
2803 4602 2986 4667 ζῶντι,
3024 4604 3116 4657 καὶ
3148 4603 3326 4659 λαϐὼν
3357 4602 3513 4669 ξύλον
3542 4605 3786 4673 κέδρινον.

556 4701 793 4765 drinum,
824 4714 1154 4768 coccumque
1180 4700 1433 4763 fractum,
1455 4710 1510 4754 et
1538 4702 1864 4771 hyssopum;
1892 4718 1955 4754 ac
1972 4700 2124 4754 aliain

2229 4697 2326 4748 καὶ
2371 4694 2737 4765 κεκλασμένον
2764 4694 3039 4761 κόκκινον,
3065 4698 3159 4750 καὶ
3191 4696 3408 4750 ὖσωπον
3430 4713 3444 4728 ο
3481 4698 3578 4751 καὶ
3598 4697 3659 4750 τὸ
3686 4697 3789 4750 ἓτε-

556 4803 710 4841 avetn
742 4789 941 4853 vivam,
967 4804 1129 4858 quam
1162 4788 1463 4859 intingebat
1500 4790 1551 4844 in
1588 4795 1703 4847 avis
1734 4802 1980 4848 mactata:
2003 4807 2130 4846 sau-

554 4880 715 4951 guine
746 4895 907 4950 super
931 4895 1069 4949 aqua
1100 4882 1241 4947 viva,
1273 4883 1626 4953 muttdatique
1650 4885 1845 4954 leprosi
1881 4886 2125 4939 dextram

557 4974 848 5043 inungebat
876 4974 1196 5039 auriculam,
1232 4989 1472 5039 tnanuut,
1505 4983 1561 5029 et
1584 4976 1796 5045 pedem,
1847 4990 1998 5029 avem
2032 4991 2128 5029 au-

556 5074 661 5119 tem
690 5065 867 5119 vivant
903 5074 1059 5119 extra
1091 5064 1371 5119 civitatem
1423 5065 1672 5120 mittebat
1716 5065 1769 5119 in
1814 5080 2033 5136 Campos
2062 5066 2126 5121 “.

555 5153 791 5210 Observa
829 5156 992 5225 igitur
1019 5157 1290 5225 quomodo
1320 5157 1403 5219 iis,
1436 5173 1558 5227 qua:
1605 5159 1745 5212 dicta
1790 5168 1936 5221 sunt,
1983 5168 2127 5213 totus

2231 4802 2325 4857 ρον
2372 4785 2607 4858 ὀρνίθιον
2654 4786 2716 4840 τὸ
2759 4786 2889 4853 ζῶν,
2920 4786 3154 4843 ἔδαπτεν
3185 4788 3318 4843 αὐτὸ
3349 4790 3429 4853 είς
3463 4789 3524 4843 τὸ
3552 4784 3689 4861 αἷμα
3710 4786 3790 4840 τοῦ

2234 4880 2579 4952 ἐσφαγμένου
2609 4879 2846 4952 ὀρνιθίου
2878 4882 2964 4950 ἐφ’
2992 4880 3144 4933 ὕδατι
3174 4878 3359 4947 ζῶντι,
3387 4880 3485 4934 καὶ
3526 4880 3673 4951 ἐχριε
3710 4878 3791 4931 τοῦ

2234 4974 2665 5044 καθαριζομένου
2712 4971 2915 5045 λεπροῦ
2966 4972 3035 5025 τὰ
3089 4971 3258 5037 δεξιὰ,
3286 4972 3467 5037 ὠτίον,
3495 4976 3674 5043 χεῖρα,
3709 4972 3794 5023 καὶ

2235 5065 2399 5119 πόδαο
2425 5066 2487 5118 τὸ
2512 5066 2570 5119 δὲ
2603 5065 2838 5138 ὀρνίθιον
2862 5064 2924 5119 τὸ
2954 5064 3082 5131 ζῶν,
3115 5064 3220 5131 ἐξω
3244 5064 3343 5134 τῆς
3378 5064 3587 5128 πόλεως
3633 5066 3707 5127 είς
3742 5064 3795 5114 τδ

2227 5156 2408 5210 πεδίον
2432 5154 2829 5223 ἐξαπέστειλεν.
2848 5156 3131 5226 Ἐπιτήρει
3157 5150 3249 5209 οῦν
3282 5157 3431 5219 ὅπως
3462 5153 3553 5208 διὰ
3593 5154 3698 5208 τῶν
3726 5156 3794 5205 εί-

555 5245 805 5301 Christus
833 5247 1170 5319 depingatur.
1210 5249 1314 5305 Per
1344 5264 1498 5304 avem
1535 5251 1680 5304 enim
1713 5251 1915 5314 vivam,
1948 5251 2124 5305 vivens

2233 5249 2483 5320 ρημένων
2525 5248 2818 5320 ὀλόκληρον
2859 5249 2989 5319 ἡμῖν
3031 5247 3394 5319 ζωγραφῆται
3423 5247 3680 5319 Χριστόν.
3710 5246 3796 5296 Διά

558 5351 617 5390 ac
653 5338 872 5393 caeleste
919 5337 1149 5393 Verbum
1178 5340 1478 5410 intelliges;
1522 5354 1615 5409 per
1645 5341 1973 5409 sanguinem
2004 5355 2124 5395 vero

2234 5340 2330 5411 μὲν
2346 5339 2455 5411 γὰρ
2469 5339 2563 5392 τοῦ
2577 5339 2776 5405 ζῶντος
2791 5340 3024 5411 ὀρνιθίου
3051 5338 3142 5393 τὸν
3166 5340 3345 5404 ζῶντά
3362 5356 3419 5392 τε
3453 5339 3548 5394 καὶ
3558 5338 3793 5409 οὐράνιον

560 5436 844 5495 mactatae,
905 5430 1201 5499 pretiosum
1247 5432 1563 5499 sanguinein
1617 5430 1870 5498 patientis
1926 5431 2131 5501 templi.

633 5608 678 5641 "
707 5610 881 5665 Galat.
911 5627 982 5677 vr,
1014 5610 1068 5666 8.
1145 5611 1187 5643 "
1217 5610 1388 5667 Levit.
1426 5626 1536 5677 xrv,
1567 5611 1589 5665 l
1624 5627 1776 5681 seqq.

638 5788 713 5862 (Ι)
748 5786 918 5844 Οὗτοι
957 5820 1021 5830 ——
1052 5790 1086 5843 ἂ
1111 5792 1195 5859 μὴ
1228 5790 1410 5858 θέμις.
1453 5791 1692 5847 Cramer.
1716 5806 1773 5863 ρ.
1807 5790 1894 5847 54.

2233 5433 2442 5503 νοήσεις
2472 5431 2675 5500 Λόγονο
2704 5432 2791 5487 διὰ
2833 5432 2888 5485 δὲ
2940 5430 3032 5484 τοῦ
3071 5430 3300 5501 αἳματος
3328 5430 3423 5486 τοῦ
3465 5428 3793 5501 ἐσφαγμένου

2314 5790 2392 5861 (2)
2422 5791 2632 5858 Καλῶς
2672 5823 2715 5832 σ-
2760 5793 2979 5861 Herius!
3004 5788 3250 5863 φθοράν.
3283 5788 3382 5843 Mai
3416 5790 3539 5846 ibid.
