4070 6548
190 379 299 452 389

1369 372 1724 432 COMMExT.
1765 369 1832 424 IN
1874 356 2316 425 ιιΑττιιᾹευιι.

3266 364 3448 448 seu

176 514 256 563 τὸ
290 507 471 577 τίμιον
498 519 635 572 αμα
665 499 759 553 τοῦ
795 484 1058 556 παθόντος
1091 493 1241 546 ναοῦ.
1284 492 1457 562 Σαρκὶ
1481 490 1587 559 γὰρ
1618 485 1781 540 αὑτὸν

1900 484 2057 538 Same
2085 483 2229 537 enim
2261 481 2432 550 ipsum
2468 494 2686 548 passum
2713 492 2833 533 esse
2861 478 3091 534 dicimus
3122 479 3159 513 “
3195 489 3449 549 tauquam

191 596 523 653 πεπονθέναι
558 592 759 663 φαμὲν,
801 589 942 659 πλὴν
987 586 1063 650 ὡς
1098 586 1153 637 ὲν
1188 582 1301 653 ἰδίῳ
1329 582 1560 651 σώματι.
1594 580 1690 632 Διὰ
1719 577 1777 629 δὲ

190 690 287 743 τοῦ
319 686 563 751 ὑσώπου,
592 684 691 754 τὴν
720 680 812 735 τοῦ
846 678 1160 748 Πνεύματος
1194 674 1342 740 ζέσιν
1377 672 1574 743 (θερμὴ
1608 670 1714 739 γὰρ
1743 669 1776 738 ἡ

194 782 325 843 πόα,
351 780 445 833 καὶ
474 777 583 830 τῶν
621 777 683 827 ὲκ
708 772 1046 842 ψυχρότητος
1080 767 1269 821 παθῶν
1303 763 1604 836 σμηκτική)
1625 779 1637 791 ·
1668 777 1779 813 τοι·

196 873 336 942 αὕτη
367 872 423 924 δὲ
454 872 488 940 ἡ
517 867 609 922 τοῦ
642 867 797 933 άγίου
834 864 1147 933 Πνεῦματος
1179 860 1433 930 ἐνέργειά
1461 875 1519 910 τε
1570 856 1661 909 καὶ
1690 851 1780 907 δύ-

196 962 409 1033 ναμις)’
446 961 534 1013 διὰ
561 959 617 1012 δὲ
632 957 727 1011 τοῦ
756 954 1011 1009 κοκκίνου
1037 955 1135 1021 τῆς
1165 950 1250 1019 ἐφ’
1278 950 1469 1018 αἵματι
1508 945 1781 1014 Διαθήκης

196 1052 490 1122 ὁμολογίαν
509 1066 523 1079 ο
556 1047 642 1102 διὰ
669 1047 727 1100 δὲ
757 1044 852 1098 τοῦ
896 1042 1096 1106 ζῶντος
1144 1039 1353 1102 ὓδατος,
1383 1037 1480 1107 τὴν
1522 1034 1784 1099 ζωοποιδν

198 1142 293 1195 τοῦ
328 1140 704 1212 βαπτίσματος
738 1136 919 1206 χάριν,
952 1133 1016 1186 δι’
1045 1124 1106 1184 οὗ
1137 1133 1165 1184 ὁ
1195 1128 1497 1201 λεπρωθεὶς
1521 1130 1584 1197 τῇ
1610 1127 1786 1195 ἁμαρ-

199 1234 294 1304 τίᾳ
324 1232 645 1302 καθαίρεται
666 1246 680 1259 ·
717 1227 804 1281 διὰ
842 1227 900 1280 δὲ
925 1224 1021 1277 τοῦ
1048 1224 1154 1289 ἔξω
1181 1223 1280 1294 τῆς
1311 1221 1516 1283 πόλεως
1562 1219 1623 1271 τὸ
1674 1216 1785 1281 ζῶν

203 1326 439 1397 ὀρνίθιον
484 1320 932 1385 ἀποστέλλεσθαι,
966 1317 1064 1388 τὴν
1092 1317 1200 1369 ἀπὸ
1231 1314 1324 1368 τοῦ
1368 1314 1573 1382 κόσμου
1624 1308 1786 1380 μετά-

206 1436 401 1472 στασιν
430 1419 524 1471 καὶ
552 1418 651 1488 τὴν
702 1416 781 1477 εἰς
811 1412 1076 1484 οὐρανοὺς
1121 1408 1409 1462 Ἀνάϐασιν
1431 1404 1523 1458 τοῦ
1550 1400 1786 1473 Χριστοῦ

206 1510 604 1580 διδασκόμεθα·
645 1505 883 1577 γεγονὼς
914 1504 1022 1575 γὰρ
1065 1501 1236 1563 οὕτως
1280 1498 1414 1569 πρὸς
1442 1497 1533 1549 τὸν
1566 1494 1789 1561 Πατέρα

209 1607 306 1658 καὶ
337 1606 489 1665 Θεὸν,
519 1603 657 1674 ὑπὲρ
688 1601 841 1671 ἡμῶν
867 1599 1120 1652 ἁπάντων
1156 1593 1515 1659 ὲξιλάσκεται,
1555 1590 1648 1643 καὶ
1689 1607 1789 1642 κα-

212 1691 686 1762 θαρισθησόμεθα·
723 1689 811 1742 διὰ
860 1688 915 1740 δὲ
968 1686 1061 1739 τοῦ
1112 1684 1359 1756 χρίεσθαι
1394 1682 1460 1735 τὰ
1507 1680 1653 1744 δεξιὰ
1696 1678 1789 1731 τοῦ

210 1781 440 1851 λεπροῦ,
473 1781 649 1842 ὠτίον,
679 1782 772 1833 καὶ
801 1780 980 1849 χεῖρα,
1017 1776 1107 1829 καὶ
1150 1775 1306 1837 πόδα,
1337 1773 1400 1825 τὸ
1424 1772 1533 1825 δεῖν
1563 1771 1697 1841 πρὸς
1722 1771 1786 1839 τῇ

211 1873 419 1943 θεωρίᾳ
454 1872 545 1925 καὶ
573 1875 637 1942 τῇ
668 1871 863 1942 πράξει
899 1870 993 1922 καὶ
1024 1870 1090 1939 τῇ
1124 1866 1318 1937 πορείᾳ
1365 1867 1423 1918 ὲν
1466 1866 1579 1927 τοῖς
1623 1862 1787 1924 θείοις

212 1967 363 2035 ἡμᾶς
390 1964 660 2033 γενέσθαι.

299 2059 361 2112 Ὀ
388 2060 592 2130 Κύριος
618 2059 674 2113 δὲ
706 2058 793 2112 διὰ
818 2059 917 2127 τῆς
947 2058 1165 2127 ἐπαφῆς
1187 2056 1287 2127 τῆς
1313 2056 1491 2125 χειρὸς
1516 2052 1612 2123 τὴν
1660 2050 1793 2105 κάθα

212 2168 381 2221 αρσιν
416 2150 508 2203 τοῦ
547 2149 748 2221 λεπροῦ
787 2149 973 2204 τούτου
1006 2151 1318 2220 ἐποιήσατο,
1347 2146 1559 2209 δεικνὺς
1588 2146 1669 2199 ὅτι
1699 2143 1794 2196 καὶ

213 2243 252 2311 ἡ
285 2240 416 2309 ἁγία
444 2239 609 2293 αὐτοῦ
640 2239 775 2310 σὰρξ
802 2238 1067 2309 χρειώδης
1098 2239 1214 2291 ἐστὶ
1241 2237 1377 2310 πρὸς
1398 2235 1690 2304 ἁγιασμόν.
1722 2232 1795 2285 Τὸ

216 2332 323 2402 μὲν
355 2332 466 2401 γάρ
496 2330 717 2401 Πνεῦμα
749 2329 1025 2401 καθαίρει,
1062 2329 1177 2399 ἡδὲ
1214 2328 1308 2381 τοῦ
1339 2326 1657 2397 Πνεῦματος
1682 2342 1795 2377 κοι-

212 2421 386 2475 νωνία
421 2423 637 2490 ἐμποιεῖ
663 2421 752 2474 τὸν
784 2420 1075 2490 ἁγιασμόν.

214 2514 528 2582 Κυρίλλοιν
580 2512 648 2566 ἐκ
696 2509 803 2565 τοῦ
857 2509 1128 2580 πέμπτου
1158 2509 1404 2573 βιϐλίου
1456 2507 1575 2562 τῶν
1623 2507 1799 2560 ’Υπο-

288 2602 613 2673 μνημάτων
663 2600 782 2655 τῶν
811 2604 897 2667 εὶς
948 2599 1013 2654 τὸ
1044 2598 1191 2654 κατὰ
1222 2596 1519 2654 Ματθαῖον
1553 2595 1797 2665 Εὐαγγέ-

292 2699 451 2749 λιον.

295 2784 453 2839 Μετὰ
497 2785 576 2855 (1)
619 2784 675 2837 δὲ
728 2782 823 2837 τοῦ
872 2782 1200 2855 χαρίσασθαι
1247 2783 1345 2851 τὴν
1381 2784 1443 2835 ἐκ
1498 2781 1799 2849 φιλαγάθου

217 2875 536 2948 θελήματος
584 2875 778 2948 ῥοπὴν,
818 2877 913 2929 καὶ
946 2876 1042 2949 τὴν
1089 2876 1177 2929 διὸ.
1222 2876 1399 2945 χειρὸς
1437 2876 1578 2945 ἁφὴν
1631 2891 1795 2943 προσ-

216 2968 536 3022 επιδίδωσιν
614 2970 701 3022 ἵνα
739 2966 999 3038 μάθωμεν
1053 2969 1216 3038 ἡμεῖς
1291 2967 1368 3030 ὼς
1446 2966 1665 3035 ἐνεργὸν
1724 2970 1803 3030 εἰς

216 3060 496 3129 κάθαρσίν
536 3061 651 3112 ἐστι
695 3060 756 3111 τὸ
816 3061 970 3127 ἅγιον
1020 3059 1183 3112 αὑτοῦ
1230 3058 1418 3128 σῶμα,
1445 3058 1539 3111 καὶ
1583 3061 1647 3129 τῇ
1683 3058 1803 3128 θείᾳ

1880 572 1932 627 in
1985 571 2204 641 proprio
2244 583 2491 639 corpore.
2548 568 2651 623 Per
2701 569 2987 640 hyssopum
3046 584 3172 623 vero
3219 570 3453 638 Spiritus

1880 661 2146 716 fervorem
2199 659 2395 729 (calida
2444 659 2587 713 enim
2638 668 2721 712 est
2771 658 2975 723 herba,
3030 660 3453 730 frigidorumque

1881 755 2195 811 morborum
2244 752 2581 824 abstersiva)
2637 751 2761 807 talis
2809 761 2987 807 autem
3026 752 3256 820 Spiritus
3280 755 3451 809 sancti

1883 849 1965 902 vis
1994 858 2099 913 est,
2144 861 2206 901 ac
2256 847 2465 911 virtus;
2506 860 2603 915 per
2651 844 2930 898 coccinum
2964 858 3094 898 vero
3121 845 3451 898 Testamenti

1884 939 1937 993 in
1966 937 2227 1008 sanguine
2251 936 2694 1002 consensionem;
2723 948 2817 1005 per
2848 934 3019 987 vivam
3049 944 3229 988 autem
3255 949 3453 1002 aquam

1884 1028 2152 1081 viviticam
2183 1025 2437 1094 baptismi
2464 1027 2717 1094 gratiam,
2753 1036 2851 1090 per
2871 1037 3033 1086 quam
3058 1022 3288 1076 infectus
3311 1023 3454 1089 lepra

1886 1118 2091 1188 peccati
2128 1118 2454 1181 tnuttdatur;
2498 1130 2592 1184 per
2623 1115 2750 1168 illud
2786 1125 2990 1180 autem,
3024 1114 3163 1181 quod
3198 1125 3350 1167 extra
3380 1115 3456 1167 ci-

1886 1210 2109 1265 vitatem
2143 1210 2259 1263 viva
2287 1209 2403 1262 avis
2435 1208 2756 1271 dimittatur,
2787 1222 2851 1262 ex
2890 1207 2992 1261 hoc
3028 1208 3228 1261 mundo
3258 1207 3459 1274 migra-

1890 1304 2091 1357 tionem
2130 1310 2183 1355 et
2212 1300 2408 1355 Christi
2446 1300 2497 1352 in
2531 1298 2698 1353 corios
2738 1299 3121 1353 Ascensionem
3157 1300 3455 1353 docemur:

1892 1395 1963 1448 ita
1999 1392 2141 1447 enim
2175 1393 2313 1460 apud
2339 1391 2504 1445 Deum
2528 1401 2581 1443 et
2610 1388 2824 1444 Patrem
2866 1391 2923 1443 lit
2966 1404 3064 1459 pro
3094 1389 3248 1443 nobis
3276 1389 3458 1457 propi-

1894 1490 2066 1555 tiatio,
2099 1497 2154 1543 et
2180 1486 2597 1550 mundabimur;
2633 1500 2728 1555 per
2750 1483 2877 1538 illud
2907 1492 3107 1545 autem,
3136 1481 3277 1550 quod
3304 1481 3460 1532 inun-

1892 1591 2048 1650 gatur
2081 1580 2305 1634 dextera
2331 1578 2529 1647 leprosi
2558 1575 2827 1639 auricula,
2855 1589 3151 1644 manusque
3181 1586 3241 1626 ac
3269 1572 3456 1639 pedes,

1894 1688 1991 1725 nos
2019 1671 2494 1739 contemplatione,
2526 1670 2740 1723 actione
2771 1675 2825 1723 et
2856 1680 3141 1737 progressu
3176 1665 3230 1719 in
3264 1663 3464 1717 divinis

1894 1764 2096 1817 versari
2130 1763 2345 1817 debere.

1963 2029 2066 2098 21
2129 2027 2383 2082 Dominus
2433 2035 2611 2079 autem
2671 2038 2766 2093 per
2820 2030 3127 2077 contactum
3167 2037 3357 2076 manus
3386 2021 3465 2076 le-

1893 2122 2043 2191 prosi
2085 2118 2246 2187 hujus
2284 2116 2692 2172 mundationem
2730 2123 2986 2184 operatus
3025 2121 3138 2177 est,
3174 2114 3465 2167 ostendens

1895 2224 2139 2268 sanctam
2166 2225 2386 2265 carnem
2423 2223 2575 2262 suam
2604 2206 2793 2261 utilem
2837 2219 2959 2261 esse
2990 2205 3055 2258 ad
3088 2204 3467 2259 sanctificatio.

1898 2318 2041 2357 nem.
2075 2300 2313 2369 Spiritus
2343 2298 2609 2368 siquidem
2634 2299 2884 2363 mundat,
2914 2296 3341 2352 communicatio
3363 2310 3465 2350 au-

1901 2407 2005 2450 tem
2035 2393 2270 2462 Spiritus
2302 2391 2647 2445 sanctitatem
2680 2390 2835 2443 indit.

1900 2493 2090 2566 Cyrilli
2117 2508 2183 2547 ea:
2214 2491 2349 2545 libro
2372 2492 2556 2561 quinto
2588 2489 3078 2543 commentariorum
3127 2490 3180 2541 in
3227 2486 3466 2542 Μαιώτιδι

2211 2582 2572 2654 Erangelium.
2616 2580 2845 2652 (Matth.
2881 2596 3008 2646 rm,
3038 2580 3156 2649 l5.)

1974 2768 2263 2835 Postquam
2295 2760 2539 2829 benivola
2565 2774 2660 2813 sua
2687 2758 2957 2812 voluntate
2983 2756 3049 2809 be
3064 2754 3316 2810 nellcium
3341 2770 3470 2808 con-

1906 2860 2124 2921 tulerat,
2177 2870 2337 2909 manu
2394 2868 2609 2923 quoque
2664 2851 2840 2919 tetigit
2882 2889 2896 2912 ,
2952 2859 3010 2901 ut
3052 2863 3151 2901 nos
3201 2849 3474 2901 discamus

1903 2961 2142 3006 sanctum
2174 2950 2314 3003 illius
2344 2962 2539 3014 corpus
2568 2946 2671 2997 vim
2726 2944 2984 3013 purgandi
3034 2942 3255 3005 habere,
3313 2940 3472 3008 idque

1905 3042 2193 3096 utilissime
2233 3055 2355 3093 cum
2387 3037 2567 3091 divina
2605 3036 2881 3089 voluntate
2928 3032 3345 3087 sanetilicationi
3376 3050 3473 3085 no-

220 3114 393 3223 βουλέ
402 3169 482 3206 σει
505 3114 1100 3222 ωμπαραλαμὸάνεται
1126 3114 1526 3221 χρειωδέστατα
1556 3114 1691 3221 πρός
1714 3114 1796 3202 τδζ

1909 3142 2033 3185 strm
2066 3130 2389 3182 conducere.
2433 3125 2645 3179 Etenim
2682 3140 2708 3177 a
2743 3122 2950 3193 Spiritu
2995 3123 3242 3192 purgatio
3284 3132 3474 3175 nostra

218 3245 306 3307 εις
362 3245 513 3314 ἡμᾶς
569 3245 873 3315 ἁγιασμόνο
906 3244 1173 3314 κάθαρσις
1218 3244 1325 3312 γὰρ
1356 3243 1387 3313 ή
1441 3244 1498 3295 ὲν
1529 3241 1802 3312 Πνεὺματι

216 3335 464 3387 τελεῖται
492 3335 559 3387 δι’
599 3335 891 3406 ἁγιασμοῦ,
915 3336 973 3388 ὃν
996 3334 1056 3388 τὸ
1102 3335 1195 3389 τοῦ
1232 3335 1485 3405 Σωτῆρος
1519 3334 1673 3403 ἡμῶν
1715 3334 1802 3384 ἐν-

215 3426 411 3497 τίθησι
464 3426 641 3495 σῶμα,
678 3425 772 3479 τοῦ
826 3426 1159 3490 ἐνοικοῦντος
1193 3425 1341 3495 αὐτῷ
1388 3425 1560 3492 Λόγου
1606 3423 1805 3493 φοροῦν

217 3515 324 3585 τὴν
361 3517 666 3586 ἐνέργειαν.

621 3609 921 3675 Κυρίλλου
958 3608 1027 3660 ἐκ
1075 3606 1182 3660 τοῦ
1213 3604 1416 3658 αὑτοῦ.

299 3701 718 3770 Τεθεράπευκεν
758 3700 865 3770 γὰρ
910 3699 985 3762 ὡς
1010 3698 1140 3759 Θεὸς
1162 3699 1293 3767 ,τῆς
1329 3696 1462 3758 ἰδίας
1493 3696 1672 3767 χειρὸς
1708 3694 1806 3767 τὴν

220 3796 375 3863 ἁφὴν
408 3796 475 3863 τῇ
500 3794 725 3863 κειμένῃ
755 3792 1116 3862 δωρούμενος.
1154 3790 1261 3842 Καὶ
1289 3788 1376 3840 διά
1403 3788 1557 3840 ποίαν
1594 3788 1804 3850 αἰτίανς

221 3885 349 3937 Ἵνα
374 3887 438 3953 τῇ
466 3883 571 3953 ίδίᾳ
596 3882 775 3951 φύσει,
806 3884 872 3952 τῇ
910 3881 1008 3951 τῆς
1037 3880 1287 3951 θεότητος
1313 3879 1473 3947 λέγω,
1506 3878 1807 3932 ἰσοσθενοῦν

219 3975 488 4046 ἀποδείξῃ
518 3975 577 4027 τὸ
607 3974 735 4026 ἴδιον
770 3974 927 4042 σῶμα
955 3973 1097 4025 κατά
1130 3989 1193 4039 γε
1218 3970 1315 4042 τὴν
1336 3973 1393 4024 ὲν
1422 3972 1532 4033 τοῖς
1566 3970 1808 4025 νοσοῦσιν

221 4069 513 4138 ἐνέργειαν
530 4082 541 4094 ’
563 4065 721 4135 σῶμα
750 4064 858 4133 γάρ
884 4065 1031 4115 ἐστιν
1055 4063 1153 4115 οὐκ
1183 4060 1469 4130 ἀνθρώπου
1500 4060 1640 4122 τινὸς
1657 4100 1671 4122 ,
1695 4059 1808 4112 ἀλλ’

218 4156 397 4210 αὑτοῦ
443 4155 511 4208 τά
576 4155 752 4207 πάντα
799 4150 1192 4222 κατορθοῦντος
1244 4150 1337 4202 καὶ
1391 4149 1663 4217 ἰσχύοντος
1709 4149 1809 4200 Λό-

220 4265 352 4317 γου.

635 4359 943 4427 Κυρίλλου
969 4356 1037 4411 ἐκ
1064 4356 1168 4410 τοῦ
1194 4354 1404 4409 αὐτοῦ.

304 4453 466 4522 Λόγῳ
494 4452 779 4522 τοιγαροῦν
817 4450 1044 4520 ἐνεργὴς
1081 4449 1276 4518 ὁρᾶται
1308 4447 1467 4501 πάλιν
1494 4462 1508 4478 ο
1556 4447 1651 4500 καὶ
1678 4446 1808 4498 ποτὲ

225 4542 345 4611 μὲν
380 4530 556 4604 οὗτος,
601 4540 731 4593 ποτὲ
760 4540 816 4593 δὲ
868 4541 1070 4600 ἐκεῖνος
1124 4537 1529 4605 θαυματουργεῖ
1559 4553 1571 4565 ’
1596 4535 1809 4598 δεικνὺς

222 4635 317 4687 ὅτι
341 4634 438 4685 καὶ
461 4633 595 4685 αὐτὸ
620 4632 681 4685 τδ
709 4631 873 4701 σῶμα
896 4630 957 4683 τὸ
981 4629 1185 4700 ληφθὲν
1212 4628 1343 4698 παρ’
1371 4625 1534 4681 αὐτοῦ
1560 4627 1624 4679 δι’
1642 4627 1810 4697 ἡμᾶς,

221 4723 463 4793 ἐνεργόν
496 4725 611 4775 ἐστι
650 4722 772 4775 καθ’
802 4722 983 4786 ἑαυτὸ,
1010 4721 1099 4774 διὰ
1137 4720 1231 4773 τὸν
1269 4717 1578 4773 ἐνοικοῦντα
1602 4717 1773 4785 Λόγον
1800 4733 1812 4747 ·

222 4818 331 4871 καὶ
380 4819 409 4867 ὁ
444 4816 616 4883 Λόγος
649 4815 705 4867 δὲ
752 4814 906 4868 οὐδὲν
953 4810 1136 4886 ἦττον,
1170 4812 1265 4865 καὶ
1297 4812 1344 4864 εἰ
1379 4809 1455 4881 μὴ
1490 4808 1817 4880 σωματικῶς

224 4905 502 4977 ἑπαφῷτό
541 4924 722 4960 τινων.

322 4998 533 5065 Ὀψίας
554 4997 619 5049 δὲ
639 4996 965 5066 γενομένης
986 4993 1407 5064 προσήνεγκαν
1428 4989 1586 5055 αὐτῷ
1610 4989 1813 5059 δαιμο-

220 5085 578 5155 νιζομένους
609 5086 899 5150 πολλούς.

307 5177 411 5231 Διὰ
442 5176 496 5230 τί
524 5177 734 5248 ἡμέρας
764 5178 823 5229 οὐ
862 5178 1243 5247 προσήνεγκαν
1287 5174 1413 5237 τοῦς
1458 5171 1811 5244 apponam;

227 5273 403 5327 ’Πτοι
430 5271 812 5341 εὐλαϐούμενοι
842 5271 968 5332 τοὺς
984 5270 1335 5339 Γραμματεῖς
1359 5266 1451 5319 καὶ
1466 5262 1808 5336 Φαρισαίους,

224 5369 262 5437 ἢ
308 5366 377 5420 ἂν
408 5364 569 5419 πάλιν
604 5363 979 5434 αἰσχυνόμενοι
1013 5362 1103 5413 ἐπὶ
1131 5362 1248 5424 ταῖς
1279 5358 1582 5419 ἀσθενείαις
1609 5355 1810 5419 αὐτῶν,

314 5540 361 5571 ¹⁵
398 5538 414 5591 l
450 5539 595 5594 Pctr.
630 5554 705 5601 tv,
732 5540 778 5591 1.

312 5720 392 5788 (ε)
428 5716 538 5771 lioc
562 5715 920 5788 fragmentum
948 5725 1067 5765 cum
1094 5710 1302 5788 duobus
1328 5704 1673 5788 sentientibus
1696 5705 1807 5788 edi—

232 5776 489 5855 on‘Ang.
523 5776 724 5841 statin
755 5782 821 5836 Β.
849 5782 919 5837 Ν.
956 5792 1099 5836 ιυιιιο
1147 5781 1211 5846 ιι,
1252 5796 1304 5848 p.
1344 5776 1471 5832 476.
1517 5777 1706 5843 Agitur
1748 5779 1811 5829 de

1911 3225 1989 3289 tit,
2020 3238 2181 3291 quam
2218 3221 2524 3273 Servatoris
2558 3217 2729 3271 nostri
2773 3231 2972 3284 corpus
3000 3216 3216 3269 coulert
3246 3253 3262 3277 ,
3316 3215 3474 3269 iulia-

1907 3315 2126 3369 bitantis
2155 3313 2208 3367 in
2247 3312 2361 3381 ipso
2398 3309 2634 3380 Spiritus
2658 3307 2955 3364 efﬁcaciam
2992 3320 3207 3376 gerens.

2359 3590 2549 3662 Cyrillt'
2579 3606 2643 3643 ea:
2670 3589 2845 3643 eodem
2885 3587 3039 3641 libro.

1979 3688 2277 3743 Sanitatem
2306 3690 2491 3752 utpote
2544 3681 2684 3734 Deus
2711 3678 2962 3742 contulit,
3014 3678 3246 3747 propria:
3286 3692 3481 3731 manus

1909 3785 2219 3832 contactum
2276 3771 2480 3839 jacenti
2546 3769 2883 3840 gratiﬁcans.
2931 3766 3340 3833 Quamobrem?
3411 3767 3479 3821 Ut

1910 3867 2143 3937 pr0pria:
2168 3873 2399 3926 naturae,
2432 3860 2626 3913 divina:
2658 3858 2900 3927 inquam,
2935 3871 3092 3927 pares
3118 3856 3314 3910 habere
3341 3858 3483 3911 vires

1910 3973 2107 4027 corpus
2135 3971 2288 4010 smnn
2316 3952 2625 4008 ostenderet
2653 3990 2667 4013 ,
2725 3958 2986 4019 quantum
3036 3948 3229 4000 attinet
3274 3948 3341 4001 ad
3388 3965 3478 4001 sa-

1912 4053 2215 4105 nandorum
2253 4060 2516 4115 a‘grorum
2570 4039 2887 4095 efﬁcaciam.
2936 4037 3048 4092 Non
3080 4046 3162 4093 est
3193 4039 3337 4092 enim
3378 4039 3480 4091 hoc

1911 4157 2106 4211 corpus
2128 4138 2415 4206 cujuslibet
2437 4134 2673 4203 vulgaris
2693 4131 2949 4195 hominis,
2981 4130 3075 4184 scd
3104 4128 3263 4183 Verbi
3282 4142 3481 4183 cuncta

1911 4234 2143 4291 potentis
2175 4244 2430 4301 prospere
2464 4225 2694 4280 allicere.

2366 4339 2551 4409 Cyrilli
2577 4354 2641 4391 ex
2660 4316 2837 4390 eodem
2870 4334 3024 4386 libro.

1989 4435 2234 4493 Vicissim
2278 4434 2459 4500 itaque
2488 4443 2618 4483 voce
2664 4441 2785 4481 eum
2839 4426 3083 4480 videmus
3132 4422 3364 4491 aperari.
3418 4421 3484 4476 ῐ-ἶι

1915 4532 2073 4585 modo
2117 4526 2331 4596 quidem
2387 4535 2541 4583 voce,
2590 4520 2750 4573 modo
2801 4518 2964 4572 etiam
3025 4524 3169 4568 tactu
3225 4513 3481 4567 miracula

1913 4623 2024 4678 edit
2060 4638 2075 4675 :
2113 4632 2303 4685 nempe
2334 4624 2393 4669 ut
2419 4614 2774 4675 demonstret,
2804 4622 2999 4677 corpus
3023 4606 3189 4660 etiam
3225 4606 3364 4673 quod
3390 4620 3488 4672 pro

1916 4714 2072 4769 nobis
2102 4708 2417 4777 assumpsit,
2451 4720 2546 4773 per
2567 4718 2625 4757 se
2663 4716 2786 4756 esse
2828 4697 3020 4755 emcax
3070 4706 3290 4767 propter
3330 4694 3487 4749 iulia-

1922 4809 2099 4861 ltitans
2128 4802 2385 4862 Verbum,
2419 4795 2767 4863 Verbumque
2814 4793 2957 4846 haud
3022 4790 3202 4845 secius
3258 4787 3483 4857 pollere,

1922 4897 2135 4953 etiamsi
2166 4892 2346 4947 nullus
2373 4891 2526 4943 lieret
2546 4883 2845 4955 corporalis
2873 4892 3182 4938 contactus.

1993 4986 2124 5048 Vlll,
2157 4985 2240 5038 i6.
2288 4981 2503 5047 Vespere
2536 4988 2710 5032 autem
2747 4975 2910 5045 facta,
2941 4974 3235 5029 obtulerunt
3270 4976 3318 5029 ei
3348 4975 3489 5029 mul—

1921 5092 2000 5134 tos
2023 5076 2282 5132 demetrio
2308 5070 2574 5126 habentes.

1993 5169 2100 5221 Cur
2147 5166 2212 5218 de
2264 5163 2352 5216 die
2416 5176 2520 5214 non
2575 5158 2850 5212 adducunt
2892 5152 3189 5210 inﬁrmos?
3223 5152 3317 5206 Vel
3365 5155 3487 5221 quia

1922 5257 2141 5312 Scriltas
2170 5260 2486 5309 reverentur
2538 5260 2592 5303 ct
2633 5248 2963 5309 Pharismos,
2997 5255 3084 5299 aut
3124 5259 3314 5298 rursus
3360 5245 3486 5310 quia

1920 5349 2261 5405 inﬁrmitates
2302 5359 2427 5400 suas
2460 5342 2809 5406 erubescunt,
2861 5349 2953 5393 aut
2999 5350 3064 5390 eo
3112 5335 3253 5405 quod
3289 5334 3490 5389 inﬁrmi

1914 5701 2057 5757 Petri
2079 5698 2306 5771 apostoli
2340 5712 2493 5771 socru
2528 5694 2746 5771 (Μαι-ιο,
2780 5708 2893 5771 ιξιιι,
2918 5690 3003 5751 Ν.
3042 5691 3152 5763 lii),
3179 5707 3336 5764 quam
3367 5702 3487 5745 ma-

1919 5791 2019 5827 tttts
2058 5764 2303 5827 contactu
2342 5764 2473 5821 ιιέιιτι
2505 5765 2769 5835 expedivit
2798 5764 3077 5817 Servatur.
