4070 6538
244 442 247 447 ,
270 390 358 445 491

1431 393 1785 452 (ΞΟΜΜΕΝΤ.
1826 399 1895 452 ΙΝ
1937 400 2374 460 ΜᾹΤΤΙῙΛΕΠΗ.

3402 406 3504 461 ιοξ

274 497 743 565 δόξας.”επρεπεν
787 496 1010 571 Ἰωάννῃ
1053 499 1127 565 ὡς
1176 500 1361 575 οίκίτῃ
1408 506 1498 561 διὰ
1547 509 1648 579 τῆς
1692 507 1825 575 ἄγαν

1933 516 2359 585 cumagebantur
2410 519 2773 587 epinionibus.
2810 522 3039 578 Decebat
3074 524 3357 585 Joannem.
3384 536 3503 576 tan-

248 588 679 659 ~trnkwaytoyia;
726 587 1141 660 κατανικρῶσαι
1189 591 1258 645 τὰ
1304 594 1400 665 τῆς
1430 598 1629 668 σαρκὸς
1658 600 1827 671 πάθη,

252 680 342 749 ¹τῷ
386 678 440 730 δέ
478 675 692 748 Χριστῷ
740 677 815 741 ὡς
865 677 1135 750 ἐλευθέρῳ
1166 680 1392 752 δυνάμει
1436 686 1534 755 τῆς
1579 686 1830 759 θεότητος

246 765 677 835 νέξουσιαστικῶς
708 766 778 820 τὰ
809 766 912 837 τῆς
939 769 1143 840 σαρκὸς
1162 772 1388 842 νεκροῦν
1417 776 1712 845 κινήματα,
1734 780 1830 832 καὶ

248 860 353 915 »τὸν
384 859 618 930 ἔμφυτον
644 859 745 930 τῆς
778 860 979 930 σαρκὸς
1004 862 1188 931 νόμον,
1210 864 1269 917 οὐ
1288 865 1404 936 ,μὴν
1428 866 1494 925 δι’
1516 869 1830 936 άσκητικῶν

271 952 437 1006 πόνων
468 952 544 1009 είς
578 950 734 1004 τοῦτο
768 950 1177 1022 βοηθεῖσθαι.⁹0
1213 954 1313 1024 μὲν
1353 957 1608 1029 Ἰωάννης
1632 959 1831 1029 βάπτι..

269 1058 375 1112 σμα
420 1039 707 1110 κηρύσσων
759 1041 1068 1111 μετανοίας,
1115 1043 1285 1097 τύπον
1338 1046 1533 1100 ἐαυτὸν
1583 1050 1828 1123 παρέσχε

267 1132 368 1193 τοῖς
393 1128 663 1198 ὀφείλουσι
698 1128 932 1183 πενθεῖν.
952 1131 1010 1184 '0
1043 1132 1099 1185 δέ
1126 1132 1330 1204 Κύριος
1364 1134 1644 1206 βασιλείαν
1669 1139 1830 1211 obpa-

266 1219 364 1274 νῶν
407 1218 717 1290 κηρύσσων,
746 1221 970 1284 εἰκότως
1002 1222 1063 1275 τὸ
1091 1224 1373 1294 ἀνειμένον
1406 1227 1498 1281 καὶ
1523 1227 1743 1299 φαιδρὸν
1770 1232 1829 1287 ἐν

264 1309 433 1380 ἑαυτῷ
458 1309 825 1375 ἐπεδείκνυτο,
857 1310 922 1367 δι’
945 1307 1015 1384 ἦς
1041 1316 1154 1381 τοῖς
1183 1318 1394 1381 πιστοῖς
1423 1318 1705 1389 ὑπέγραφε
1731 1321 1829 1390 τὴν

265 1400 519 1471 ἰσομένην
548 1401 927 1472 άνέκφραστον
951 1403 1118 1473 ζωὴν,
1163 1407 1257 1459 καὶ
1302 1407 1402 1477 τὴν
1436 1407 1635 1466 ἄπονον
1661 1410 1825 1483 ζωήν.

262 1575 557 1648 Κυρίλλου
620 1576 692 1629 ἐκ
734 1576 841 1631 τοῦ
891 1576 1176 1646 δευτέρου
1240 1581 1347 1635 τοῦ
1404 1586 1492 1649 είς
1550 1586 1616 1637 τὸ
1680 1586 1830 1639 κατὰ

634 1666 935 1721 Ματθαῖον
974 1668 1407 1741 Ὑπομνήματα.

327 1751 489 1809 Ἦλθε
524 1755 621 1826 μὲν
648 1755 726 1826 (1)
750 1754 859 1829 γὰρ
884 1758 1137 1829 Ἰωάννης
1180 1762 1318 1831 μήτε
1339 1762 1555 1831 ἐσθίων,
1581 1767 1721 1836 μήτε
1737 1768 1827 1821 πί-

240 1864 374 1909 νων.
399 1846 579 1903 καθ’ἂ
598 1847 906 1918 γέγραπται
926 1865 938 1878 ·
971 1844 1103 1920 ἦλθε
1131 1849 1187 1905 δὲ
1204 1852 1231 1904 ό
1257 1850 1383 1916 Υίὸς
1410 1853 1504 1908 τοῦ
1536 1855 1828 1926 ἀνθρώπου

236 1938 441 2007 «ἐσθίων
464 1939 565 1991 καὶ
594 1937 783 1995 πίνων.
808 1939 918 1993 Καὶ
944 1938 1042 2010 τὴν
1077 1939 1270 1994 τούτου
1298 1942 1477 1997 αἰτίαν
1493 1984 1507 2008 ,
1524 1944 1601 2007 ὡς
1628 1945 1692 1998 ἂν
1716 1940 1829 2000 οἷόν

258 2046 330 2096 τε,
349 2027 443 2083 ὡδὶ
465 2030 650 2083 εἰπεῖν
676 2029 1029 2101 πειράσομαι.
1057 2028 1255 2101 Γέγονε
1294 2033 1392 2103 μὲν
1421 2033 1527 2105 γὰρ
1544 2035 1828 2106 ἄνθρωπος

256 2124 283 2175 6
303 2119 391 2174 ⁴ιτοῦ
420 2118 563 2173 Θεοῦ
605 2120 904 2189 Λόγος,καὶ
934 2121 1110 2174 πάντα
1146 2121 1426 2196 πεφόρηκε
1457 2124 1526 2178 τὰ
1559 2125 1824 2198 ἡμέτερα,

256 2210 366 2285 δίχα
406 2205 583 2283 μόνης
629 2210 939 2281 ἁμαρτίας·
966 2210 1082 2266 ἀλλ’
1132 2210 1190 2267 ἐν
1222 2228 1289 2280 γε
1330 2217 1451 2277 ταῖς
1477 2216 1619 2271 κατὰ
1667 2216 1827 2287 σῶμα

255 2302 487 2372 κινήσεσι
532 2304 815 2369 φυσικαῖς,
841 2303 940 2371 τῆς
963 2302 1027 2369 ἐξ
1064 2302 1219 2367 ἔθους
1242 2306 1373 2374 ἡμῖν
1401 2306 1824 2376 χαλιναγωγίας,

254 2393 407 2447 πόνου
428 2409 508 2458 τε,
558 2394 719 2465 φημὶ,
753 2394 848 2447 καὶ
872 2396 1144 2463 νηστείας,
1174 2395 1291 2460 πῶς
1322 2395 1388 2450 ἂν
1416 2397 1630 2471 ἐδεήθη,
1648 2398 1824 2453 καίτοι

258 2481 387 2535 κατὰ
415 2480 586 2552 φύσιν
635 2482 895 2553 ὑπάρχων
948 2482 1101 2549 Θεὸς,
1133 2486 1162 2537 ὁ
1194 2484 1288 2537 καὶ
1344 2485 1609 2555 κρείττων
1649 2488 1824 2560 ἀμαρ-

256 2574 366 2640 τίας
392 2613 407 2637 ,
441 2573 547 2627 καὶ
579 2576 646 2644 τῇ
701 2575 831 2644 παρ’
883 2573 1076 2627 ἐαυτοῦ
1132 2576 1315 2646 χάριτι
1361 2577 1456 2629 καὶ
1493 2576 1563 2631 τά
1601 2578 1659 2631 ἐν
1692 2562 1821 2649 ημῖν

258 2652 596 2735 καταραῖξὼν
648 2663 831 2735 πάθη,
866 2666 1066 2735 νεκρὰν
1118 2664 1177 2719 δὲ
1230 2666 1323 2720 καὶ
1360 2665 1641 2739 ἄπρακτον
1683 2670 1820 2723 ἀπο·

256 2758 447 2826 φαίνων
477 2758 581 2812 καὶ
613 2758 714 2828 τὴν
746 2757 803 2810 ἐν
832 2758 963 2827 ἡμῖν
991 2756 1086 2810 τοῦ
1128 2756 1378 2829 σώματος
1406 2759 1606 2831 ὄρεξιν,
1641 2763 1689 2813 εί
1728 2761 1822 2814 καὶ

254 2849 506 2902 διακέοιτό
552 2866 664 2912 πως
715 2850 795 2911 είς
827 2848 1091 2911 ἐκτύπους
1129 2848 1356 2919 ἡδονάς;
1390 2851 1823 2921 Κατεσκήνωσεν

238 2939 353 3011 -τὰρ
373 2940 431 2992 ἐν
457 2941 599 3009 ἡμῖν
624 2941 652 2993 ὁ
674 2937 768 2992 τοῦ
796 2938 931 2993 Θεοῦ
974 2938 1166 3003 Λόγος,
1197 2941 1293 2995 καὶ
1336 2940 1473 2995 ἰδίαν
1525 2943 1824 3012 ἐποιήσατο

256 3030 421 3101 σάρκα
469 3029 578 3101 τὴν
624 3028 990 3102 ἀνθρωπίνην,
1015 3029 1079 3085 ἵν’
1101 3030 1396 3101 ἐπειδήπερ
1421 3032 1713 3096 ἀτίθασσός
1738 3049 1822 3095 τις

254 3120 417 3192 αὐτὴν
448 3122 478 3174 6
504 3121 616 3192 τῆς
661 3121 937 3191 ἁμαρτίας
980 3119 1329 3191 κατεληῒξετο
1351 3121 1514 3192 νόμος
1544 3122 1821 3194 (τετυράν-

256 3228 379 3283 vnn
421 3211 541 3283 γὰρ
568 3213 627 3266 ἐν
662 3214 777 3276 τοῖς
818 3194 1006 3282 μέλεσι
1050 3211 1155 3282 τῆς
1187 3213 1390 3283 σαρκὸς
1415 3214 1816 3283 ἀντιστρατευό-

260 3319 405 3371 μενος
437 3301 519 3373 τῷ
557 3303 708 3373 νόμῳ
731 3301 827 3358 τοῦ
877 3302 1018 3366 νοὸς,
1068 3303 1156 3357 καὶ
1197 3303 1613 3373 αἰχμαλωτίζων
1644 3307 1727 3370 είς
1760 3306 1827 3360 τὰ

256 3394 461 3463 οἰκεῖα),
493 3394 845 3465 καταργήσει
863 3392 1051 3447 τοῦτον
1068 3394 1133 3446 δι’
1163 3393 1353 3448 ἑαυτοῦ
1381 3412 1395 3427 ·
1435 3396 1527 3449 καὶ
1548 3396 1607 3448 ἐν
1635 3396 1824 3467 πρώτῃ

258 3484 530 3557 νεκρώσας
555 3488 622 3558 τῇ
646 3485 752 3557 ἰδίᾳ
793 3486 981 3557 σαρκὶ,
1010 3485 1359 3560 παραπέμψῃ
1393 3486 1576 3541 λοιπὸν
1606 3488 1704 3557 τῆς
1733 3490 1826 3542 ἐπὶ

255 3576 416 3648 τούτῳ
454 3578 688 3649 χάριτος
728 3578 828 3648 τὴν
882 3577 1164 3651 μετάδοσιν
1201 3579 1279 3640 είς
1315 3578 1480 3650 ημᾶς,
1506 3578 1601 3632 ὅτε
1627 3578 1690 3648 δὴ
1732 3580 1827 3631 καὶ

254 3666 400 3732 ὄντας
422 3670 711 3739 ὁμογενεῖς
735 3668 874 3721 κατά
915 3685 979 3735 γε
1006 3668 1105 3739 τὴν
1130 3670 1229 3739 τῆς
1253 3670 1452 3739 σαρκὸς
1481 3670 1640 3740 φύσιν
1671 3684 1684 3699 ο
1721 3672 1829 3723 ἀπ-

254 3756 386 3829 αρχὴ
412 3758 521 3829 γὰρ
568 3758 729 3830 ὴμῶν
769 3757 1002 3829 Χριστὸς
1021 3797 1036 3821 ,
1067 3756 1319 3826 δεύτερος
1357 3758 1528 3828 Ἀδὰμ
1558 3759 1827 3829 χρηματί-

259 3864 347 3912 σας
392 3849 507 3920 μετ*
568 3851 775 3902 ἐκεῖνον
813 3848 904 3902 τὸν
936 3851 993 3904 ἐν
1048 3850 1243 3923 ἀρχαῖς
1277 3866 1290 3881 ·
1324 3852 1420 3904 καὶ
1469 3849 1685 3920 πρῶτος
1736 3852 1827 3906 άν-

256 3938 459 4010 θρωπος
492 3939 743 4011 πέφηνεν
791 3941 881 3993 ἐπὶ
916 3940 1039 4011 γῆς,
1083 3940 1263 4011 χοῖκὸς
1316 3939 1417 4012 μὲν
1456 3941 1661 4007 οὐκέτι,
1686 3940 1827 4004 θεῖος

254 4029 305 4083 δέ
342 4031 550 4102 μᾶλλον
585 4033 679 4083 καὶ
725 4031 1048 4101 ἐπουράνιος
1068 4071 1083 4094 ,
1116 4032 1390 4102 ἁμαρτίαν
1424 4033 1523 4086 οὒκ
1548 4031 1702 4096 είδὼς
1723 4049 1737 4065 ⁶
1758 4033 1826 4086 δι’

254 4119 281 4174 ὸ
324 4122 413 4175 καὶ
452 4122 621 4193 μόνος
660 4123 717 4174 ἐν
778 4125 991 4194 νεκροῖς
1038 4121 1341 4193 ἐλεύθερος.
1390 4124 1827 4194 Ἀναμορφουμέ·

1930 620 2091 674 quam
2116 619 2354 668 servum,
2372 621 2472 675 per
2496 608 2683 663 duram
2720 610 3007 669 admodum
3057 611 3179 665 vita:
3229 613 3499 666 rationem

1931 696 2112 752 carnis
2162 695 2478 763 an'ectioues
2519 699 3173 755 mortlllcare:Christum
3221 716 3348 756 vero
3380 710 3500 755 tan-

1930 801 2091 856 quam
2114 786 2362 853 liberum,
2395 790 2595 847 virtute
2625 790 2946 855 divinitatis,
2976 802 3236 862 tauquam
3262 804 3499 862 potesta-

1906 887 2055 939 tem,
2093 877 2403 942 habentem.
2440 882 2621 937 carnis
2667 890 2844 936 motus
2890 882 3169 946 edomare,
3199 896 3263 936 ac
3288 882 3500 936 insitam

1929 965 2112 1020 carnis
2163 967 2331 1035 legem
2385 970 2653 1039 subigere,
2696 986 2801 1031 non
2855 981 3034 1027 tamen
3086 986 3184 1039 per
3238 971 3501 1033 asceticos

1928 1056 2144 1114 labores
2172 1058 2242 1115 ad
2292 1061 2395 1117 hoc
2441 1061 2637 1131 iuvari.
2684 1061 2919 1121 Joannes
2967 1063 3183 1132 quidem
3237 1062 3501 1132 baptisma

1930 1147 2229 1214 praedicans
2280 1151 2631 1219 pauitantia.
2684 1152 2909 1224 liguram
2952 1168 3017 1213 se
3052 1154 3223 1222 ipsum
3272 1153 3503 1223 praebuit

1930 1237 2114 1306 lugere
2136 1238 2492 1301 debentibus:
2525 1243 2782 1301 Dominus
2815 1260 2944 1302 vero
2978 1260 3199 1315 regnum
3238 1244 3500 1305 tutelarum

1904 1329 2250 1398 praedicans,
2308 1334 2505 1391 merito
2580 1335 2958 1393 remissionem
3016 1351 3085 1392 ac
3138 1336 3383 1393 lzetitiam
3446 1336 3498 1389 in

1929 1433 2047 1477 sese
2095 1420 2361 1487 exhibuit,
2398 1436 2494 1491 per
2541 1438 2703 1492 quam
2754 1424 3002 1481 ﬁdelibus
3050 1424 3294 1483 futuram
3339 1428 3497 1479 vitam

1932 1508 2250 1567 inetl‘abilem
2277 1514 2585 1581 descripsit,
2616 1514 2781 1571 vitam
2826 1516 3028 1572 laboris
3050 1523 3355 1585 expertem.

1930 1596 2122 1667 συνειιι
2185 1616 2251 1654 ea:
2310 1601 2448 1654 libre
2504 1618 2542 1656 ιι
2614 1601 2989 1659 Commentarii
3049 1606 3104 1659 in
3168 1602 3494 1663 ﬂammeum.

2465 1690 2683 1757 (Matth.
2712 1708 2791 1759 at,
2820 1692 2934 1763 ¹18).

2002 1779 2165 1835 Venit
2204 1780 2350 1835 enim
2388 1780 2623 1841 Joannes
2666 1797 2842 1851 neque
2898 1786 3233 1843 amanducans
3262 1821 3277 1848 ,
3321 1797 3498 1853 neque

1863 1844 1902 1897 Β
1932 1869 2139 1937 bibens,
2171 1870 2331 1927 sicuti
2362 1871 2620 1940 scriptum
2641 1844 2771 1938 est;-
2813 1872 2956 1928 venit
2989 1882 3171 1931 autem
3199 1844 3368 1929 Filius
3394 1844 3493 1928 ιὶο-

1930 1961 2095 2016 miais
2147 1952 2486 2023 mando-caus
2524 1972 2581 2023 et
2635 1964 2846 2020 bibens.
2893 1962 3146 2024 Jamvero
3197 1963 3354 2032 hujus
3383 1964 3493 2027 rei.

1904 2060 2088 2118 prout
2121 2049 2238 2106 ﬁeri
2271 2050 2490 2119 poterit,
2519 2066 2737 2110 causam
2777 2052 2863 2106 hic
2911 2051 3151 2119 conabor
3199 2064 3491 2121 exponere.

1934 2139 2174 2196 Factum
2206 2150 2295 2198 est
2336 2143 2499 2201 homo
2547 2142 2640 2202 Dei
2684 2142 2941 2208 Verbum,
2981 2152 3273 2211 nostraque
3317 2143 3494 2198 omnia

1902 2233 2179 2301 gestavit,
2211 2247 2320 2290 uno
2345 2244 2572 2303 excepto
2600 2243 2838 2309 peccato.
2883 2232 2987 2291 Sed
3023 2236 3168 2304 quod
3201 2234 3392 2289 attinet
3425 2233 3494 2287 ad

1925 2321 2178 2397 physicas
2208 2324 2455 2393 corporis
2484 2326 2899 2390 commotiones,
2934 2325 3206 2393 quomodo
3252 2324 3491 2391 eguisset

1926 2423 2185 2469 consueto
2208 2416 2368 2470 nobis
2397 2415 2589 2482 ,freuo,
2641 2414 2827 2470 labore
2853 2417 3109 2493 nimirum
3156 2429 3219 2469 ac
3249 2413 3491 2484 jejunio,

1926 2506 2364 2576 quandoquidem
2399 2507 2545 2562 Deus
2566 2516 2759 2577 suapte
2790 2518 2983 2562 natura
3018 2516 3138 2570 est.
3184 2515 3240 2561 et
3264 2516 3492 2574 peccato

1925 2599 2175 2667 superior
2208 2638 2227 2665 ,
2286 2614 2491 2668 suaque
2539 2600 2714 2670 gratia
2765 2601 2819 2654 in
2869 2600 3025 2655 nobis
3081 2611 3295 2668 quoque
3339 2598 3492 2652 sedat

1924 2686 2247 2755 passiones,
2312 2686 2487 2742 nostri
2531 2688 2779 2756 corporis
2830 2687 3062 2757 impetus
3112 2685 3384 2747 inhibens,
3413 2683 3489 2737 si-

1908 2778 2140 2847 quando
2163 2779 2232 2833 ad
2264 2776 2533 2834 absurdas
2560 2777 2869 2847 voluptates
2899 2778 3143 2847 rapiatur
3166 2775 3191 2829 ἲ
3218 2773 3485 2830 Videlicet

1925 2870 2066 2925 inter
2111 2884 2211 2925 nos
2264 2867 2530 2923 habitavit
2577 2868 2670 2923 Dei
2710 2867 2947 2922 Verbum
2976 2907 2992 2931 ,
3046 2880 3310 2936 suamque
3365 2862 3493 2919 fecit

1902 2974 2146 3017 .carnem
2178 2961 2497 3025 humanam,
2529 2967 2588 3013 ut
2608 2959 2747 3028 ,quia
2786 2959 2927 3014 hanc
2946 2971 3137 3025 aspera
3166 2956 3374 3026 peccati
3403 2954 3487 3009 lex

1904 3049 2156 3107 «enabat
2185 3050 2409 3120 (etenim
2446 3050 2663 3121 tyranni
2691 3050 2864 3106 instar
2890 3058 3179 3118 peccatum
3220 3047 3274 3103 in
3306 3046 3490 3103 carnis

1928 3140 2189 3198 membris
2227 3150 2493 3210 repugnat
2540 3140 2755 3196 mentis
2786 3138 2915 3209 legi.
2950 3139 3001 3195 in
3056 3152 3209 3195 suam
3248 3149 3355 3194 nos
3390 3149 3491 3205 po-

1930 3238 2175 3288 testatem
2208 3230 2504 3299 redigens).
2532 3244 2629 3300 per
2659 3245 2717 3287 se
2743 3228 2918 3300 ipsum
2966 3231 3071 3285 vim
3118 3226 3264 3285 illam
3305 3233 3491 3287 retunv

1914 3320 2079 3377 .deret
2101 3358 2118 3385 ,
2154 3328 2318 3389 atque
2353 3320 2404 3374 in
2438 3334 2535 3375 sua
2561 3318 2807 3387 apprime
2841 3331 3008 3373 carne
3027 3330 3146 3374 eam
3182 3315 3351 3383 legem
3390 3328 3491 3383 po-

1928 3409 2151 3474 rimens,
2197 3408 2382 3480 gratiae
2408 3407 2567 3477 hujus
2596 3408 3065 3477 participationem
3091 3406 3156 3459 ad
3190 3420 3289 3459 nos
3315 3413 3493 3460 trans-

1906 3499 2167 3565 mitteret
2199 3537 2216 3562 ,
2274 3499 2362 3567 qui
2417 3497 2658 3575 ejusdem
2717 3513 2839 3555 cum
2888 3512 2953 3555 eo
2992 3492 3214 3568 generis
3258 3505 3488 3557 sumus.

1927 3589 2068 3658 quod
2127 3589 2324 3642 attinet
2386 3588 2454 3644 ad
2503 3589 2687 3645 carnis
2731 3598 3001 3645 naturam.
3054 3586 3185 3639 Nam
3238 3583 3490 3654 primitiae

1929 3689 2128 3735 nostra:
2176 3679 2427 3735 Christus
2472 3690 2555 3737 cst
2622 3681 2689 3745 ",
2772 3694 3047 3749 novusque
3125 3679 3362 3737 Adamus
3410 3687 3495 3731 est

1930 3770 2233 3842 pastillum
2281 3772 2371 3841 qui
2433 3770 2534 3826 fuit
2584 3770 2780 3826 initio:
2824 3778 2880 3825 et
2920 3771 3171 3841 princeps
3217 3768 3378 3824 homo
3439 3768 3491 3820 in

1931 3871 2072 3915 terra
2121 3864 2400 3931 apparuit,
2457 3862 2570 3939 jam
2626 3878 2733 3917 non
2778 3872 3072 3924 terrenus,
3130 3860 3223 3915 sed
3276 3859 3491 3913 divinus

1928 3952 2107 4022 potius
2141 3960 2304 4019 atque
2342 3953 2613 4016 ccelestls,
2646 3951 2854 4024 peccati
2903 3952 3117 4007 nescius
3147 3968 3161 4016 ;
3209 3958 3491 4019 propterea

1928 4043 2079 4097 solus
2121 4042 2285 4096 etiam
2321 4044 2464 4098 inter
2503 4052 2747 4099 mortuos
2802 4042 2957 4097 liber.
3015 4037 3330 4095 Reformata
3367 4052 3496 4108 ergo

1930 4133 1983 4186 in
2021 4131 2237 4188 Christo
2268 4132 2441 4203 primo
2474 4134 2538 4187 ad
2578 4133 2951 4204 primigeniam
2999 4131 3340 4184 sanctitatem
3403 4138 3497 4181 na-

255 4226 345 4282 νης
376 4209 670 4282 τοιγαροῦν
705 4210 763 4263 ἐν
785 4210 986 4283 πρώτῳ
1018 4211 1237 4283 Χριστῷ
1262 4212 1399 4283 πρὸς
1432 4214 1521 4266 τὸν
1546 4214 1604 4266 ἐν
1635 4214 1825 4283 ἀρχαῖς

1933 4234 2050 4277 tura
2082 4231 2288 4288 nostra,
2319 4236 2475 4276 nemo
2502 4222 2708 4276 dubitet
2729 4221 2856 4291 quin
2889 4220 2954 4274 ad
2984 4220 3291 4274 universum
3322 4215 3495 4270 homi-

256 4301 515 4370 ἀγιασμὸν
557 4302 659 4373 τῆς
693 4304 971 4375 ἡμετέρας
1008 4302 1244 4373 φύσεως,
1279 4303 1597 4367 ἐνδοιαζέτω
1638 4305 1825 4375 μηδεὶς

1931 4330 2056 4370 eum
2088 4330 2255 4386 genus
2279 4314 2687 4371 reformationis
2715 4314 2889 4381 gratia
2920 4312 3342 4365 fueritextensa.
3382 4306 3495 4361 Non

253 4388 323 4453 ὡς
346 4393 423 4455 τίς
454 4394 603 4448 ἆπαν
635 4393 733 4465 ήδη
785 4394 845 4451 τὸ
884 4394 1222 4466 ἀνθρώπινον
1263 4395 1556 4463 ἐξετείνετο
1603 4397 1756 4463 γένος
1790 4400 1825 4468 ἠ

1930 4405 2070 4461 enim
2102 4403 2336 4471 seipsqu
2360 4401 2672 4456 reformavit
2704 4400 2959 4467 Verbum,
2999 4415 3121 4454 cum
3152 4399 3293 4453 Deus
3317 4399 3407 4463 sit,
3443 4407 3498 4451 et

258 4480 347 4550 ιῆς
366 4482 813 4555 ἀναμορφώσεως
836 4485 1013 4555 χάρις.
1046 4486 1121 4538 Οὐ
1163 4487 1270 4556 γὰρ
1294 4486 1483 4540 ἐαυτὸν
1514 4487 1822 4558 ἀνεμόρφου

1931 4494 2273 4563 proprietatis
2298 4493 2540 4547 Paterna:
2572 4506 2830 4562 germana
2867 4493 3032 4560 tlgura
3064 4506 3080 4555 ;
3121 4490 3214 4544 sed
3250 4502 3346 4543 nos
3372 4503 3493 4543 cum

254 4570 377 4638 Θεὸς
410 4573 488 4635 ὢν
545 4578 572 4629 ὁ
606 4574 813 4645 Λόγος,
847 4577 940 4630 καὶ
994 4577 1093 4647 τῆς
1139 4577 1232 4630 τοῦ
1298 4578 1510 4648 Πατρὸς
1568 4578 1823 4649 ἰδιότητος

1934 4586 2021 4640 illo
2050 4586 2117 4640 ad
2150 4583 2313 4639 Deum
2343 4566 2617 4637 reformati
2655 4583 2888 4647 fuimus,
2910 4590 3134 4651 prepter
3174 4590 3499 4649 supernatuo

254 4668 666 4740 ἀπαραποίητος
708 4668 1016 4739 χαρακτὴρ,
1045 4668 1160 4723 ἀλλ’
1189 4671 1346 4740 ἡμεῖς
1378 4665 1521 4741 ἦμεν
1554 4673 1649 4724 σὺν
1675 4671 1821 4743 αὐτῷ

1932 4674 2096 4727 ralem
2138 4670 2644 4734 sanctiﬁcationem,
2675 4671 2940 4724 exstincta
2970 4669 3223 4738 deinceps
3253 4668 3307 4722 in
3334 4682 3497 4722 meme

255 4755 383 4827 πρὸς
415 4758 553 4812 Θεὸν
602 4759 1078 4830 ἀναμοριρούμενοι
1117 4760 1204 4814 διὰ
1240 4760 1334 4814 τοῦ
1370 4762 1464 4814 καὶ
1492 4762 1631 4831 ὑπὲρ
1660 4762 1818 4831 φύσιν

1931 4764 2039 4817 bris
2066 4761 2269 4817 nostris
2320 4760 2435 4830 lege
2489 4760 2718 4829 peccati.
2768 4756 2936 4814 Valde
2991 4757 3153 4827 igitur
3195 4757 3488 4812 absurdum

230 4847 546 4919 ’ἁγιασμοῦ,
578 4850 940 4921 νεκρουμένου
968 4851 1153 4904 λοιπὸν
1191 4854 1247 4903 ὲν
1274 4854 1383 4915 τοῖς
1416 4851 1635 4922 μέλεσιν
1666 4852 1820 4923 ἡμῶν

1930 4853 2135 4917 fuisset,
2164 4853 2210 4907 si
2250 4865 2359 4905 non
2400 4851 2582 4920 potius
2620 4848 2916 4903 divinltatis
2952 4848 3151 4903 virtute
3190 4848 3243 4901 in
3289 4843 3491 4901 Christi

251 4937 338 4990 τοῦ
366 4940 536 5009 νόμου
574 4942 673 5010 τῆς
703 4940 993 5010 ἁμαρτίας.
1033 4937 1143 4993 Ἦν
1178 4935 1271 4994 οῦν
1310 4940 1515 5011 σφόδρα
1550 4940 1656 4994 τῶν
1691 4942 1818 4996 ἀτό-

1928 4957 2153 5014 corpore
2178 4941 2515 4997 mortiﬁcata:
2552 4939 2780 4994 fuissent
2808 4938 3090 5007 passiones
3118 4980 3134 5005 ,
3176 4937 3271 4992 sed
3302 4936 3491 5005 jejunii

250 5042 362 5080 πων
410 5028 490 5097 μὴ
528 5030 650 5097 οὐχὶ
706 5029 905 5098 μᾶλλον
934 5032 999 5099 τῇ
1052 5028 1151 5097 τῆς
1196 5028 1445 5099 Θεότητος
1476 5030 1727 5101 ἐνεργείᾳ
1751 5031 1818 5082 τά

248 5118 303 5169 ἐν
320 5117 399 5187 τῷ
422 5117 639 5188 σώματι
659 5118 751 5171 τοῦ
776 5119 1009 5189 Χριστοῦ
1026 5120 1486 5189 κατανεκροῦσθαι
1516 5119 1683 5190 πάθη,
1700 5138 1821 5175 συν-

247 5206 424 5261 αθλεϊν
462 5209 518 5263 δὲ
550 5208 738 5280 ὥσπερ
761 5210 910 5280 αὐτῷ
934 5211 1033 5280 τὴν
1064 5210 1335 5281 νηστείαν,
1370 5213 1450 5273 είς
1474 5210 1533 5264 τὸ
1572 5212 1820 5281 καθάπερ

246 5300 307 5351 ὲκ
335 5297 454 5368 βίας
488 5300 585 5353 καὶ
606 5300 849 5371 ἀνάγκης
871 5300 971 5371 τὴν
1005 5300 1184 5373 σάρκα
1217 5301 1636 5373 καταξηραίνειν
1668 5320 1681 5334 ·
1718 5300 1819 5355 ποῦ

1928 5045 2081 5102 opem
2117 5030 2495 5100 implorasset,
2539 5039 2595 5083 ut
2646 5038 2901 5099 tauquam
2952 5028 3003 5083 vi
3060 5044 3123 5083 ac
3166 5027 3489 5082 necessitate

1928 5137 2145 5177 carnem
2163 5122 2488 5177 debilitaret.
2528 5118 2756 5176 Ublnam
2780 5120 2924 5175 enim
2955 5118 3309 5174 inhabitantls
3330 5116 3492 5172 Verbi

1929 5213 2227 5281 passiones,
2267 5212 2315 5266 si
2349 5220 2508 5280 prout
2560 5212 2715 5265 nobis
2761 5210 3048 5274 usuvenit,
3098 5208 3374 5263 laboribus
3425 5224 3486 5262 ac

1926 5302 2131 5375 jejunio
2164 5303 2441 5373 passiones
2468 5303 2756 5360 sedasset?

248 5392 350 5468 γὰρ
380 5395 413 5463 ἡ
443 5392 533 5447 τοῦ
558 5394 889 5457 ἐνοικοῦντος
909 5393 1044 5448 Θεοῦ
1067 5394 1241 5466 Λόγου
1273 5394 1520 5465 δύναμις,
1541 5398 1588 5449 εί
1612 5398 1861 5465 καθάπερ
1891 5397 1974 5467 ἐφ’
2011 5398 2169 5468 ἡμῶν
2199 5398 2380 5463 πόνοις
2405 5400 2496 5454 καὶ
2554 5398 2775 5470 νηστείᾳ
2808 5398 2875 5453 τά
2911 5396 3057 5467 πάθη
3089 5394 3485 5463 κατηυνάζετος

316 5572 399 5624 ’⁸1
434 5572 562 5629 Cor.
599 5590 687 5638 xv,
718 5574 807 5629 '23.

318 5752 393 5822 (ί)
432 5751 621 5810 Ἦλθε
663 5754 781 5823 μὲν
811 5786 879 5798 -—
931 5756 1340 5826 κατηυνάζετο.
1390 5758 1513 5827 Mai,
1568 5760 1633 5815 Β.
1690 5761 1759 5817 Ν.
1803 5760 1866 5831 Il,
1907 5762 2032 5823 477,
