4070 6536
623 380 726 439 £05

699 502 786 567 ΧΙ,
811 505 901 559 εδ.
939 505 1202 572 Conﬁteor
1226 507 1342 572 tibi,
1402 505 1574 560 Potor.

692 595 794 664 ει
824 594 956 648 lllud
991 598 1264 665 conﬁteor,
1293 613 1358 652 ex
1404 599 1638 656 humano
1691 617 1840 656 more
1888 604 1982 656 ait.
2021 601 2184 667 Quasi

619 686 845 752 diceret,
863 687 1078 742 Gratias
1104 704 1222 758 ago,
1249 698 1361 753 aut,
1383 690 1638 746 Gloriﬁco
1664 705 1746 758 te;
1788 709 1902 748 mos
1923 693 2066 747 enim
2103 703 2187 746 est

620 776 815 830 divinae
840 776 1132 845 Scriptura:
1174 778 1528 836 confessionis
1562 796 1752 836 nomen
1804 783 1896 836 tali
1951 783 2182 850 quodam

623 867 780 921 modo
812 869 1072 938 accipere.
1116 869 1386 924 Scribitur
1427 873 1571 926 enim
1601 892 1619 924 ι
1649 873 2039 938 Conﬂteantur,
2080 873 2185 925 Do-

625 959 787 1024 mine,
820 960 1025 1013 nomini
1059 970 1151 1015 tuo
1181 977 1395 1032 magno,
1425 963 1680 1032 quoniam
1704 964 1946 1017 terribile
1972 974 2026 1015 et
2053 979 2182 1015 san-

619 1060 787 1116 ctum,
813 1060 896 1105 est
925 1051 986 1104 “.
1023 1072 1041 1103 ι
1062 1056 1137 1106 Ac
1165 1068 1347 1107 rursus
1372 1069 1386 1106 :
1416 1073 1433 1104 ι
1463 1052 1772 1108 Conﬁtebor
1799 1054 1917 1117 tibi,
1939 1053 2182 1114 Domine,

621 1140 672 1192 in
707 1151 817 1196 toto
837 1143 996 1197 corde
1015 1145 1233 1199 meo".
1270 1163 1288 1195 ι
1322 1145 1500 1213 Atqui
1533 1155 1710 1200 mente
1734 1158 1986 1214 perversa
2019 1155 2181 1198 sunt:

624 1232 781 1298 Ecce,
811 1234 980 1299 aiunt,
1009 1237 1234 1305 gratiam
1257 1237 1542 1291 confitetur
1558 1237 1726 1290 Filius
1756 1236 1921 1289 Patri.
1954 1238 2028 1289 Ac
2051 1251 2184 1305 quo—

621 1324 779 1377 modo
798 1339 900 1377 non
938 1325 1028 1378 illo
1061 1327 1237 1380 minor
1263 1329 1380 1380 est?
1413 1329 1491 1382 Ad
1519 1329 1619 1382 hoc
1648 1336 1827 1380 autem
1857 1326 2184 1394 respondere

620 1425 797 1482 potest
851 1416 1046 1485 aliquis
1091 1420 1180 1486 qui
1241 1421 1485 1474 veritatis
1548 1421 1793 1488 dogmata
1850 1417 1985 1473 bene
2041 1418 2184 1473 norit

618 1520 988 1574 propugnare:
1024 1507 1089 1561 Et
1131 1509 1255 1575 quid
1288 1518 1455 1572 vetat,
1496 1524 1527 1564 ο
1576 1510 1723 1574 boni,
1754 1510 2184 1563 consubstantia-

618 1596 719 1648 lem
750 1597 1024 1666 suscipere
1051 1597 1270 1665 Filium,
1299 1609 1350 1653 et
1373 1599 1592 1654 laudare
1618 1599 1833 1654 Patrem
1865 1600 2005 1652 illius
2023 1615 2183 1654 omne

615 1687 754 1754 quod
773 1687 872 1741 sub
890 1689 1028 1743 ccelo
1046 1698 1148 1751 est,
1172 1705 1266 1758 per
1308 1690 1479 1758 ipsum
1506 1691 1853 1744 servantem?
1887 1691 1980 1744 Sin
2000 1699 2178 1743 autem

614 1779 682 1830 ob
719 1774 1114 1832 confessionem
1157 1778 1322 1832 Patre
1354 1779 1613 1833 minorem
1648 1795 1769 1834 eum
1798 1795 1916 1834 esse
1947 1780 2177 1833 arbitra-

1606 387 1662 443 S.
1707 390 1982 444 CYKILLl
2020 387 2487 444 ALEXANDRINI
2523 389 2838 447 AIKCIIIEP.

3756 394 3847 451 ισιι

2375 507 2880 578 Ἐξομολογοῦμαί
2920 525 3050 572 σοι,
3089 507 3294 576 Πάτερ.

2367 600 2436 652 Τὸ
2463 600 2930 670 ἐξομολογοῦμαί
2976 600 3110 668 φησὶ
3157 600 3296 652 κατὰ
3342 599 3625 668 συνηθειαν
3655 602 3849 670 ἀνθρω-

2293 688 2475 759 πίνην,
2510 691 2631 743 ἀντὶ
2663 689 2775 752 τοῦ,
2810 690 2984 760 Χάριν
3010 689 3276 760 δμολογῷ,
3313 690 3502 759 ἤγουν,
3531 689 3746 753 Δοξάζω
3775 708 3847 744 σε.

2297 779 2455 841 Ἕθος
2485 779 2594 848 γάρ
2632 783 2695 850 τῇ
2730 780 3067 850 θεοπνεύστῳ
3097 781 3286 852 Γραφῇ
3316 782 3376 834 τὸ
3401 782 3499 851 τῆς
3538 783 3849 852 ἐξομολογή·

2295 886 2432 932 σεως
2466 869 2636 939 ὄνομα
2666 871 2806 923 κατὰ
2845 871 3042 924 τοιόνδε
3077 872 3198 924 τινὰ
3231 871 3480 941 δέχεσθαι
3513 874 3729 943 τρόπον.
3766 873 3849 924 Γέ·

2293 973 2557 1027 γραπται,
2589 959 2670 1011 ὅτι
2711 978 2728 1009 ι
2753 959 3390 1030 Ἐξομολογησάσθωσαν,
3417 961 3605 1032 Κύριε,
3639 961 3722 1030 τῷ
3744 961 3848 1013 ὀνόο

2295 1050 2425 1116 ματί
2458 1066 2551 1101 σου
2583 1050 2659 1120 τῷ
2695 1052 2935 1122 μεγάλῳ,
2973 1052 3053 1104 ὅτι
3095 1052 3324 1122 φοϐερὸν
3359 1053 3451 1105 καὶ
3489 1054 3636 1120 ἅγιόν
3668 1055 3802 1107 ἐστι.
3830 1073 3846 1103 ι

2292 1140 2401 1192 Καὶ
2457 1141 2650 1193 πάλινο
2705 1142 3242 1213 «Ἑξομολογήσομαῖ
3294 1160 3397 1205 σοι,
3430 1143 3617 1214 Κύριε,
3664 1146 3725 1195 ἐν
3767 1145 3852 1218 ὅλῃ

2291 1232 2485 1303 καρδίᾳ
2523 1250 2643 1302 μου.
2666 1251 2684 1283 ι
2708 1235 2846 1286 Ἀλλ’
2873 1236 2921 1287 οῖ
2943 1235 3361 1304 διεστραμμένοι
3382 1235 3474 1287 τὸν
3498 1235 3619 1289 νοῦν
3643 1276 3659 1301 ,
3706 1235 3848 1297 Ἰδοὺ,

2291 1323 2442 1390 φασὶ,
2479 1325 2636 1393 χάριν
2658 1324 2908 1393 ὁμολογεῖ
2934 1325 2961 1375 ό
2989 1325 3115 1387 Υἱὸς
3138 1323 3216 1393 τῷ
3245 1324 3416 1392 Πατρί
3433 1340 3447 1352 ·
3479 1319 3594 1376 εἶτα
3618 1325 3743 1388 πῶς
3765 1325 3850 1378 οὐκ

2290 1413 2525 1466 ἐλάττων
2576 1414 2724 1466 ἐστὶν
2775 1414 2977 1481 αὺτοῦ;
3029 1413 3170 1484 Πρὸς
3199 1414 3352 1466 τοῦτο
3381 1416 3512 1484 φαίη
3541 1432 3623 1478 τις
3654 1416 3726 1469 ἃν
3756 1416 3851 1467 τῶν

2289 1494 2347 1552 εὖ
2398 1500 2613 1553 εἰδότων
2660 1504 2768 1563 τοῖς
2815 1501 2912 1572 τῆς
2941 1502 3199 1572 ἀληθείας
3229 1505 3552 1558 σννασπίσαι
3583 1505 3848 1574 δόγμασι·

2291 1589 2400 1640 Καὶ
2445 1589 2496 1641 τί
2546 1590 2606 1641 τὸ
2648 1590 2874 1654 κωλύον,
2909 1585 2953 1643 ὦ
2988 1590 3268 1660 βέλτιστοι,
3303 1592 3391 1645 τὸν
3421 1591 3706 1661 όμοούσιον
3735 1593 3850 1645 Υξδν

2287 1679 2642 1748 ἀποδέχεσθαι
2691 1682 2787 1733 καὶ
2836 1683 3078 1734 ἐπαινεῖν
3127 1684 3219 1736 τὸν
3279 1685 3472 1736 ἐαυτοῦ
3503 1685 3726 1756 Πατέρα
3757 1686 3850 1736 edi-

2290 1771 2448 1834 ζοντα
2493 1771 2557 1823 δι’
2584 1772 2748 1824 αὑτοῦ
2783 1773 2882 1842 τὴν
2913 1773 3004 1825 ὑπ’
3041 1775 3298 1844 ούρανόν;
3331 1775 3390 1827 Εἰ
3418 1775 3470 1826 δὲ
3501 1775 3744 1844 νομίζεις
3776 1775 3850 1827 διὰ

615 1870 711 1932 ris,
745 1869 950 1938 restrice
983 1871 1144 1924 etiam
1201 1885 1320 1939 quae
1367 1880 1685 1939 sequuntur.
1729 1873 2006 1925 Dominum
2041 1873 2169 1926 enitr

2284 1863 2382 1932 τὴν
2423 1862 2813 1932 ἐξομολόγησιν
2847 1866 2906 1915 ἐ)
2951 1864 3230 1918 ἐλάττοσιν
3267 1862 3407 1918 εἶναι
3432 1865 3588 1919 αὑτὸν
3612 1865 3713 1919 τοῦ
3751 1866 3849 1918 Πα-

614 1960 739 2013 caeli
762 1969 815 2014 et
837 1970 994 2015 terra:
1033 1960 1244 2015 Patrem
1277 1971 1453 2027 vocat,
1489 1961 1659 2017 Filius
1693 1973 1873 2017 autem
1931 1964 2180 2032 omnipo-

613 2050 776 2104 tentis
831 2049 945 2116 Dei,
985 2052 1206 2106 omnino
1250 2067 1370 2106 cum
1417 2067 1482 2106 eo
1549 2054 1800 2108 omnibus
1854 2054 2178 2119 dominatur,

611 2156 720 2193 non
773 2148 1028 2209 tanquam
1081 2142 1258 2196 minor
1307 2141 1394 2195 vel
1445 2142 1669 2198 diversa:
1700 2143 2041 2209 substantiae,
2089 2145 2181 2199 sed

611 2241 863 2299 tanquam
907 2229 1048 2286 Deus
1101 2232 1168 2287 de
1222 2231 1350 2298 Deo,
1400 2233 1692 2302 aequalibus
1744 2233 1913 2288 titulis
1954 2249 2181 2288 corona-

610 2329 715 2383 tus,
753 2321 977 2390 etjuxta
1019 2324 1202 2377 omnia
1240 2339 1361 2382 cum
1393 2324 1510 2396 ipso
1541 2324 1976 2390 substantialiter
2000 2341 2180 2397 aequa-

606 2412 693 2476 tia.

605 2634 793 2706 Cyrilli
877 2654 939 2694 ea;
1049 2642 1266 2705 septimo
1339 2639 1472 2693 libro
1555 2642 2043 2702 commentariorum
2121 2641 2178 2693 in

677 2727 915 2782 Matlhaai
948 2727 1304 2798 Evangelium,
1329 2744 1485 2798 super
1511 2728 1640 2782 illud
1667 2746 1681 2783 :
1713 2747 1728 2780 ι
1763 2727 2028 2801 Conﬁteor
2058 2729 2174 2794 tibi,

681 2815 865 2872 Pater.
907 2836 924 2868 ι

673 2948 839 3019 Igitur
871 2959 1135 3019 quatenus
1170 2950 1313 3006 Deus
1367 2961 1471 3012 est.
1509 2951 1774 3019 judicium
1813 2953 1880 3008 de
1917 2954 2175 3024 gentibus

599 3036 929 3101 exercebat,
981 3037 1194 3093 volente
1237 3039 1491 3094 simulet
1539 3055 1636 3108 per
1687 3042 1862 3111 ipsum
1915 3056 2173 3113 operante

599 3126 780 3182 omnia
816 3125 996 3182 Patre.
1047 3129 1326 3195 Quatenus
1377 3139 1560 3185 autem
1601 3135 1668 3187 de
1721 3142 1908 3189 nostro
1946 3151 2171 3190 numero

598 3226 704 3283 εει,
733 3226 953 3286 propter
985 3219 1167 3273 carnis
1198 3229 1469 3288 naturam,
1501 3221 1800 3289 perfectum
1833 3237 2027 3293 gerens
2071 3225 2171 3280 hu-

603 3304 882 3360 manitatis
913 3305 1176 3372 habitum,
1212 3307 1441 3364 eximias
1473 3324 1664 3380 preces
1694 3310 1840 3367 Patri
1885 3311 2163 3369 offerebat.

668 3506 761 3572 XI,
785 3507 876 3564 27.
916 3507 1082 3566 Nemo
1114 3514 1251 3567 novit
1282 3513 1500 3580 Filium,
1532 3517 1632 3569 nisi
1665 3515 1844 3581 Pater,
1876 3535 2037 3589 neque
2069 3517 2169 3570 Pa-

593 3608 724 3660 trem
753 3600 869 3668 quis
896 3601 1054 3667 novit,
1091 3603 1192 3656 nisi
1229 3602 1422 3658 Filius.

667 3709 767 3778 Qui
819 3711 968 3766 videt
1019 3712 1209 3779 lilium,
1265 3717 1434 3785 patris
1479 3718 1801 3782 referentem
1855 3721 2164 3799 imaginem,

594 3801 774 3868 ipsum
808 3803 955 3857 videt
981 3814 1190 3872 patrem
1255 3807 1379 3874 quia
1409 3808 1525 3876 ipse
1555 3824 1736 3862 coram
1763 3819 1916 3878 patre
1942 3823 2024 3866 est
2053 3823 2165 3866 tan-

592 3905 754 3959 quam
802 3901 1164 3964 prototypon,
1203 3895 1551 3966 vicissimque
1600 3899 1654 3954 in
1714 3897 1888 3952 forma
1942 3903 2158 3970 propria

592 3980 921 4050 archetypon
954 3994 1321 4052 repraesentat.
1355 3988 1530 4056 Atque
1558 3989 1672 4043 haec
1706 3989 1884 4058 dignis
1910 3990 2017 4042 Deo
2051 4007 2162 4043 mo-

591 4073 676 4130 dis
720 4073 1067 4143 intelligenda
1127 4085 1273 4130 sunt.
1313 4076 1450 4149 Quia
1490 4093 1618 4132 vero
1650 4081 1878 4143 dixerat,
1920 4100 1938 4132 ‹
1969 4080 2160 4135 Otnnin

591 4163 722 4225 mihi
776 4165 970 4218 tradita
1005 4174 1149 4231 sunt,
1180 4185 1198 4217 ›
1238 4183 1304 4221 ne
1349 4167 1489 4221 forte
1519 4168 1697 4222 aliena
1729 4183 1852 4223 esse
1887 4179 2077 4222 natura
2105 4183 2162 4224 et

588 4249 752 4312 Patre
782 4255 958 4307 minor
987 4255 1282 4320 videretur,
1335 4257 1639 4326 supradicta
1673 4259 1836 4316 verba
1865 4261 2072 4314 addidit
2105 4273 2162 4316 ut

592 4354 706 4404 tam
738 4360 890 4400 suam
925 4363 1084 4414 quam
1119 4341 1293 4411 Patris
1325 4347 1649 4401 inellabilem
1687 4350 2155 4422 incomprehensi-

589 4435 866 4506 hilemque
897 4447 1142 4492 naturam
1176 4441 1508 4497 ostenderet.
1542 4439 1666 4492 Sola
1704 4441 1850 4496 enim
1875 4441 2157 4506 Trinitatis

2283 1954 2432 2025 τρὸς,
2461 1956 2562 2024 ὅρα
2610 1957 2701 2007 καὶ
2749 1955 2809 2007 τὸ
2855 1956 3071 2026 ἐφεξῆς.
3104 1957 3306 2027 Κύριον
3348 1957 3454 2027 γὰρ
3499 1956 3736 2028 οὐρανοῦ
3768 1957 3849 2008 καὶ

2283 2045 2388 2115 γῆς
2433 2047 2698 2099 ἀποκαλεῖ
2741 2047 2832 2099 τὸν
2876 2048 3095 2119 Πατέρα
3115 2065 3128 2078 ”
3165 2051 3192 2102 ό
3225 2049 3279 2101 δὲ
3312 2050 3436 2112 Υἱὸς
3465 2049 3555 2102 τοῦ
3581 2049 3697 2101 τῶν
3723 2049 3850 2102 ὅλων

2283 2136 2610 2206 κρατοῦντος
2634 2136 2789 2200 Θεοῦ,
2811 2137 3029 2202 πάντως
3053 2157 3153 2192 που
3183 2141 3280 2193 σὺν
3309 2140 3456 2210 αὐτῷ
3476 2141 3728 2204 δεσπόζει
3753 2140 3850 2192 τῶν

2281 2231 2435 2295 ὅλων,
2463 2231 2560 2300 οὐχ
2607 2231 2682 2294 ὡς
2706 2232 2944 2286 ἐλάττων
2993 2232 3024 2303 ἢ
3073 2232 3426 2303 ἐτεροούσιος,
3459 2232 3570 2285 ἀλλ’
3597 2233 3677 2294 ὡς
3725 2231 3847 2294 62o;

2282 2320 2348 2374 ἐκ
2391 2319 2548 2384 Θεοῦ,
2582 2325 2702 2385 ταῖς
2748 2323 2890 2385 ῖσαις
2937 2323 3210 2385 εὐκλείαις
3260 2321 3715 2390 στεφανούμενος,
3764 2323 3846 2372 καὶ

2281 2411 2379 2480 τὴν
2410 2413 2550 2467 κατὰ
2578 2417 2686 2466 πᾶν
2710 2415 2888 2469 ὁτιοῦν
2913 2415 3129 2484 ἰσότητα
3158 2413 3290 2485 πρὸς
3311 2413 3470 2467 αὑτὸν
3498 2413 3630 2483 ἔχων
3657 2411 3845 2464 οὕσιω-

2279 2498 2384 2564 δῶς
3213 2491 3218 2496 ’

2281 2636 2582 2704 Κυρίλλου
2621 2638 2689 2690 ἐκ
2741 2634 2846 2688 τοῦ
2883 2633 2924 2693 ζ’
2953 2634 3195 2697 βιϐλίου
3254 2631 3372 2684 τῶν
3409 2625 3844 2697 ὑπομνημάτων

2348 2717 2465 2773 τῶν
2493 2723 2578 2786 εις
2619 2721 2684 2773 τὸ
2712 2721 2861 2773 κατὰ
2888 2716 3186 2772 Ματθαῖον
3221 2715 3602 2784 Εὐαγγέλιον,
3629 2713 3727 2776 εὶς
3767 2710 3842 2772 τὸ,

2354 2829 2373 2862 ι
2415 2807 2919 2881 Ἐξομολογοῦμαί
2947 2820 3066 2872 σοι,
3099 2803 3311 2870 Πάτερ.
3335 2821 3353 2854 ι

2348 2946 2423 3015 (1)
2457 2937 2724 3017 Οὐκοῦνῇ
2761 2941 2860 3014 μὲν
2898 2940 3012 2994 ἐστι
3050 2938 3211 3001 Θεὸς,
3242 2936 3302 2990 τὸ
3341 2935 3434 2988 ἐπὶ
3478 2936 3586 2996 τοῖς
3636 2931 3844 2983 ἔθνεσιν

2275 3036 2557 3108 εἰργάζετο
2578 3037 2774 3105 κρῖμα,
2803 3028 3294 3102 συγκατανεύοντός
3312 3043 3371 3079 τε
3392 3025 3484 3078 καὶ
3502 3023 3844 3094 ἐνεργοῦντος

2276 3131 2343 3184 δι’
2373 3128 2537 3184 αὑτοῦ
2568 3128 2638 3180 τὰ
2689 3126 2866 3179 πάντα
2900 3123 2992 3177 τοῦ
3040 3119 3279 3194 Πατρός·
3320 3113 3441 3192 ᾕδέ
3481 3117 3684 3168 νοεῖται
3735 3113 3844 3166 καθ’

2197 3186 2240 3244 C
2277 3223 2423 3291 ἡμᾶς
2461 3219 2550 3272 διὰ
2597 3219 2697 3288 τὴν
2753 3218 2855 3285 τῆς
2897 3213 3095 3286 σαρκὸς
3141 3186 3485 3282 ἐρύσινζήτοι
3530 3207 3760 3267 τελείως
3791 3204 3844 3256 τὸ

2270 3309 2372 3378 τῆς
2419 3307 2839 3377 ἀνθρωπότητος
2908 3302 3096 3373 σχῆμα
3121 3342 3136 3367 ,
3170 3299 3268 3361 τὰς
3322 3297 3706 3368 ὑπερικετείας
3743 3293 3841 3364 (2i

2270 3400 2556 3468 ἀνατίθησι
2590 3397 2667 3468 τῷ
2703 3395 2896 3466 Πατρί.

2343 3510 2551 3584 Οὐδεὶς
2578 3509 2956 3577 ἐπιγινώσκει
2997 3505 3101 3558 τὸν
3139 3505 3293 3566 Υἱὸν,
3346 3506 3394 3558 εἰ
3437 3502 3522 3570 μὴ
3555 3503 3586 3553 o'
3609 3497 3836 3565 Πατήρο

2269 3603 2411 3656 οὐδὲ
2443 3602 2550 3655 τὸν
2573 3601 2804 3668 Πατέρα
2836 3616 2925 3664 τις
2958 3596 3362 3668 ἐπιγινώσκει,
3399 3595 3548 3663 εἰμὴ
3585 3595 3615 3646 ό
3659 3593 3808 3656 Υἱός.

2352 3714 2408 3766 '0
2438 3711 2670 3782 tiva(5)
2688 3709 2778 3764 τὸν
2813 3710 2946 3774 υἱὸν,
2977 3709 3075 3780 τὴν
3097 3709 3189 3762 τοῦ
3215 3708 3421 3778 πατρὸς
3450 3707 3628 3760 εἰκόνα
3658 3705 3841 3775 ἔχοντα

2267 3804 2325 3856 ἐν
2354 3802 2553 3873 ἐαυτῷ,
2597 3801 2760 3855 αὑτὸν
2792 3801 2896 3871 δρᾷ
2921 3799 3010 3851 τὸν
3045 3799 3259 3867 πατέρα
3305 3797 3381 3869 (ι)
3404 3839 3418 3862 ,
3447 3796 3520 3858 ὡς
3544 3797 3600 3848 ἐν
3635 3810 3838 3864 πρωτοο

2264 3893 2422 3964 τύπῳ
2445 3894 2606 3958 αὐτὸς
2636 3892 2714 3963 τῷ
2756 3894 2926 3959 πατρὶ
2966 3891 3306 3960 φαινόμενος,
3351 3889 3666 3958 ὑποφαίνων
3697 3887 3752 3940 δὲ
3778 3882 3836 3939 αὗ

2267 3987 2428 4038 πάλιν
2474 3987 2530 4038 ἐν
2567 3985 2674 4053 ἰδίᾳ.
2701 3969 2906 4054 μορφῇ
2936 3981 2996 4035 τὸ
3027 3982 3372 4052 ἀρχέτυπον·
3415 3978 3590 4033 ταῦτα
3636 3979 3696 4031 δὲ
3731 3979 3836 4030 θεο-

2266 4076 2490 4149 πρεπῶς
2518 4076 2738 4146 νοητέον
2757 4093 2769 4105 ·
2791 4075 3051 4146 ἐπειδὴδὲ
3073 4069 3212 4136 εἷπε,
3243 4092 3258 4122 ι
3285 4071 3467 4124 Πάντα
3500 4087 3591 4140 μοι
3612 4070 3834 4140 παρεδό-

2265 4172 2354 4238 θη,
2391 4190 2408 4222 ι
2451 4170 2536 4222 ἵνα
2581 4170 2657 4238 μὴ
2693 4167 2816 4238 δόξῃ
2846 4167 3038 4237 ἐτέρας
3072 4165 3246 4236 φυλῆς
3401 4161 3540 4215 εἶναι
3571 4163 3724 4233 παρὰ
3758 4162 3836 4215 τὸν

2264 4261 2481 4332 Πατέρα
2502 4261 2701 4330 ἥττων,
2739 4260 2986 4327 ἐπήγαγε
3018 4256 3195 4323 τοῦτο,
3230 4257 3316 4307 ἵνα
3343 4254 3491 4324 δείξῃ
3527 4254 3620 4324 τὴν
3652 4250 3837 4319 ἑαυτοῦ,

2264 4352 2426 4420 φύσιν
2451 4351 2759 4422 ἀπόρρητον
2809 4351 2906 4416 καὶ,
2929 4349 3315 4417 ἀκατάληπτον
3367 4343 3555 4409 οὖσαν,
3602 4347 3699 4398 καὶ
3743 4344 3834 4414 τῆς

2263 4446 2363 4513 (ita
2383 4443 2523 4513 cod.)
2541 4442 2634 4495 τοῦ
2657 4440 2869 4511 Πατρός
2891 4456 2904 4468 ⁸
2941 4440 3075 4512 μόνη
3096 4439 3204 4510 γὰρ
3223 4439 3343 4492 θεία
3373 4438 3535 4509 φύσις
3555 4437 3654 4507 τῆς
3679 4436 3833 4505 Τριά-

588 4527 768 4586 divina
798 4537 992 4591 natura
1023 4540 1193 4583 semet
1214 4531 1485 4599 agnoscit:
1521 4530 1666 4585 solus
1697 4531 1858 4587 Pater
1879 4536 2156 4606 proprium

2276 4536 2350 4597 io;
2375 4535 2572 4604 ἐαυτὴν
2597 4517 2986 4601 ἐπιγινώσκει·
3006 4531 3164 4601 μόνος
3194 4533 3222 4583 ό
3255 4529 3440 4601 Πατὴρ
3467 4527 3575 4581 οἶδε
3604 4528 3694 4580 τὸν
3719 4526 3833 4579 Υἱὺν

588 4617 741 4679 novit
782 4618 1017 4685 Filium,
1053 4632 1260 4674 natura:
1313 4636 1422 4675 suae
1453 4620 1685 4678 fructum
1717 4640 1731 4677 :
1769 4624 1878 4678 sola
1923 4625 2157 4694 denique

592 4707 772 4762 divina
809 4708 1032 4765 Soboles
1059 4710 1342 4765 Parentem
1361 4726 1513 4766 suum
1539 4715 1783 4783 agnoscit
1811 4731 1825 4768 :
1852 4715 1998 4771 solus
2033 4732 2156 4771 sau-

587 4807 704 4853 ctus
728 4798 962 4869 Spiritus
992 4800 1256 4867 profunda
1283 4801 1372 4857 Dei
1406 4803 1541 4872 scit,
1564 4817 1756 4874 nempe
1787 4804 1964 4862 Patris
2000 4806 2154 4864 Filii-

587 4903 692 4956 que
716 4900 970 4952 mentem.

664 5096 702 5136 '-’
740 5096 878 5150 Psal.
916 5110 1076 5151 xcvm
1137 5097 1188 5151 ’5.
1267 5099 1311 5128 ¹⁰
1351 5097 1489 5152 Psal.
1520 5114 1606 5162 cx,
1639 5100 1690 5152 1.

657 5255 733 5330 (ρ)
761 5255 1005 5330 muco»,-
1021 5284 1090 5296 --
1107 5253 1188 5330 go
1221 5257 1426 5330 nazpz.
1463 5255 1561 5310 Mai
1600 5257 1661 5311 Β.
1699 5254 1873 5330 N.__ll.
1903 5258 2027 5313 478.

658 5325 832 5397 (2)7lta
868 5325 1056 5397 codex}.
1099 5326 1429 5397 rSuspicabor
1460 5337 1636 5380 tamen
1688 5327 2032 5381 scribendum
2065 5344 2159 5397 po-

587 5394 879 5465 ιίιιεύπέρ
913 5394 1351 5465 ήμῶνικετειας,
1396 5409 1557 5462 quam
1591 5409 1786 5465 novum
1836 5394 2156 5454 vocabulum

587 5462 1002 5519 admittendum.
1044 5462 1151 5520 Sed
1187 5466 1332 5518 enim
1379 5479 1445 5516 ne
1496 5464 1766 5518 contraria
1814 5467 2028 5533 quidem
2061 5483 2154 5521 sn-

587 5537 829 5602 spicione
853 5535 1123 5595 carebam,
1159 5549 1354 5602 nempe
1379 5534 1610 5600 positum
1641 5548 1760 5588 esse
1792 5539 1892 5589 hoc
1926 5537 2156 5592 fortasse

587 5605 900 5658 vocabulum
953 5603 1022 5655 ob
1067 5603 1424 5656 dcuotandam
1475 5603 1848 5658 excellentiam
1892 5607 2156 5662 orationis

585 5672 809 5726 Christi.
869 5671 1096 5725 Paribus
1164 5675 1306 5726 enim
1366 5672 1847 5740 compositionibus
1917 5676 2152 5732 abundat

590 5743 851 5809 theologia
905 5744 1238 5808 ercorum,
1281 5758 1328 5795 v.
1367 5756 1447 5812 gr.
1491 5741 1862 5812 ὑπερδοολεία,
1914 5744 2147 5816 ὑπερθύ-

2267 4625 2355 4678 τὸν
2389 4627 2538 4687 ἴδιον,
2573 4625 2664 4677 τὸν
2697 4623 2796 4692 τῆς
2828 4623 3023 4678 ἐαυτοῦ
3056 4623 3268 4692 φύσεως
3301 4623 3512 4691 καρπόν
3535 4638 3547 4650 ο
3590 4619 3744 4690 μόνον
3778 4617 3832 4668 τὸ

2267 4719 2407 4772 θεῖον
2434 4721 2678 4790 γέννημα
2714 4719 3068 4788 ἐπιγινώσκει
3103 4718 3192 4772 τὸν
3239 4717 3298 4782 ἐξ
3326 4713 3385 4771 οὗ
3410 4717 3640 4786 ἐτέχθη·
3681 4714 3830 4783 μόνον

2264 4811 2326 4864 τὸ
2355 4812 2508 4879 ἆγιον
2535 4813 2761 4884 Πνεῦμα
2787 4810 2896 4867 οἶδε
2916 4814 2983 4866 τὰ
3023 4811 3162 4882 βάθη
3190 4811 3284 4864 τοῦ
3316 4809 3472 4873 Θεοῦ,
3511 4809 3538 4860 ὃ
3595 4811 3708 4876 ἐσζτι

2265 4902 2472 4966 ἐννοίας
2500 4904 2593 4955 τοῦ
2628 4905 2839 4974 Πατρος
2861 4905 2956 4972 καὶ
2987 4903 3080 4955 τοῦ
3111 4902 3257 4956 Υἱοῦ.

2276 5282 2412 5340 σιος,
2436 5268 2786 5340 ύπεράρχιος.
2818 5269 3232 5340 ύπεροῦράνιος,
3252 5266 3826 5339 ύπεράῤῥητοςιὺπε9’

2272 5334 2508 5405 ώνυμος,
2545 5334 2936 5408 et'iiliaapud
2972 5334 3695 5408 Areopagitamprisertim,
3725 5335 3828 5387 eui-

2271 5415 2489 5474 tumque
2523 5423 2550 5460 a
2588 5408 2744 5462 nobis
2771 5407 3155 5474 Nicephorum.

2361 5477 2414 5544 5)
2456 5477 2519 5546 ὀ
2548 5476 2703 5546 ὀρῶν
2731 5507 2799 5517 --
2829 5473 2934 5530 τοῦ
2977 5477 3133 5532 Υἱοῦ.
3166 5478 3272 5532 Mai
3300 5475 3367 5530 Β.
3400 5475 3473 5530 Ν.
3505 5473 3592 5536 111,
3622 5473 3735 5546 ίξθ.

2359 5541 2414 5616 4)
2451 5541 2832 5614 Fragmentum
2864 5551 2964 5601 hoc
2993 5548 3207 5602 nonnisi
3244 5550 3526 5614 hactenus,
3560 5547 3608 5609 in
3637 5541 3823 5599 Cordo-

2266 5616 2414 5686 riana
2441 5616 2648 5686 Catena,
2677 5617 2987 5686 legebatur;
3023 5617 3304 5686 sequentia
3338 5616 3412 5670 ibi
3445 5617 3687 5686 deerant.

2335 5685 2415 5752 (Si
2447 5685 2524 5740 ιω
2557 5685 2698 5756 cod”
2731 5704 2834 5742 non
2871 5685 3111 5750 φύσεως,
3136 5689 3234 5742 ctsi
3264 5700 3452 5742 sensus
3487 5685 3620 5739 idem
3645 5689 3742 5737 est.
