4070 6548
261 367 371 426 495

1431 368 1781 430 COMMENT.
1825 371 1903 427 ΙΝ-
1928 368 2376 430 ΜΑΤῬΙΙᾸΞΠΜ.

3406 363 3512 419 406

338 482 516 537 Δεῦτε
555 481 704 551 πρός
740 497 835 552 με,
876 481 1094 548 πάντες
1124 482 1178 536 οί
1211 482 1558 554 κοπιῶντες,
1599 490 1694 542 καί
1734 500 1870 550 πυ,

2010 488 2101 554 ΧΙ,
2134 487 2226 543 28.
2273 485 2449 541 Venite
2483 463 2660 537 adimo
2687 461 2861 538 omnes
2880 480 2968 550 qui
3002 480 3248 536 laboratis
3279 489 3326 535 et
3359 498 3512 536 oner-

263 573 674 645 φορτισμένοι,
705 573 866 644 κάγὼ
893 573 1225 629 ἀναπαύσω
1263 573 1440 644 ὑμᾶς.

352 691 411 743 '0
461 683 555 743 οὖν
600 687 840 750 ἀκούσας
886 685 986 757 τῆς
1032 686 1296 758 κλήσεως,
1333 687 1424 741 καὶ
1471 687 1718 756 ἐγγίσας,
1751 691 1848 744 καὶ⁹

271 780 554 850 κολληθεὶς
581 778 659 849 τῷ
697 775 1081 850 προστάξαντι,
1112 769 1665 859 οὗτοςσὰναπαύεται.
1684 776 1846 832 Ἀπο-

273 871 520 933 στάντες,
571 870 727 940 φησι,
773 869 874 938 τῆς
927 867 1413 938 φιλαμαρτήμονος
1461 866 1710 938 γνώμης,
1757 870 1849 922 καὶ

271 963 374 1032 τῆς
399 960 778 1031 φιλοσαρκίας,
818 959 912 1012 καὶ
941 959 1404 1030 μετατρεπόμενοι
1424 959 1518 1012 ἐπὶ
1538 959 1608 1011 τὰ
1631 958 1849 1012 ἐπαίνου

273 1053 402 1118 ἀξια
423 1053 746 1121 πράγματα,
774 1050 1035 1119 ἐγγίσατέ
1068 1067 1159 1119 μοι
1187 1050 1270 1103 τνα
1296 1051 1528 1121 γένησθε
1557 1048 1707 1112 θείας
1735 1067 1850 1104 κοι-

273 1144 434 1197 νωνοὶ
469 1144 704 1212 φύσεως,
722 1144 815 1195 καὶ
845 1142 1001 1209 ἁγίου
1028 1141 1344 1212 Πνεύματος
1369 1141 1612 1211 μέτοχοι.
1637 1140 1854 1204 Πάντας

275 1237 334 1288 et
371 1234 545 1298 καλεῖ,
581 1233 675 1286 καὶ
702 1234 764 1285 οὑ
793 1233 989 1302 μόνους
1019 1234 1142 1295 τοὺς
1176 1232 1233 1298 ἐξ
1269 1232 1508 1302 Ἰσραὴλ,
1529 1231 1606 1295 ὡς
1637 1231 1854 1284 πάντων

278 1324 622 1395 Δημιουργὸς
673 1324 772 1376 καὶ·
815 1323 1045 1393 Κύριος·
1077 1324 1169 1376 καὶ
1214 1323 1518 1385 κοπιῶντας
1565 1322 1663 1392 μὲν
1711 1321 1855 1388 λέγει

276 1418 406 1478 τοὺς
444 1414 748 1476 Ἰουδαίους,
781 1414 905 1476 τοὺς
935 1414 1009 1485 μὴ
1044 1414 1326 1484 ἰσχύοντας
1359 1412 1626 1482 βαστάσαι
1652 1413 1744 1465 τὸν
1770 1431 1858 1482 μιο

278 1505 413 1576 κρδν
455 1503 641 1573 ζυγὸν,
689 1505 1153 1574 πεφορτισμένους
1202 1503 1258 1557 δὲ
1300 1505 1426 1566 τοὺς
1447 1503 1855 1574 εἰδωλολάτρας,

278 1598 407 1660 τοὺς
425 1597 512 1650 διὰ
539 1596 630 1649 τοῦ
655 1597 901 1649 διαϐόλου
928 1595 1478 1666 καταφορτισθέντας,
1500 1596 1595 1648 καὶ
1621 1596 1698 1664 τῷ
1727 1594 1859 1664 πλή-

279 1689 365 1739 θει
407 1686 516 1738 τῶν
568 1687 853 1758 ἁμαρτιῶν
901 1685 1466 1756 καταϐαρυνομένους.
1507 1685 1695 1754 Ὑμεῖς
1742 1679 1856 1746 οὖν,

281 1779 474 1847 φησιν,
501 1774 544 1831 ὦ
579 1778 842 1841 Ἰουδαῖοι,
875 1776 1100 1830 νεύσατε
1131 1775 1266 1845 πρὸς
1308 1777 1407 1847 τὴν
1451 1776 1729 1846 ἀλήθειαν,
1765 1775 1860 1828 καὶ⁸

283 1867 554 1935 ἐπέγνωτε
580 1867 680 1938 ἐμὲ
705 1869 796 1922 τὸν
824 1867 1087 1938 ὑμέτερον
1121 1866 1395 1937 κηδεμόνα
1428 1867 1522 1920 καὶ⁵
1559 1865 1855 1942 Δεσπότην,

283 1961 381 2012 καὶ
411 1959 639 2027 ἐγγύθεν
683 1959 784 2029 τῆς
835 1958 1097 2029 προσόδου
1143 1957 1205 2010 τὸ
1255 1956 1444 2025 κέρδος
1487 1955 1858 2026 κομιζόμενοι.

294 2050 652 2104 ’Δπαλλάττω
692 2050 800 2120 γὰρ
834 2051 976 2120 ὑμᾶς
1006 2048 1107 2118 τῆς
1137 2047 1240 2100 ὑπὸ
1275 2048 1365 2100 τὸν
1402 2047 1564 2117 νόμον
1595 2046 1859 2108 δουλείας,

286 2146 344 2196 ἐν
457 2142 626 2197 πολὺν
666 2142 964 2214 ὑπομένετε
1012 2141 1200 2203 κόπον,
1229 2137 1352 2192 οὔτε
1387 2138 1583 2210 ῥᾳδίως
1617 2136 1861 2204 ὲξανύειν

282 2238 451 2292 αὐτὸν
486 2238 791 2308 δυνάμενοι,
819 2236 914 2289 καὶ
946 2235 1201 2306 μέγιστον
1225 2234 1334 2287 τῶν
1363 2232 1776 2303 ἁμαρτημάτων
1804 2228 1864 2282 τὸ

287 2328 511 2399 φορτίον
545 2328 761 2389 ἑαυτοῖς
803 2325 1326 2399 κατασκευάζοντες,
1362 2324 1471 2377 ὅσω
1502 2322 1723 2377 πλείονα
1770 2339 1866 2392 cpu-

288 2419 506 2472 λάττειν
537 2417 813 2490 προσῆκεν
837 2417 981 2487 ὑμᾶς
1020 2414 1289 2470 ἀκόλουθα
1318 2414 1397 2492 τῷ
1423 2415 1572 2487 νόμῳ
1602 2414 1866 2492 διαπρατ,·

287 2506 568 2579 τομένους.

397 2627 440 2676 0
463 2623 572 2693 γὰρ
601 2623 771 2694 ζυγός
800 2643 919 2694 μου
957 2626 1241 2696 χρηστὸς,
1264 2625 1360 2678 καί
1389 2625 1455 2678 τι)
1487 2624 1733 2694 φορτίον
1747 2641 1868 2693 μου

290 2713 559 2780 ἐλαφρόν
581 2713 771 2768 ἐστιν.

380 2799 642 2871 Ἐλαφρός
675 2805 822 2857 ἐστιν
853 2804 883 2856 ό
908 2803 1071 2873 ζυγὸς
1108 2805 1200 2858 τοῦ
1225 2804 1461 2876 Χριστοῦ
1485 2820 1498 2834 ·
1541 2805 1664 2857 ἐπεὶ
1691 2806 1750 2857 οὺ
1782 2821 1872 2857 κο-

292 2891 448 2955 λάζει
471 2893 617 2962 ἡμᾶς
645 2893 894 2966 καθάπερ
928 2897 956 2948 ὁ
981 2896 1163 2966 νόμος,
1200 2894 1262 2948 τὸ
1296 2894 1676 2965 ἀναμάρτητον
1706 2897 1872 2949 ἁπαι-

293 2981 405 3034 τῶν
436 2984 529 3036 καὶ
563 2982 625 3036 τὸ
650 2983 856 3048 ἀπαθές
881 3001 896 3016 ο
929 2984 1042 3038 ἀλλ’
1068 2986 1125 3037 ὲν
1151 2984 1341 3047 ἁπλοῖς
1365 2985 1600 3054 ῥήμασιν
1632 2984 1745 3054 ἔχει
1773 2982 1872 3054 τὴν

294 3071 631 3141 ἐπαγγελίαν
678 3075 771 3127 καὶ
796 3074 887 3128 τὸν
916 3074 1016 3146 τῆς
1044 3075 1246 3146 ἀρετῆς
1279 3074 1662 3147 ὑπογραμμόν.

372 3270 438 3320 οι
475 3268 543 3321 δὲ
581 3272 884 3340 Φαρισαῖοι
924 3272 1173 3337 ίόόντες,
1207 3272 1380 3325 εἷπον
1417 3270 1577 3334 αὐτῷ
1599 3287 1611 3300 ·
1648 3271 1793 3324 Ἰδοὺ
1821 3273 1875 3324 οἰ

292 3361 559 3428 μαθηταί
593 3376 710 3421 σου
765 3362 1105 3418 ποιοῦσιν-δ
1161 3364 1271 3418 οὐκ
1323 3362 1525 3425 ἔξεστι
1567 3359 1763 3414 ποιεῖν
1807 3361 1874 3414 ἐν

299 3450 605 3518 Σαϐϐάτῳ.

375 3541 549 3595 Ἔνθα
590 3542 687 3612 μὲν
719 3543 828 3613 γὰρ
860 3542 1013 3596 οὐδὲν
1044 3541 1254 3610 γίνεται
1289 3540 1436 3610 μέγα
1481 3540 1576 3592 καὶ
1609 3541 1876 3608 γενναῖον,

302 3631 702 3703 ἡσυχάζουσιν
748 3633 876 3686 ἔνθα
906 3633 962 3686 δὲ
993 3632 1162 3702 ὁρῶσί
1193 3648 1343 3693 τινας
1375 3629 1741 3700 σωζομένους,
1783 3629 1878 3682 καὶ

303 3729 523 3780 πάντων
573 3726 681 3779 εἰσὶ
716 3726 1130 3796 φορτικώτεροι.
1172 3722 1360 3785 Οὕτως
1409 3722 1596 3792 ἐχθροὶ
1639 3722 1741 3790 τῆς
1770 3721 1878 3774 τῶν

302 3813 612 3886 ἀνθρώπων
638 3815 748 3867 εἰσὶ
783 3815 1054 3883 σωτηρίας
1082 3813 1176 3866 καὶ
1205 3812 1313 3865 τῶν
1345 3813 1507 3882 ἱερῶν
1535 3811 1881 3884 Γραμμάτων

305 3908 758 3976 ἀνεπιστήμονες.
802 3907 864 3959 El
899 3905 1062 3976 ἑτέρα
1097 3905 1248 3976 παρὰ
1279 3904 1379 3973 τὴν
1417 3903 1644 3975 πρώτην
1675 3905 1881 3976 ἐστὶνὴ

305 3997 492 4067 καινὴ,
523 3998 555 4068 ἡ
593 3996 681 4049 διὰ
732 3995 998 4066 Ἰερεμίου
1054 3996 1521 4066 προκηρυχθεῖσα,
1552 3995 1634 4048 δεῖ
1665 3996 1883 4059 πάντως

305 4091 403 4145 καὶ
435 4090 621 4159 νόμοις
669 4089 730 4140 οὐ
774 4090 886 4150 τοῖς
923 4088 1172 4158 ἀρχαίοις
1221 4086 1550 4157 κεχρῆσθαι,
1593 4087 1729 4140 ἀλλά
1773 4089 1885 4152 τοῖς

304 4182 536 4242 καινοῖς.
555 4178 692 4231 Ἀλλ’
705 4178 754 4229 οἱ
766 4179 1049 4247 Φαρισαῖοι
1064 4176 1220 4230 τοῦτο
1243 4177 1470 4230 συνιδεῖν
1485 4176 1610 4249 [μὴ]
1626 4177 1886 4249 θελήσαν-

299 4288 420 4334 τες,
459 4270 812 4341 ἐφεδρεύουσι
863 4272 979 4333 τοῖς
1021 4270 1196 4337 ἁγίοις
1237 4270 1577 4335 ἀποστόλοις,
1613 4270 1708 4324 καί
1758 4288 1886 4339 φασι

307 4360 440 4430 περὶ
470 4360 652 4414 αὐτῶν
693 4360 769 4430 τῷ
800 4358 1022 4430 Χριστῷ
1045 4377 1056 4389 ·
1106 4359 1236 4413 ’ἰδοὺ
1267 4363 1377 4424 τοῖς
1411 4363 1658 4430 νομικοῖς
1698 4361 1885 4415 ἐντάλ-

310 4466 478 4520 μασιν
518 4449 967 4520 ἐναντιουμένους
1005 4448 1220 4522 ὁρῶμεν
1257 4450 1384 4512 τοὺς
1435 4450 1540 4503 ὑπὸ
1577 4451 1672 4503 σοῦ
1722 4451 1884 4504 παιδ-

307 4543 753 4610 αγωγουμένους.
789 4541 896 4594 Τοῦ
926 4542 1037 4613 γὰρ
1061 4543 1226 4612 νόμου
1261 4541 1575 4604 κελεύοντος
1609 4544 1800 4613 ἀργεῖν
1829 4545 1886 4596 ὲν

310 4633 598 4703 Σαϐϐάτῳ,
627 4635 722 4688 καὶ
757 4634 984 4706 μηδενὸς
1017 4635 1363 4688 παντάπασιν
1393 4633 1664 4687 ἅπτεσθαι
1698 4635 1884 4698 πόνου,

312 4724 693 4794 περιτρίϐουσι
728 4728 850 4790 ταῖς
898 4727 1087 4798 χερσὶν
1121 4726 1400 4795 ἀστάχυας
1429 4725 1484 4778 οι
1528 4725 1784 4796 μαθηταί.
1814 4725 1886 4776 Σὺ

1945 580 2019 634 ati
2051 581 2196 644 estis,
2225 587 2272 632 et
2299 593 2391 648 ego
2409 574 2640 644 reﬁciant
2665 590 2772 631 vos.

2016 693 2124 764 32
2154 692 2255 760 Qui
2296 692 2465 762 igitur
2497 689 2650 746 audit
2697 688 3058 751 vocationem,
3091 697 3145 742 et
3194 687 3430 753 accedit,
3461 693 3516 742 ct

1949 785 2282 854 praecipienti
2362 783 2622 848 adhaeret,
2683 780 2771 836 hic
2845 779 3104 835 reﬁcitur.
3166 779 3515 849 Abjicientes.

1951 877 2144 945 inquit,
2206 886 2438 929 mentem
2489 887 2606 941 qua:
2645 879 2792 925 amat
2843 879 3125 939 peccatum
3173 885 3236 925 ac
3277 885 3518 935 carnem,

1951 976 2006 1020 et
2040 967 2283 1020 conversi
2324 965 2389 1019 ad
2409 979 2472 1018 ea
2502 979 2622 1032 qua:
2656 965 2811 1019 laude
2845 964 3005 1032 digna
3054 970 3203 1026 sunt,
3234 960 3518 1031 appropin-

1952 1067 2116 1128 quate
2156 1057 2310 1119 mihi,
2371 1064 2430 1109 ut
2468 1055 2662 1110 divinae
2705 1063 2912 1108 naturae
2955 1067 3020 1108 ac
3061 1051 3233 1108 sancti
3289 1049 3524 1119 Spiritus

1956 1147 2097 1202 [latis
2136 1147 2447 1216 participes.
2478 1145 2678 1200 Omnes
2708 1155 2888 1198 autem
2939 1152 3118 1208 vocat,
3159 1151 3215 1196 et
3251 1156 3354 1195 non
3379 1139 3525 1195 solos

1955 1239 2044 1308 qui
2081 1251 2146 1292 ex
2169 1237 2353 1302 Israel,
2396 1246 2651 1304 tanquam
2689 1235 2932 1288 omnium
2989 1233 3251 1286 Dominus
3270 1239 3324 1285 et
3349 1229 3517 1284 Crea-

1957 1341 2074 1396 tor;
2115 1340 2168 1384 et
2198 1330 2509 1382 laborantes
2561 1326 2780 1396 quidem
2838 1326 2970 1380 dicit
3026 1322 3260 1387 Iudaeos,
3291 1323 3381 1392 qui
3409 1322 3528 1376 exi-

1956 1436 2117 1493 guum
2153 1420 2341 1490 jngum
2396 1418 2539 1472 ferre
2569 1433 2674 1472 non
2716 1416 2928 1482 valent,
2958 1424 3215 1470 oneratos
3257 1429 3385 1468 vero
3415 1412 3530 1468 ido—

1957 1513 2129 1566 lorum
2165 1511 2334 1565 cultui
2365 1508 2629 1573 addictos,
2665 1522 2757 1577 per
2786 1506 3060 1562 diabolum
3114 1518 3419 1575 oppressos.
3465 1518 3530 1557 ac

1959 1612 2303 1672 peccatorum
2363 1598 2703 1653 multitudine
2751 1609 3025 1668 gravatos.
3051 1594 3160 1650 Vos
3213 1595 3398 1664 igitur,
3431 1592 3528 1657 ait,

1959 1690 2148 1755 Judaei,
2170 1691 2407 1746 accedite
2425 1690 2491 1744 ad
2510 1690 2816 1749 veritatem.
2831 1698 2980 1742 etme
3003 1684 3529 1758 agnoscitelvestrum

1964 1793 2268 1837 curatorem
2322 1795 2387 1834 ac
2422 1779 2727 1840 Dominum,
2798 1777 3040 1847 proxime
3090 1775 3256 1830 etiam
3309 1787 3533 1828 accessu

1961 1875 2169 1935 lucrum
2199 1872 2439 1928 relaturi.
2472 1870 2671 1926 Libero
2705 1871 2851 1924 enim
2889 1883 2984 1923 vos
3017 1882 3048 1921 a
3091 1867 3353 1922 servitute
3376 1864 3531 1935 legis.

1963 1966 2015 2018 in
2063 1979 2170 2034 qua
2227 1977 2480 2031 magnum
2548 1959 2889 2016 sustinuistis
2947 1958 3186 2011 laborem
3242 1969 3365 2010 cum
3427 1967 3538 2007 non

1963 2053 2120 2110 facile
2153 2054 2390 2125 possetis.
2445 2068 2564 2108 eam
2620 2051 2948 2120 explere,et
3010 2046 3304 2102 maximum
3351 2059 3542 2114 pecca-

1967 2157 2142 2201 torum
2195 2160 2331 2201 onus
2379 2144 2534 2200 vobis
2582 2143 2713 2213 ipsis
2740 2140 3107 2211 imponeretis,
3152 2146 3350 2208 quanto
3389 2136 3536 2203 plura

1965 2252 2184 2294 servare
2230 2251 2324 2294 vos
2377 2235 2659 2305 oportebat
2691 2233 2790 2304 legi
2825 2241 3190 2288 consentanea
3249 2229 3538 2298 perlicien-

1972 2338 2071 2386 tes.

2042 2626 2130 2692 Xl,
2160 2625 2248 2680 ὅθ.
2271 2623 2467 2695 Iugum
2492 2623 2629 2677 enim
2652 2637 2821 2675 meum
2843 2635 2999 2674 suave
3026 2626 3124 2680 est,
3155 2626 3201 2670 et
3222 2632 3350 2669 onus
3376 2630 3548 2670 meum

1969 2720 2096 2772 leve.

2041 2808 2180 2864 Leve
2213 2816 2298 2863 est
2323 2808 2510 2878 jugum
2533 2804 2791 2875 _Cltristi,
2826 2803 3077 2872 quoniam
3123 2815 3228 2855 non
3269 2798 3422 2868 punit
3449 2811 3548 2851 nos

1971 2899 2423 2970 quemadmodum
2472 2896 2578 2960 lex,
2627 2894 2999 2949 innocentiam
3049 2891 3271 2961 exigens
3333 2888 3541 2958 peccati

1973 3005 2198 3060 prorsus
2226 2996 2500 3058 expertem
2553 2997 2607 3040 et
2645 2985 2840 3038 animae
2874 2992 3072 3038 statum
3125 2978 3549 3051 perturbationi-

1976 3081 2076 3135 bus
2102 3094 2205 3132 non
2233 3077 2526 3133 obnoxium
2553 3093 2568 3141 ;
2593 3076 2646 3128 in
2679 3074 2846 3127 meris
2876 3071 3106 3129 interim
3142 3069 3322 3123 verbis
3343 3065 3548 3122 habens

1902 3166 1943 3223 C
1981 3169 2392 3242 promissionem
2422 3175 2478 3221 et
2498 3164 2716 3219 virtutis
2757 3161 3056 3231 exemplar.

2056 3282 2163 3347 XII,
2193 3281 2247 3334 2.
2304 3277 2561 3334 Pliariswi
2611 3285 2783 3330 autem
2854 3275 3088 3329 videntes
3138 3272 3389 3325 dixerunt
3446 3270 3494 3323 ei
3533 3285 3553 3324 :

1986 3377 2119 3433 Ecce
2146 3372 2391 3441 discipuli
2419 3371 2499 3426 tui
2524 3369 2724 3440 faciunt
2753 3369 2890 3438 quod
2923 3382 3024 3420 non
3053 3364 3171 3418 licet
3201 3363 3375 3434 [acere
3402 3361 3551 3419 Sab-

1986 3468 2136 3522 bato.

2056 3557 2355 3625 Siquidem,
2423 3554 2511 3608 ubi
2557 3552 2690 3607 nihil
2726 3566 2975 3620 magnum
3013 3551 3069 3603 lit
3117 3564 3181 3604 ac
3210 3561 3552 3618 generosum.

1985 3648 2302 3719 quiescunt;
2344 3645 2433 3699 ubi
2466 3659 2590 3698 vero
2636 3643 2898 3710 quosdam
2937 3641 3169 3693 salvatus
3205 3639 3407 3700 vident,
3438 3651 3556 3689 om-

1989 3737 2114 3790 nino
2136 3744 2262 3791 sunt
2291 3735 2463 3803 magis
2496 3732 2704 3786 molesti
2743 3750 2755 3785 :
2802 3732 2938 3784 adeo
2963 3729 3167 3784 inimici
3203 3737 3328 3782 sunt
3374 3725 3564 3782 salutis

1989 3826 2258 3890 humanm,
2289 3839 2351 3879 ac
2381 3838 2658 3879 sacrarum
2717 3821 3040 3877 Litterarum
3076 3819 3272 3890 ignari.
3334 3817 3487 3885 Quod
3515 3818 3561 3873 sl

1990 3919 2094 3972 alia
2131 3926 2322 3986 praeter
2357 3917 2586 3984 primam
2630 3913 2799 3981 legem
2828 3927 2962 3965 nova
2997 3921 3098 3977 cst,
3127 3925 3244 3978 qua:
3274 3925 3371 3980 per
3401 3908 3557 3964 lere-

1992 4010 2154 4063 miam
2186 4008 2283 4062 fuit
2333 4005 2619 4077 prmdicata
2664 4006 2733 4072 ἰ,
2765 4013 2978 4073 oportet
3019 4004 3243 4057 omnino
3271 4002 3435 4056 etiam
3462 4017 3567 4055 an-

1994 4101 2154 4169 tiquis
2179 4098 2386 4170 legibus
2430 4113 2533 4152 non
2568 4097 2667 4160 uti,
2698 4096 2790 4150 sed
2821 4095 2993 4149 novis.
3029 4092 3132 4148 Sed
3174 4091 3429 4146 Pltarismi
3465 4091 3564 4147 hoc

1994 4192 2293 4260 intelligere
2355 4189 2597 4244 nolentes
2635 4185 2958 4241 insidiantur
3017 4184 3223 4238 sanctis
3282 4182 3564 4251 apostolis,

1995 4300 2058 4339 ac
2085 4284 2151 4338 de
2193 4283 2260 4337 iis
2289 4281 2505 4336 Christo
2545 4278 2696 4331 aiunt
2737 4297 2751 4331 ;
2787 4277 2925 4330 Ecce
2979 4275 3237 4344 legalibus
3286 4273 3567 4345 praeceptis

1995 4378 2342 4432 adversantes
2369 4373 2611 4426 videmus
2658 4381 2775 4424 tuos
2803 4366 3113 4436 discipulos.
3166 4365 3395 4419 .lubente
3421 4365 3567 4419 enim

1998 4467 2112 4536 lege
2141 4463 2321 4519 leriari
2363 4463 2416 4516 in
2444 4459 2717 4531 gSabbato,
2754 4457 3066 4526 nullumque
3114 4455 3338 4510 omnino
3401 4455 3568 4508 attino

1995 4571 2120 4628 gere
2169 4555 2430 4617 laborem,
2485 4549 2732 4617 discipuli
2798 4547 3047 4601 manibus
3111 4547 3290 4616 spicas
3342 4545 3570 4602 vellunt.

1999 4649 2066 4701 At
2095 4657 2150 4700 tu
2182 4646 2315 4713 ipse,
2343 4644 2430 4698 dic
2451 4641 2602 4706 mihi,
2635 4638 3277 4703 Pharisace,sabbaticam
3311 4636 3403 4691 tibi
3431 4651 3572 4691 men-

1996 4753 2111 4791 sam
2129 4749 2426 4804 apponens.
2460 4730 2716 4800 nunquid
2732 4743 2923 4800 panem
2965 4743 3072 4782 non
3107 4726 3435 4799 confringis?
3470 4727 3573 4782 Ec-

307 4813 372 4866 δὲ
413 4814 593 4877 αὐτὸς,
627 4815 749 4868 εἰπέ
801 4834 926 4887 μοι,
974 4810 1020 4869 ὧ
1074 4817 1358 4888 Φαρισαῖε,
1403 4813 1502 4885 τὴν
1550 4812 1870 4884 σαϐϐατικὴι

1991 4828 2119 4902 quid
2163 4827 2325 4897 igitur
2366 4825 2498 4880 alios
2543 4823 2766 4901 culpas?
2799 4822 3071 4902 quomodo
3097 4831 3277 4876 autem
3304 4821 3420 4890 ipse
3446 4819 3569 4875 Sal»-

310 4907 494 4977 ἐαυτῷ
515 4909 795 4979 τράπεζαν
825 4909 1092 4981 παραθεὶς
1126 4910 1187 4961 οὐ
1219 4908 1541 4978 συνθραύεις
1565 4907 1658 4959 τὸν
1687 4906 1886 4974 ἄρτονς

310 5000 382 5055 Τί
430 4999 524 5053 οὖν
555 5002 773 5071 ἑτέρους
823 5001 1006 5070 αἰτιᾷς
1050 4999 1167 5061 πῶς
1212 4999 1271 5052 δὲ
1317 4999 1408 5050 καὶ
1441 5000 1470 5051 ὁ
1519 4995 1708 5066 Σωτὴρ
1761 4996 1888 5064 περὶ

310 5089 497 5143 αὐτῶν
521 5090 866 5159 ἀπολογεῖται
885 5107 900 5155 ;

309 5207 496 5273 Πόσῳ
531 5200 645 5261 οὖν
680 5205 941 5274 διαφέρει
979 5205 1289 5274 ἅνθρωπος
1339 5205 1668 5272 προϐάτου;
1709 5205 1891 5259 Ὥστε

559 5302 765 5366 ἔξεστι
793 5303 918 5368 τοῖς
936 5302 1199 5356 Σάϐϐασι
1227 5301 1424 5367 καλῶς
1449 5301 1660 5355 ποιεῖν.

408 5393 644 5457 Ἀσεϐεῖς
673 5394 823 5457 ὄντες
859 5395 907 5446 οἱ
951 5395 1234 5465 Φαρισαῖοι
1274 5392 1626 5464 ὑπεκρίνοντο
1662 5390 1886 5462 ﬁlms")-

314 5486 536 5539 σέϐειαν
560 5503 576 5518 ’
614 5486 705 5541 ἵνα
741 5488 866 5549 τοὺς
913 5485 1162 5548 εὐσεϐεῖς
1192 5484 1633 5556 ὲξολοθρεύσωσι.
1658 5483 1748 5537 Διὸ
1792 5483 1884 5536 καὶ

309 5577 409 5628 τὸν
449 5575 682 5645 Χριστὸν
714 5574 1020 5637 διαϐάλλειν
1062 5575 1402 5644 ἐπεχείρουν,
1442 5575 1533 5626 καὶ
1561 5573 1686 5639 τοὺς
1723 5572 1885 5635 αὺτοῦ

388 5750 431 5784 υ
463 5747 664 5804 Jerem.
694 5763 844 5813 xxxi,
883 5747 903 5801 ι
937 5762 1089 5817 seqq.

1998 4930 2149 4977 valor
2172 4934 2263 4976 eos
2298 4916 2572 4979 evcusati

2007 5207 2111 5278 33
2151 5206 2359 5271 Quanto
2412 5202 2580 5271 magis
2629 5199 2813 5258 melior
2863 5206 2937 5251 est
3003 5197 3156 5252 homo
3202 5193 3341 5248 ove?
3388 5192 3571 5260 Itaque

2407 5294 2520 5349 licet
2559 5292 2806 5347 Sabbutis
2836 5290 3154 5360 benefacere.

2071 5387 2224 5459 lmpii
2251 5403 2372 5443 cum
2407 5394 2587 5441 essent
2615 5382 2899 5449 Pharisaei,
2934 5381 3188 5446 pietatem
3217 5375 3566 5438 simulabant,

2004 5487 2059 5532 ut
2077 5478 2193 5548 pios
2215 5477 2522 5546 perderent.
2547 5474 2840 5544 Propterea
2866 5479 2921 5526 et
2950 5469 3222 5525 Christum
3241 5481 3336 5538 per
3363 5464 3566 5520 calum-

2003 5569 2150 5626 niam
2214 5569 2477 5626 infamare
2534 5566 2891 5627 conabantur,
2949 5569 3001 5615 et
3067 5558 3184 5628 ejus
3251 5555 3566 5627 discipulos,
