4094 6488
208 353 319 408 H5
1382 356 1737 411 COMMENT.

1892 356 2332 416 MATTIIIEUM.
3368 358 3473 414 ιιι

208 472 339 533 τοῖς
382 470 439 522 δὲ
477 470 745 539 σπινθῆρα
798 468 973 537 φωτὸς
1032 470 1408 540 κεκτημένοις,
1454 471 1551 523 καὶ
1595 469 1784 523 τούτου

1901 471 2193 525 scintillam
2217 472 2583 527 lucisnnicam
2614 474 2924 536 habuerint,
2959 481 3015 528 es
3038 473 3206 542 ipsam
3235 458 3472 527 essitare

209 560 547 630 ἀμελήσασι,
584 558 942 631 σϐεσθησεται
975 562 1192 624 πάντως
1224 562 1317 614 καὶ
1355 559 1658 631 ἀρθήσεται
1688 562 1784 613 ἀπ’

1895 562 2252 629 neglexerint,
2290 562 2343 615 iu
2375 561 2477 616 illis
2529 572 2585 616 et
2638 564 2750 631 ipsa
2784 563 3154 630 esstingnetur
3209 574 3468 629 prorsus,

208 650 394 702 αὐτῶν
428 652 524 703 καὶ
552 651 616 703 τὸ
663 651 1024 723 σμικρότατον
1052 650 1082 705 ὃ
1113 652 1377 723 πρότερον
1418 648 1583 721 εἰχον.
1619 650 1784 703 Τοῦτο

1890 651 2212 721 tolleturque
2235 651 2304 707 ab
2342 652 2423 707 eis
2458 651 2589 707 illud
2622 653 2795 722 ipsum
2840 652 3117 705 minimum
3142 650 3282 719 quod
3324 650 3471 719 prius

208 741 267 793 δὲ
310 740 556 795 Ἰουδαῖοι
604 741 906 797 πεπόνθασι
934 742 1190 805 λαῦόντες
1240 740 1354 811 φῶς
1383 743 1447 795 ἐκ
1471 741 1564 796 τοῦ
1592 741 1784 811 νόμον,

1890 742 2209 799 habuerant.
2240 743 2351 816 42
2371 743 2430 800 ld
2452 741 2648 800 Judteis
2673 745 2920 816 contigit.
2955 744 3019 798 lii
3042 744 3185 798 enim
3218 758 3342 796 cum
3379 741 3457 795 lu-

210 831 308 884 καὶ
354 833 925 897 πολυπλασιάσαντες·
966 834 1100 887 ἀλλά
1133 835 1227 887 καὶ
1268 835 1369 904 τῆς
1396 833 1656 902 ἀληθείας
1698 832 1784 885 ἑλ-

1890 846 2003 887 cem
2028 833 2161 904 legis
2190 837 2553 905 accepissent,
2579 852 2679 892 nec
2700 852 2823 891 eam
2840 838 2983 890 bono
3006 834 3177 905 ipsius
3203 848 3301 887 usu
3332 832 3469 885 mul-

209 922 413 991 θούσης
439 925 943 996 ἀμϐλυωπήσαντες
971 926 1110 997 πρὸς
1149 926 1338 997 αὐτὴν,
1367 926 1726 998 ἀφῃρέθησαν
1758 926 1784 979 ὅ

1897 922 2263 991 tiplicassent,
2316 926 2557 994 quinimo
2584 928 2648 980 ad
2672 927 3007 982 oborientem
3050 923 3190 978 ultro
3219 923 3471 989 ingeren-

212 1012 532 1082 ἐκέκτηντο.
577 1014 736 1085 ’Υμῖν
768 1019 881 1081 τοῖς
922 1017 1285 1083 πιστεύσασι,
1331 1019 1520 1089 φησιν,
1561 1018 1718 1089 ἐδόθη
1754 1020 1784 1089 ἠ

1899 1022 2113 1083 temque
2146 1029 2209 1071 se
2260 1016 2553 1071 veritatem
2598 1017 2905 1072 voluntarie
2947 1015 3313 1078 mentientes,
3356 1012 3470 1067 suis

211 1101 376 1172 χάρις
395 1118 413 1135 ο
444 1107 559 1167 τοῖς
587 1106 643 1159 δὲ
685 1106 891 1171 λοιποῖς
916 1108 1166 1178 οὐδαμῶς
1189 1125 1202 1138 ·
1231 1109 1337 1163 κᾶν
1364 1110 1530 1179 ἔχωσί
1567 1127 1623 1164 τι
1652 1110 1788 1179 φῶς,

211 1190 574 1262 σῦεσθήσεται
604 1194 810 1260 αὐτοῖς,
837 1195 925 1250 διὰ
963 1196 1025 1249 τὸ
1062 1197 1360 1266 κεκτῆσθαι
1393 1199 1512 1268 μὲν,
1552 1199 1627 1269 μὴ
1664 1201 1786 1250 ὲπι-

1893 1120 1953 1160 se
1984 1108 2220 1162 tenebris
2245 1107 2616 1174 involvisseut,
2674 1109 2762 1163 illa
2798 1109 2910 1176 ipsa
2938 1122 3100 1176 quam
3144 1106 3294 1176 prius
3324 1103 3468 1159 obti-

1892 1198 2114 1264 nebant,
2142 1199 2336 1269 exigua
2367 1200 2490 1256 luce
2522 1201 2716 1271 privati
2765 1208 2912 1255 sunt.
2956 1196 3121 1253 Vobis
3146 1204 3348 1260 autem,
3389 1193 3473 1248 in.

212 1284 497 1351 μελεῖσθαι
529 1284 587 1337 δὲ
635 1286 820 1340 αὑτοῦ.
839 1288 896 1339 '0
920 1290 1029 1358 γὰρ
1061 1288 1192 1352 Θεὸς
1224 1288 1431 1353 δίκαιος
1450 1288 1547 1354 ὢν,
1573 1289 1784 1351 δικαίας

1890 1288 2029 1356 quit,
2063 1289 2155 1356 qui
2183 1291 2511 1355 credidistis,
2545 1292 2669 1346 data
2721 1299 2803 1346 est
2834 1289 3006 1361 gratia
3045 1306 3059 1343 :
3090 1287 3323 1349 cateris,
3359 1298 3466 1339 non

209 1372 309 1423 καὶ
340 1372 443 1436 τὰς
473 1374 774 1439 ἀντιδόσεις
822 1379 1074 1431 ποιεῖται.

1894 1378 2021 1432 item
2050 1396 2065 1444 ;
2102 1379 2195 1434 sed
2226 1390 2280 1435 et
2313 1383 2357 1435 si
2393 1382 2527 1437 lucis
2577 1382 2866 1451 quemdam
2919 1380 3126 1435 radium
3159 1375 3467 1439 habuerint.

207 1468 588 1540 esstiuguetur
620 1472 773 1542 ipsis,
811 1475 952 1543 quod
975 1477 1303 1545 possessioni
1344 1491 1500 1530 usum
1560 1476 1850 1545 adiungere
1889 1489 1995 1530 non
2060 1478 2393 1531 curaverint.
2442 1477 2628 1532 Justus
2675 1477 2823 1532 enim
2887 1475 3029 1531 Deus
3090 1471 3237 1542 iuste
3275 1471 3472 1541 eulque

209 1566 354 1632 quod
384 1573 620 1620 meretur
648 1568 843 1622 reddit.

282 1660 357 1712 Τὸ
387 1662 581 1725 εἰπεῖν,
624 1680 643 1714 ι
684 1664 907 1735 Μήποτε
959 1666 1273 1735 ἐπιστρέψω
1306 1668 1399 1720 καὶ
1445 1667 1668 1737 ἰάσομαι
1712 1664 1789 1735 (ι)

1999 1662 2125 1718 llaec
2186 1666 2392 1730 verba,
2448 1683 2467 1716 ι
2514 1664 2591 1719 Ne
2661 1664 2802 1719 forte
2877 1670 3189 1719 convertam
3248 1668 3305 1716 et
3367 1669 3465 1712 sa‘

210 1744 431 1816 αύτοῦς,
471 1771 491 1804 ›
535 1755 934 1826 ἐπιτεταμένην
968 1757 1221 1827 ἐμφαίνει
1256 1757 1616 1831 δυστροπίαν·
1651 1757 1784 1828 πλὴν

1896 1768 2029 1809 ηθηι
2082 1769 2263 1821 θος.»
2319 1756 2583 1811 intensam
2654 1755 2963 1826 signiﬁcant
3019 1752 3467 1824 perversitatem;

210 1843 305 1895 καὶ
359 1843 744 1915 ἐπισπωμένου
804 1846 956 1899 ἐστὶν
1003 1848 1096 1901 καὶ
1145 1848 1511 1921 ἐρεθίζοντοςο
1552 1848 1790 1902 δείκνυσι

209 1933 323 2003 γὰρ
345 1933 428 1985 ὅτι
459 1934 553 1987 ὲάν
578 1936 995 2006 ἐπιστρέψωσιν,
1038 1939 1184 1993 ἰᾶται
1215 1940 1411 2002 αὐτούς
1434 1956 1445 1969 ·
1479 1939 1565 1992 διὰ
1585 1938 1693 2010 γάρ
1731 1940 1792 1992 τὸ

210 2022 455 2091 σωθῆναι
484 2027 699 2091 αὐτοὺς,
732 2028 904 2092 οὕτως
932 2029 1100 2083 λαλεῖ.
1138 2032 1291 2084 Ἐτιεί⁵
1323 2031 1426 2084 εδει
1467 2031 1627 2084 αὑτὸν
1655 2031 1791 2095 ὅλως

210 2115 382 2183 μηδὲν
410 2117 657 2189 λαλῆσαι.
696 2120 832 2174 ἀλλά
863 2124 1070 2194 σιωπᾷν
1100 2140 1111 2152 ·
1154 2123 1294 2195 πλὴν
1322 2123 1382 2177 ού
1420 2123 1507 2192 διὰ
1530 2125 1629 2196 τὴν
1655 2124 1791 2179 ἰδίαν

208 2205 389 2272 δόξαν,
424 2208 558 2262 ἀ)λά
605 2210 692 2264 διὰ
732 2212 832 2282 τὴν
865 2213 1042 2266 αὐτῶν
1087 2216 1362 2285 σωτηρίαν
1391 2218 1569 2270 πάντα
1624 2220 1786 2270 ποιεῖ.

1896 1854 2023 1898 sunt
2055 1854 2234 1899 tamen
2281 1844 2573 1899 allicientis
2610 1853 2665 1899 et
2707 1844 3027 1899 excitantis.
3084 1840 3264 1896 lnnuit
3297 1839 3466 1901 enim,

1894 1934 1940 1989 si
1977 1934 2135 1989 modo
2163 1935 2415 1990 conversi
2458 1934 2683 1999 fuerint,
2717 1950 2776 1989 se
2814 1934 2932 1988 illos
2976 1941 3324 1997 sanaturum;
3372 1945 3467 1986 περ

1895 2038 2001 2093 que
2043 2027 2160 2079 hac
2199 2026 2333 2080 dicit
2373 2026 2476 2080 nisi
2520 2036 2740 2095 propter
2776 2026 2988 2080 illorum
3032 2023 3261 2079 salutem
3290 2040 3304 2077 :
3332 2020 3466 2075 alio-

1894 2114 2055 2183 quin,
2110 2115 2243 2170 nihil
2290 2116 2515 2171 omnino
2570 2114 2747 2186 ipsum
2796 2116 2978 2171 dicere
3025 2114 3302 2184 oportuit,
3372 2112 3466 2167 sed

1896 2214 2107 2273 tacere;
2139 2222 2327 2261 verum
2378 2222 2485 2262 non
2526 2216 2743 2278 propter
2771 2208 3039 2277 propriam
3071 2204 3296 2276 gloriam
3316 2242 3333 2270 ,
3371 2206 3467 2259 sed

1776 2318 1781 2321 '
1894 2310 2115 2372 propter
2145 2302 2360 2357 illorum
2393 2301 2621 2357 salutem
2650 2300 2833 2355 omnia
2865 2298 2998 2366 agit.

276 2387 589 2460 Μακαρίζει
609 2386 702 2443 οὖν
726 2390 941 2456 αὐτοὺς,
978 2392 1055 2456 ὡς
1082 2395 1388 2463 ἀκηκοότας
1412 2394 1512 2463 τῆς
1534 2394 1627 2448 τοῦ
1657 2395 1788 2448 Υἰοῠ

208 2482 415 2550 φωνῆς,
446 2481 540 2533 xui.
570 2482 901 2547 ἀξιωθέντας
927 2484 1026 2553 τῆς
1052 2485 1216 2538 αὑτοῦ
1251 2485 1399 2551 θέας,
1422 2486 1490 2540 δι’
1515 2482 1574 2541 οὗ
1612 2488 1706 2540 καὶ
1732 2489 1790 2540 ὲν

208 2564 252 2635 ᾧ
292 2572 393 2640 τὴν
434 2573 529 2626 τοῦ
571 2574 783 2644 Πατρὸς
834 2574 928 2627 καὶ
968 2575 1104 2628 Θεοῦ
1139 2574 1328 2647 ἑώρων
1367 2577 1529 2645 φύσιν
1557 2577 1785 2648 νοητῶς,

207 2655 282 2715 ὧν
310 2662 622 2734 ἠξιώθησαν
648 2666 724 2735 (2)
756 2667 805 2718 οί
848 2666 1016 2719 πάλαι
1056 2667 1233 2739 ἅγιοι,
1264 2670 1358 2721 m‘t
1406 2670 1787 2739 πληρεστάτην

209 2756 369 2828 ἔσχον
401 2757 498 2828 τὴν
531 2759 617 2811 ἐπ’
646 2759 873 2828 ἀγαθοῖς
905 2759 1196 2831 θυμηδίαν.

280 2935 514 3000 Ἄλλην
535 2934 889 3003 παραϐολὴν
908 2934 1218 3001 ἐλάλησεν
1240 2935 1463 3001 αὐτοῖς.

275 3025 371 3095 Μὴ
406 3025 695 3098 θαυμάσῃς
720 3025 778 3080 δὲ
819 3028 866 3079 εἰ
898 3026 1027 3097 περί⁹
1065 3025 1345 3096 βασιλείας
1378 3026 1782 3097 διαλεγόμενος,

208 3114 415 3181 κόκκου
466 3116 564 3170 καὶ
600 3115 777 3187 ζύμης
820 3116 1070 3188 ἐμνήσθη
1091 3132 1106 3147 ο
1136 3115 1445 3188 ἀνθρώποις
1472 3117 1581 3188 γὰρ
1614 3118 1783 3173 seu.

205 3223 336 3274 γετο
370 3207 622 3278 ἀπείροις
662 3208 757 3260 καὶ
793 3208 1053 3274 ἰδιώταις,
1076 3208 1173 3263 καὶ
1210 3208 1489 3278 δεομένοις
1510 3210 1620 3263 ἀπὸ
1658 3210 1784 3263 τού-

199 3313 314 3353 των
375 3296 704 3366 ὲνάγεσθαι·
745 3297 887 3352 οὕτω
935 3299 1045 3371 γάρ
1080 3294 1224 3371 ἦσαν
1276 3299 1519 3369 ἀφελεῖς,
1566 3300 1644 3364 ώς
1689 3301 1784 3355 καὶ

208 3388 349 3459 μετά
374 3388 548 3442 ταῦτα
574 3390 751 3444 πάντα
782 3388 1037 3461 δεηθῆναι
1064 3390 1361 3462 ἑρμηνείας
1383 3390 1605 3461 πολλῆς.

219 3468 223 3472 ί
277 3480 385 3533 Kal
423 3479 733 3543 βαλοῦσιν
759 3480 995 3549 ξαὺτοὺς
1053 3484 1141 3548 εἰς
1199 3480 1316 3549 τὴν
1374 3481 1627 3551 κάμινον
1676 3483 1783 3537 τοῦ

203 3572 412 3639 πυρός.
432 3570 595 3623 Ἔκεῖ
607 3570 777 3625 ἔσται
804 3574 837 3626 ὁ
864 3570 1171 3642 κλαυθμὸς
1190 3572 1287 3626 καί
1320 3575 1352 3625 ό
1370 3573 1643 3642 ,βρυγμὸς
1666 3573 1785 3627 τῶν

204 3660 312 3714 ὀδό
316 3678 491 3716 ντων.

277 3751 401 3804 Ὀτι
428 3752 484 3804 δὲ
516 3751 865 3821 οἰκουμενικὴ
888 3750 1110 3818 γέγονεν
1136 3752 1169 3820 ή
1199 3750 1286 3803 διὰ
1309 3751 1543 3821 Χριστοῦ
1571 3752 1780 3822 κλῆσις,

203 3842 367 3905 αὐτὸς
394 3843 722 3895 πιστώσεται
745 3841 919 3909 λέγων
947 3842 1191 3911 ἐναργῶς
1210 3855 1226 3871 ⁸
1255 3843 1335 3895 ὅτι
1364 3842 1472 3895 τῶν
1497 3843 1783 3912 εὐαγγελι-

202 3933 314 3985 κῶν
348 3934 721 4003 κηρυγμάτων
748 3932 808 3984 τὸ
834 3932 976 3984 λῖνον
1006 3933 1069 3985 ὲκ
1091 3934 1293 3997 παντὸς
1328 3935 1544 4002 συνάγει
1568 3935 1776 4004 γένους.

199 4026 312 4077 Καὶ
345 4025 535 4094 ὥσπερ
568 4025 616 4077 oi
659 4025 757 4093 τῆς
792 4023 902 4077 τῶν
948 4023 1146 4094 ἰχθύων
1187 4024 1360 4096 θήρας
1391 4028 1774 4099 ἐπιστήμονες»,

202 4117 298 4167 καὶ
339 4114 803 4187 θαλασσουργικδν
826 4115 1040 4185 ἔχοντες
1087 4117 1441 4187 ἐπιτήδευμα,
1483 4120 1685 4189 χαλῶσι
1718 4123 1781 4176 τὸ

200 4204 345 4258 λῖνον
375 4206 437 4258 ού
466 4205 850 4275 διακρίνοντες,
877 4207 991 4259 ἀλλ’
1015 4207 1153 4278 ὅπερ
1198 4208 1257 4259 ἐν
1298 4212 1409 4273 τοῖς
1449 4210 1663 4282 βρόχοις
1692 4214 1782 4267 ἔνο

199 4296 513 4369 αποληφθῇ,
537 4298 696 4352 τοῦτο
717 4298 893 4369 πάντη
921 4300 1014 4352 καὶ
1045 4299 1262 4362 πάντως
1280 4300 1527 4355 ἕλκουσιν
1549 4307 1629 4367 εἰς
1651 4305 1777 4374 γῆν·

1964 2393 2158 2447 Beatos
2188 2392 2304 2447 illos
2341 2392 2621 2461 praedicat,
2665 2398 2723 2445 ut
2752 2388 2847 2459 qui
2881 2387 3073 2443 audire
3117 2400 3301 2443 vocem
3340 2383 3464 2441 Filii

1892 2494 1945 2539 et
1983 2483 2101 2552 ejus
2129 2484 2343 2538 visione
2385 2482 2490 2536 l'rui
2539 2482 2684 2550 digni
2718 2479 2885 2535 habiti
2927 2479 3054 2542 sint,
3089 2493 3185 2547 per
3216 2492 3377 2547 quem
3407 2486 3466 2530 et

1892 2576 1945 2630 in
1976 2590 2082 2644 quo
2115 2574 2204 2629 Dei
2232 2573 2413 2630 Patris
2439 2582 2688 2629 naturam
2734 2571 2991 2627 videbant
3021 2568 3463 2638 intelligibiliter;

1889 2668 2031 2736 quod
2080 2667 2285 2721 sanctis
2335 2665 2538 2720 veteris
2588 2663 2926 2719 Testamenti
2982 2676 3303 2718 concessum
3358 2675 3464 2715 non

1888 2757 2011 2822 fuit,
2056 2758 2157 2811 etsi
2201 2756 2571 2826 plenissimam
2617 2770 2646 2810 a
2682 2755 2944 2811 bonorum
2987 2752 3328 2823 possessione
3372 2750 3467 2806 ita.

1889 2848 2107 2902 buerint
2141 2847 2407 2903 lmtitiam.

1958 2938 2066 3011 53
2099 2938 2235 3003 Xlll,
2264 2940 2357 2995 35.
2387 2939 2562 2996 Aliam
2612 2938 2923 3005 parabolam
2950 2936 3157 2991 locutus
3187 2945 3261 2991 est
3305 2936 3402 2990 eis.

1958 3027 2039 3083 Ne
2071 3030 2286 3085 mireris
2317 3038 2517 3094 autem,
2557 3029 2602 3084 si
2633 3030 2699 3082 de
2741 3042 2906 3096 regno
2940 3028 3231 3090 disserens,
3265 3024 3467 3093 sinapis

1891 3130 1944 3174 et
1978 3118 2229 3177 fermenti
2251 3122 2525 3187 meminit;
2552 3119 2799 3175 homines
2816 3119 2960 3172 enim
2993 3115 3288 3186 alloquitur
3314 3115 3464 3182 igna-

1892 3226 1980 3265 ros
2003 3220 2057 3265 et
2087 3210 2306 3276 idiotas,
2333 3209 2535 3280 quique
2557 3210 2642 3264 his
2666 3208 2786 3263 duci
2843 3206 3075 3260 debeant
3109 3224 3124 3260 ι
3155 3205 3290 3258 adeo
3314 3203 3461 3257 enim

1888 3311 2046 3358 erant
2093 3302 2386 3372 simplices,
2414 3310 2475 3357 ut
2505 3311 2625 3371 post
2679 3301 2796 3355 haec
2843 3299 3046 3365 omnia,
3077 3310 3267 3368 magna
3299 3294 3463 3351 etiam

1890 3395 2193 3461 indigerent
2221 3394 2696 3463 interpretatione.

1962 3485 2101 3540 Xlll.
2134 3485 2223 3541 50.
2257 3485 2324 3539 Et
2353 3486 2553 3539 mittent
2580 3500 2667 3537 eos
2694 3483 2748 3537 in
2774 3480 3039 3537 caminum
3069 3478 3238 3550 ignis;
3263 3475 3337 3533 ibi
3363 3475 3464 3531 erit

1887 3581 2037 3650 ﬂetus
2069 3590 2119 3634 et
2149 3579 2342 3632 stridor
2368 3576 2630 3630 dentium.

1959 3753 2334 3812 Uuiversalem
2367 3751 2533 3806 fuisse
2561 3748 2765 3805 Christi
2795 3749 3133 3802 vocationem
3152 3788 3168 3812 ,
3205 3747 3318 3817 ipse
3346 3759 3464 3801 cre~

1888 3849 2034 3903 ditur
2061 3859 2317 3914 expresse
2349 3844 2550 3897 dixisse
2589 3858 2601 3893 :
2638 3840 2766 3911 quia
2800 3838 3234 3908 evangelicarum
3268 3836 3463 3906 praedi-

1889 3938 2159 3993 cationum
2188 3945 2301 3990 rete
2323 3951 2389 3989 cx
2413 3933 2557 3988 omni
2583 3946 2779 4000 genere
2804 3930 3028 3999 colligit.
3052 3929 3120 3984 Et
3145 3938 3203 3983 ut
3226 3938 3463 3997 captura:

1889 4027 2116 4096 piscium
2148 4024 2323 4095 gnari,
2356 4039 2419 4078 ac
2449 4022 2662 4076 marino
2689 4023 2840 4090 operi
2876 4019 3090 4083 intenti,
3122 4035 3227 4072 non
3260 4019 3461 4072 discer—

1886 4137 2078 4182 nentes
2120 4133 2233 4177 rete
2270 4121 2473 4184 laxant,
2517 4118 2610 4172 sed
2650 4116 2909 4184 quidquid
2951 4114 3156 4181 laqueis
3194 4113 3460 4166 irretitum

1885 4223 1991 4275 est.
2022 4213 2124 4268 hoc
2146 4207 2612 4265 indiseriminatim
2630 4213 2683 4259 et
2698 4204 2918 4257 omnino
2942 4203 2993 4257 in
3026 4210 3224 4255 terram
3258 4210 3459 4268 pertrs,

1885 4308 2019 4362 bunt
2052 4322 2067 4359 θ
2100 4306 2169 4357 ita
2196 4316 2407 4371 quoque
2441 4300 2611 4352 virtus
2648 4293 3067 4365 praedicationis,
3102 4300 3155 4346 et
3197 4289 3459 4346 mirabilis

200 4388 345 4443 οὔτω
389 4390 485 4443 καὶ
526 4391 558 4460 ἠ
596 4389 884 4464 θαυμαστὴ
932 4392 1028 4445 καὶ
1076 4391 1415 4455 πολύπλοκος
1458 4393 1567 4448 τῶν
1618 4396 1779 4465 ιερῶν

1890 4408 1938 4452 et
1973 4395 2261 4451 multifaria
2305 4404 2583 4446 sacrorum
2632 4390 2941 4458 dogmatuut
2989 4385 3257 4447 doctrina,
3295 4398 3457 4452 quam

201 4480 543 4550 μαθημάτων
573 4481 905 4545 διδασκαλία,
930 4482 998 4553 ἦν
1027 4483 1076 4535 οἰ
1096 4483 1249 4536 καλοὶ
1277 4484 1518 4539 ἀλιευταὶ
1544 4487 1777 4542 ἀπόστο-

1890 4489 2010 4545 boni
2038 4488 2334 4557 piscatores
2359 4480 2584 4551 apostoli
2624 4485 3040 4542 eontexuerunt,
3078 4491 3144 4531 ex
3180 4475 3325 4530 omni
3367 4488 3458 4543 ge-

199 4571 281 4623 λυι
334 4570 586 4636 ἔπλεξαν,
625 4572 689 4625 ἐκ
727 4571 924 4633 παντὸς
968 4573 1115 4626 ἕλκει
1167 4574 1376 4641 γένους,
1412 4577 1509 4629 καὶ⁸
1555 4577 1778 4647 συνάγει

1890 4595 2015 4637 nere
2034 4578 2275 4641 attrahit,
2291 4585 2341 4631 et
2355 4575 2557 4643 colligit
2573 4574 2641 4627 ad
2659 4572 2848 4627 Deum.
2868 4568 3079 4639 Colligit
3096 4577 3272 4621 autent
3289 4581 3459 4636 usque

198 4662 338 4741 πρὸς
367 4662 532 4715 Θεόνο
568 4664 787 4733 συνάγει
815 4663 873 4717 δὲ
903 4664 1065 4733 μέχρι
1096 4666 1309 4731 καιροῦ,
1340 4666 1398 4730 ὃς
1431 4666 1779 4741 πληρωθήσε-

1890 4676 1947 4729 ad
1988 4684 2196 4742 tempus
2231 4670 2371 4739 quod
2414 4666 2725 4737 implebitur
2759 4675 2999 4731 tempore
3036 4660 3457 4715 consummatio-

196 4771 288 4807 ται
329 4753 473 4807 κατά
514 4758 605 4808 τδν
652 4754 839 4822 καιρὸν
890 4754 990 4823 τῆς
1041 4756 1363 4822 συντελείας,
1395 4758 1517 4812 καθ’
1549 4760 1608 4812 ὃν
1650 4760 1777 4826 τοὺς

1890 4767 1983 4829 uis,
2004 4764 2214 4833 quando
2237 4771 2420 4833 captos
2437 4775 2654 4829 sagena,
2706 4773 2737 4814 e
2768 4759 2872 4812 vita
2898 4758 3244 4813 extrahentes
3277 4754 3450 4824 angeli

200 4843 653 4915 σαγηνευθέντας,
695 4844 850 4908 ἐκτὸς
894 4845 987 4897 τοῦ
1035 4846 1152 4915 βίου
1201 4847 1545 4914 ἑλκύσαντες,
1584 4856 1634 4905 oi
1681 4856 1776 4909 ἐπὶ

1890 4861 1943 4914 Id
1980 4861 2082 4912 hoc
2104 4872 2135 4911 a
2172 4856 2281 4910 Deo
2303 4853 2558 4918 ordinati,
2600 4853 2838 4906 omnium
2863 4849 3456 4906 iustituentdiscrotio-

193 4938 374 5005 τούτῳ
424 4938 744 5007 τεταγμένοι
788 4936 1007 5004 ἄγγελοι
1050 4937 1143 4991 τοῦ
1191 4938 1358 5005 Θεοῦ,
1410 4942 1507 5013 τὴν
1557 4947 1775 5003 πάντων

1890 4968 2029 5015 nem,
2054 4957 2370 5017 separantes
2401 4944 2569 4999 malos
2599 4945 2665 4999 de
2695 4943 2872 4998 medio
2897 4941 3191 5011 iustorum.

190 5029 469 5101 διάκρισιν
504 5032 837 5100 ποιήσονται,
876 5029 1228 5099 ἀφορίζοντες
1256 5034 1380 5097 τοὺς
1406 5041 1673 5109 πονηροὺς
1705 5045 1768 5097 ὲκ
1810 5045 1975 5116 μέσου
2004 5045 2111 5097 τῶν
2137 5041 2383 5096 δικαίων.

283 5123 347 5174 '0
378 5121 447 5175 δὲ
482 5119 651 5176 εἶπεν
700 5122 936 5188 αὐτοῖς·
987 5125 1090 5178 Διά
1128 5125 1302 5179 τοῦτο
1348 5127 1467 5195 πᾶς
1510 5149 1775 5203 γραμμα.

1952 5137 2063 5210 Μ
2080 5136 2214 5198 Χιιι,
2230 5136 2319 5191 52.
2340 5134 2442 5187 llic
2468 5142 2643 5186 autem
2673 5130 2803 5183 dixit
2820 5129 2889 5183 eis
2908 5144 2927 5183 :
2945 5128 3075 5182 Ideo
3101 5128 3265 5180 omnis
3282 5125 3452 5180 scriba

190 5214 335 5282 τεὺς
381 5216 769 5285 μαθητευθεὶς
823 5218 910 5282 εἰς
957 5218 1281 5280 ,βασιλείαν
1322 5222 1439 5274 τῶν
1482 5225 1773 5293 οίιρανῶν,

1890 5231 2065 5283 doctus
2098 5230 2153 5283 in
2180 5244 2336 5298 regno
2367 5228 2612 5291 calorum
2635 5266 2648 5288 ,
2683 5221 2871 5275 similis
2900 5231 2974 5274 est
3002 5220 3199 5275 homini
3226 5219 3451 5287 patrifa-

186 5306 397 5374 ὅμοιός
420 5306 591 5361 ἐστιν
612 5307 897 5376 ἀνθρώπῳ
925 5307 1341 5378 οἰκοδεσπότῃ,
1373 5312 1540 5378 ὅστις
1562 5315 1773 5371 ἐκϐάλ-

1890 5321 2080 5386 milies,
2109 5321 2199 5388 qui
2227 5319 2427 5389 profert
2454 5318 2517 5370 de
2548 5315 2795 5377 thesauro
2826 5329 2921 5366 suo
2951 5327 3081 5369 nova
3109 5319 3155 5363 et
3188 5319 3377 5363 vetera.

187 5402 289 5451 .let
326 5399 397 5452 ἐκ
432 5398 540 5453 τοῦ
572 5399 877 5469 θησαυροῦ
906 5401 1093 5455 αὐτοῦ
1120 5405 1294 5457 καινὰ
1325 5404 1425 5459 καί
1463 5406 1710 5461 παλαιά.

262 5490 629 5562 Γραμματεύς
673 5494 819 5545 ἐστιν
844 5493 873 5544 ό
899 5494 985 5548 διὰ
1013 5495 1111 5563 τῆς
1134 5496 1393 5566 ἑπιμόνου
1419 5496 1774 5565 ἀναγνώσεως

1953 5496 2140 5552 Scriba
2166 5506 2266 5560 est,
2290 5496 2380 5565 qui
2411 5508 2505 5563 per
2528 5498 2865 5555 constantem
2894 5487 3179 5543 lectionem
3209 5485 3451 5555 δαὶμων

186 5581 301 5651 τῶν
317 5582 578 5661 Γραφῶν,
598 5584 690 5655 τῆς
718 5601 774 5637 τε
805 5585 1047 5650 Παλαιᾶς
1079 5587 1284 5657 καὶτῆς
1315 5586 1765 5661 Νέας,θησαυρον

1890 5605 2056 5644 rarum
2102 5587 2232 5643 Novi
2274 5597 2327 5643 et
2362 5587 2574 5649 Veteris
2606 5580 2961 5647 'l‘estatnenti,
3002 5581 3310 5637 thesaurum
3349 5596 3443 5633 cn-

262 5760 344 5833 (t)
369 5758 519 5831 l.eg.,
544 5777 661 5817 cum
682 5760 743 5815 Ν.
770 5764 828 5815 Τ.
854 5764 972 5831 θη,
992 5764 1358 5836 ἰπιστρέψωσι
1384 5768 1472 5819 καὶ
1512 5767 1763 5838 Ξάσωξιαι.

1946 5770 2024 5835 (‘2)
2055 5767 2193 5836 Lego
2227 5761 2300 5823 ὧν
2326 5768 2420 5821 οὔκ
2456 5764 2665 5832 ἠξιώθη
2694 5772 2745 5820 et
2784 5777 2904 5819 mox
2933 5762 2977 5814 εἰ
3012 5759 3098 5815 καὶ
3136 5761 3295 5828 πληρ.
