4094 6526
618 349 728 399 ,ΞΗ

1686 350 1743 406 S.
1782 348 2059 404 CYRII.”
2099 347 2567 402 ALEXANDRINI
2607 344 2926 402 ARCHIEP.

3810 349 3929 403 ιεο

631 464 696 523 ad
739 480 1040 538 vesperam,
1067 478 1126 523 ut
1160 468 1412 525 ostendat
1448 482 1553 523 non
1602 466 1759 522 facile
1800 465 2015 521 taedium
2064 463 2206 518 illius

2315 462 2567 534 ἑσπέρας,
2600 463 2685 515 ἵνα
2721 459 2874 533 δείξῃ
2908 463 2990 513 ὅτι
3030 462 3091 515 ού
3136 463 3240 534 χρὴ
3274 464 3553 535 ἁψικὸρως
3595 467 3753 536 ἔχειν
3790 472 3928 535 περὶ

632 576 731 614 nos
765 560 947 613 subire
1007 560 1230 625 debere,
1259 559 1353 614 sed
1386 557 1807 625 exspectandum
1842 570 1980 619 esse,
2010 569 2072 608 ac
2098 554 2204 607 lon-

632 649 998 717 genimitatem
1018 649 1375 704 exhibendam
1402 666 1416 702 :
1449 649 1539 702 hic
1582 648 1799 717 quidem
1834 646 1995 715 igitur
2021 659 2204 699 ascen.

632 739 731 801 dit,
760 738 943 806 ibique
974 739 1172 793 oravit.
1213 738 1468 808 Discipuli
1522 753 1653 792 vero
1690 737 1885 790 iterum
1930 735 2204 804 jactantur

632 827 885 883 ﬂuctibus
915 844 977 885 ac
1004 829 1238 885 hiemem
1292 830 1436 883 velut
1475 838 1603 883 ante
1651 829 1936 891 sustinent,
1960 827 2054 880 sed
2081 835 2205 880 tunc

631 919 849 984 quidem
879 933 1001 973 cum
1027 920 1200 989 ipsum
1234 921 1493 973 haberent
1532 919 1585 973 in
1619 919 1762 982 navi,
1790 917 1839 971 id
1884 917 2029 986 passi
2056 925 2202 979 sunt,

634 1023 777 1063 nunc
808 1024 994 1064 secum
1045 1011 1374 1065 ettsistentes
1405 1010 1543 1077 soli;
1571 1008 1799 1065 seorsim
1834 1010 1978 1063 enim
2017 1007 2205 1077 paula-

636 1099 730 1153 tim
757 1099 824 1154 ad
880 1101 1086 1171 majora
1126 1116 1220 1157 eos
1272 1102 1521 1171 perducit
1567 1100 1883 1168 animatque
1936 1108 1996 1153 ut
2045 1114 2206 1169 gene-

637 1208 760 1250 roso
814 1194 994 1249 animo
1042 1195 1222 1250 omnia
1284 1193 1528 1263 perferre
1592 1192 1826 1249 discant.
1892 1188 2202 1260 Propterea,

632 1301 754 1341 cum
786 1287 963 1356 primo
996 1287 1214 1356 quidem
1251 1282 1710 1356 periclitar‘entur,
1740 1281 1930 1335 aderat
1964 1281 2203 1350 quidem,

632 1377 729 1433 sed
781 1376 1104 1441 dormiebat,
1133 1377 1269 1451 adeo
1316 1386 1374 1430 ut
1416 1384 1640 1445 paratus
1688 1373 1912 1428 minime
1960 1379 2105 1428 esset
2139 1371 2205 1426 ad

633 1467 913 1524 ferendum
947 1468 1056 1523 illis
1095 1466 1371 1521 solatium.
1410 1465 1563 1519 Nune
1599 1476 1725 1521 vero
1766 1465 1833 1519 ad
1880 1464 2081 1531 majora
2111 1478 2206 1518 eos

632 1561 862 1623 ducens.
900 1573 968 1614 ne
1028 1559 1128 1613 hoc
1187 1558 1402 1628 quidem
1461 1568 1703 1628 praestat,
1756 1556 1851 1612 sed
1881 1555 2011 1619 abit,
2055 1563 2109 1608 et
2152 1554 2205 1607 in

630 1649 809 1705 medio
835 1650 969 1703 mari
998 1649 1268 1719 permittit
1312 1648 1547 1703 hiemem
1602 1661 1919 1719 exsurgere,
1961 1656 2018 1699 ut
2068 1645 2207 1697 unde

630 1754 781 1809 spem
812 1738 1003 1794 salutis
1028 1748 1395 1809 expectarent,
1417 1738 1523 1809 5o
1543 1754 1647 1794 non
1673 1738 1969 1803 haberent;
2006 1750 2069 1790 ac
2097 1744 2207 1790 tota

2311 554 2501 618 αὐτοῦ,
2546 553 2660 607 ἀλλ’
2689 554 3003 624 ὑπομένειν,
3051 555 3147 608 καὶ
3193 555 3573 626 μακροθυμίαν
3627 556 3922 610 basim

2313 645 2436 698 σθαι
2471 645 2642 716 (1).”υ
2672 645 2769 714 μὲν
2804 641 2899 699 οὖν
2931 644 3216 698 ἀνέϐαινεν
3264 647 3462 710 ἐκεῖσε,
3508 647 3603 699 καὶ
3654 646 3927 715 προσηύ-

2312 750 2456 805 χετο·
2484 736 2534 787 oi
2563 735 2619 789 δὲ
2645 734 2886 805 μαθηταὶ
2912 735 3329 801 κλυδωνίζονται
3354 736 3520 789 πάλιν
3538 738 3632 791 καὶ
3646 737 3923 808 χειμῶνα

2314 826 2675 895 ὑπομένουσιν
2701 821 2811 879 οἷον
2839 828 2932 880 καὶ
2963 827 3249 897 πρότερον.
3268 827 3432 881 Ἀλλὰ
3458 828 3581 881 τότε
3610 830 3719 897 μὲν
3755 827 3925 896 ἔχον·

2310 935 2400 981 τες
2430 918 2592 971 αὐτὸν
2618 919 2675 970 ἐν
2704 917 2782 988 τῷ
2809 917 2982 989 πλοίῳ
3020 917 3182 972 τοῦτο
3224 918 3489 989 ἔπασχον,
3520 921 3639 974 νυνὶ
3673 920 3745 973 δὲ
3778 920 3895 972 καθ
3914 922 3927 937 ’

2312 1011 2537 1075 ἑαυτοὺς
2564 1012 2717 1075 δντες
2744 1011 2916 1082 μόνοι.
2939 1011 3048 1066 Καὶ
3066 1012 3177 1083 γὰρ
3199 1013 3385 1083 ἡρέμα
3410 1013 3503 1066 καὶ
3527 1013 3668 1067 κατὰ
3698 1012 3921 1081 μικρὸν

2312 1102 2404 1155 ἐπὶ
2434 1104 2500 1155 τὰ
2531 1102 2755 1173 μείζονα
2783 1104 2982 1167 αὐτοὺς
3012 1104 3226 1172 ἀνάγει.
3263 1106 3358 1157 καὶ
3386 1103 3674 1173 ἐμϐιϐάζει
3722 1104 3820 1165 είς
3861 1102 3922 1155 οδ

2313 1194 2499 1265 φέρειν
2525 1194 2704 1249 πάντα
2734 1196 2997 1263 γενναίως
3019 1214 3031 1226 ·
3068 1196 3155 1249 διὰ
3186 1196 3251 1267 δὴ
3280 1196 3461 1261 τοῦτο,
3482 1198 3570 1250 ὅτε
3606 1196 3715 1267 μὲν
3752 1194 3918 1266 πρῶ-

2311 1301 2402 1337 τον
2432 1284 2764 1339 κινδυνεύειν
2793 1284 3042 1356 ἔμελλον,
3070 1286 3253 1357 παρῆν
3275 1285 3395 1356 μὲν,
3427 1286 3685 1340 ἐκάθευδε
3721 1285 3819 1346 ει.
3840 1285 3919 1347 ὡς

2316 1375 2392 1446 μὴ
2430 1375 2648 1447 ἕτοιμος
2686 1376 2873 1431 δοῦναι
2913 1377 3014 1449 τὴν
3060 1378 3410 1447 παραμυθίαν
3434 1379 3653 1440 αὐτοῖς·
3688 1378 3833 1431 νυνὶ
3858 1376 3914 1428 ἃ

2314 1469 2405 1520 ἐπὶ
2437 1466 2659 1539 μείζονα
2685 1468 2833 1537 ἄγων
2857 1470 3054 1532 αὐτοὺς
3075 1468 3375 1540 ὑπομονὴν,
3397 1469 3519 1522 οὐδὲ
3542 1470 3704 1522 τοῦτο
3726 1484 3744 1497 ⁸
3780 1468 3914 1521 ἀλλ’

2314 1560 2500 1613 ἄπεισι
2533 1558 2719 1621 καὶέν
2760 1560 2898 1631 μέσῃ
2939 1558 3180 1631 θαλάσσῃ
3211 1562 3485 1630 συγχωρεῖ
3515 1559 3605 1613 τδν
3647 1559 3912 1630 χειμῶνα

2314 1649 2678 1721 διεγερθῆναι,
2710 1651 2852 1706 ὥστε
2898 1650 3046 1721 μηδὲ·
3078 1651 3446 1722 προσδοκῆσαί
3492 1651 3655 1704 ποθεν
3700 1650 3911 1704 ἐλπίδα

2318 1741 2613 1811 σωτηρίας.
2647 1742 2741 1795 καὶ
2784 1741 2914 1812 ὃλην
2941 1741 3041 1812 τὴν
3070 1742 3239 1796 νύκτα
3281 1741 3506 1813 ἀφίησιν
3534 1744 3741 1806 αὐτοὺς
3777 1741 3911 1795 κλυ-

634 1842 793 1887 nocte
839 1847 934 1887 eos
966 1832 1162 1902 jactari
1187 1831 1338 1896 sinit,
1368 1840 1723 1895 excaecatum,
1750 1839 1808 1884 ut
1855 1845 1955 1898 ego
1991 1828 2204 1897 quidem

2315 1832 2646 1898 Βωνίζεςθαι,
2675 1832 2959 1902 διεγείρων
2989 1833 3192 1899 αὐτῶν,
3219 1834 3296 1896 ὼς
3336 1829 3514 1903 οἶμαι,
3542 1834 3910 1903 πεπωρωμέ-

634 1922 891 1987 arbitror,
941 1936 1130 1977 eorum
1193 1935 1289 1976 cor
1356 1922 1724 1975 excitansntt
1777 1926 1927 1973 tanto
1994 1918 2204 1978 timore,

634 2028 795 2083 quem
826 2023 879 2066 et
919 2022 1130 2082 tempus
1182 2021 1233 2066 et
1286 2021 1576 2081 tempestas
1631 2011 1918 2073 faciebant,
1949 2008 2209 2078 perculsis

635 2103 809 2171 majus
846 2106 927 2159 sui
966 2104 1298 2159 desiderium
1346 2118 1409 2158 ac
1466 2103 1761 2158 ﬁrmiorem
1831 2110 1887 2157 et
1936 2101 2207 2155 assiduam

637 2199 953 2252 memoriam
1008 2198 1381 2268 conciperent.
1434 2196 1557 2252 Ideo
1606 2211 1714 2252 non
1745 2195 1926 2251 statim
1980 2196 2060 2250 eis
2107 2193 2207 2248 ad-

635 2291 795 2346 stitit.

704 2379 842 2448 XIV,
881 2381 971 2435 9.7.
1005 2380 1291 2450 Conﬁdite,
1317 2397 1409 2452 ego
1437 2397 1575 2435 sum.

658 2520 661 2521 ν
705 2472 923 2538 Dicens,
962 2492 979 2525 ‹
1012 2473 1298 2540 Conﬁdite,
1340 2490 1359 2523 ι
1392 2472 1553 2527 [idem
1578 2471 1776 2541 repetit
1802 2484 2078 2540 perquam
2102 2469 2210 2525 sal-

634 2572 793 2617 vatur
821 2564 1194 2632 unusquisque
1219 2562 1272 2615 in
1301 2562 1576 2618 Christum
1601 2561 1813 2616 sincere
1839 2560 2207 2623 credentium;

634 2654 837 2709 addens
881 2669 1030 2718 vero,
1083 2672 1101 2705 ‹
1133 2652 1242 2722 Ego
1294 2667 1437 2719 sum,
1472 2670 1490 2705 ι
1546 2666 1763 2707 omnem
1806 2651 2055 2706 timorem
2101 2650 2211 2704 sol-

635 2746 712 2801 vit
746 2763 759 2801 :
790 2744 901 2815 Ego
931 2745 1076 2800 enim
1098 2785 1113 2812 ,
1148 2744 1341 2813 inquit,
1364 2758 1507 2810 sum,
1535 2758 1634 2812 ego
1668 2742 1761 2813 qui
1784 2741 1962 2797 omnia
1992 2755 2209 2812 possunt

636 2835 836 2890 facere.

711 2927 814 2997 51
860 2925 977 2994 XV,
1011 2926 1065 2982 7.
1097 2925 1321 2979 Irrilum
1369 2925 1566 2995 fecistis
1611 2923 1919 2979 mandatum
1954 2920 2048 2976 Dei
2083 2938 2214 2990 pro-

633 3027 749 3088 pter
771 3018 1105 3071 traditionem
1150 3027 1396 3071 vestram.

733 3110 1096 3165 Accesserunt
1160 3109 1376 3178 quidam
1434 3106 1742 3163 indecorum
1788 3115 1845 3161 et
1888 3119 2214 3161 consecrare

637 3203 925 3259 voluerunt
971 3201 1185 3255 animas
1218 3215 1346 3254 suas
1380 3200 1508 3263 Deo,
1533 3210 1788 3267 tanquam
1812 3199 1865 3251 in
1897 3197 2067 3269 ﬁgura
2100 3198 2214 3267 qui-

639 3293 757 3346 dem
804 3290 995 3344 adhuc
1016 3298 1071 3343 et
1101 3290 1154 3342 in
1184 3288 1407 3351 umbra;
1436 3286 1736 3342 secundum
1799 3285 1972 3357 legem
2031 3294 2210 3340 tamen

638 3380 981 3445 conﬁtentes,
1010 3395 1229 3434 suorum
1279 3380 1519 3447 ipsorum
1584 3376 1757 3447 pretia
1820 3376 2213 3439 sacerdotibus,

639 3491 705 3530 ac
760 3474 940 3528 divino
1001 3472 1157 3526 altari
1208 3468 1604 3526 aﬂerutttzsed
1660 3469 1947 3540 cupiebant
1995 3469 2213 3539 quidem

640 3565 883 3621 nonnulli
923 3565 1065 3620 hanc
1089 3562 1575 3633 gloriam,‘sancti,
1602 3561 1844 3632 inquam,
1873 3574 1999 3615 esse
2027 3575 2093 3614 ac
2128 3574 2217 3613 sa-

642 3660 746 3723 cri,
797 3656 1529 3725 divinumqueanathema;
1587 3654 1764 3722 inopia
1822 3661 2002 3705 autem
2054 3666 2216 3721 pecu-

643 3750 855 3803 niarum
912 3746 1262 3815 cupiditatem
1324 3743 1466 3798 hanc
1518 3740 1971 3812 prmscindebant.
2004 3740 2215 3795 Adhor-

643 3841 880 3894 lantibns
908 3848 1089 3893 autem
1132 3851 1246 3901 eos,
1274 3850 1395 3889 cum
1429 3849 1567 3903 opus
1600 3840 1765 3897 esset,
1788 3832 1855 3885 ad
1889 3832 1989 3885 hoc
2011 3828 2215 3884 Scribis

641 3947 707 3987 ac
736 3929 1029 3985 Pharisaais
1084 3926 1409 3996 (admodum
1468 3923 1614 3978 enim
1669 3923 2022 3992 pecuniarum
2058 3929 2216 3976 erant

642 4021 947 4091 amantes),
985 4016 1345 4073 reverentiam
1402 4015 1455 4069 in
1498 4023 1748 4083 parentes
1787 4013 2210 4083 praetendebant~

640 4128 876 4182 vereque
920 4110 1175 4165 dicebant
1220 4109 1312 4163 vix
1355 4122 1516 4177 posse
1557 4120 1617 4159 se
1668 4105 1772 4159 sibi
1828 4104 1959 4173 ipsis
2004 4104 2215 4172 illisque

644 4202 957 4259 necessaria
987 4198 1351 4269 suppeditare.
1390 4196 1455 4251 HI
1484 4210 1648 4267 .‘vero
1677 4212 1708 4251 c
1754 4206 1943 4251 contra
1986 4197 2215 4250 suadere

642 4295 932 4358 audebant,
957 4306 1054 4362 pro
1104 4289 1273 4344 nihilo
1312 4289 1584 4343 ducendas
1631 4302 1751 4343 esse
1805 4290 2065 4358 pecunias
2092 4301 2214 4355 pro-

644 4398 763 4459 pter
798 4387 990 4450 Deum,
1040 4392 1097 4439 et
1134 4382 1176 4437 si
1220 4380 1544 4437 accederent
1594 4390 1847 4450 parentes
1898 4389 2212 4435 consuetum

2309 1940 2404 1993 νην
2445 1924 2542 1994 τὴν
2569 1924 2816 1994 καρδίαν.
2850 1925 2961 1978 Καὶ
2984 1925 3094 1995 γὰρ
3120 1924 3360 1979 τοιοῦτον
3388 1927 3418 1979 ὁ
3448 1925 3635 1993 φόϐος,
3662 1926 3725 1978 ὃν
3764 1925 3908 1994 μετὰ

2308 2015 2575 2086 χειμῶνος
2603 2016 2697 2069 καὶ
2720 2016 2749 2068 ὁ
2780 2016 2971 2087 καιρὸς
2999 2018 3172 2070 ἐποίει
3196 2033 3211 2048 ·
3252 2016 3390 2087 μετὰ
3422 2017 3481 2070 δὲ
3511 2020 3611 2089 τῆς
3659 2016 3908 2071 κατανύο

2309 2105 2441 2173 ξεως
2474 2111 2565 2161 καὶ
2593 2109 2673 2171 εἰς
2706 2106 3001 2176 ἐπιθυμίαν
3036 2106 3257 2178 μείζονα
3284 2108 3483 2172 αὐτοὺς
3528 2108 3758 2161 ἐνέϐαλε
3804 2109 3906 2177 τὴν

2310 2196 2526 2259 ἑαυτοῦ,
2562 2198 2655 2251 καὶ
2688 2199 2767 2263 είς
2806 2200 3028 2268 μνήμην
3066 2198 3312 2269 διηνεκῆ·
3342 2198 3431 2251 διὰ
3459 2199 3620 2251 τοῦτο
3657 2198 3766 2251 οὐκ
3815 2199 3907 2249 r3-

2310 2286 2446 2352 θεώς
2475 2289 2657 2351 αὐτοῖς
2681 2288 2908 2359 ἐπέστη.

2382 2380 2683 2449 Θαρσεῖτε,
2717 2380 2833 2451 ἐγώ
2868 2384 3004 2452 ειμι.

2382 2471 2563 2525 Εἰπὼν
2596 2471 2699 2543 (2),
2729 2491 2747 2522 ι
2779 2472 3042 2545 Θαρσεῖτε
3066 2512 3083 2538 ,
3126 2495 3144 2527 ι
3188 2475 3287 2545 τὴν
3317 2475 3500 2529 πίστιν
3539 2475 3797 2528 ἀπαιτεῖ·
3835 2473 3900 2526 δι’

2311 2559 2377 2634 ἦς
2408 2563 2639 2626 ἕκαστος
2666 2564 2775 2617 τῶν
2805 2565 3116 2636 εἰλικρινῶς
3159 2568 3239 2630 εἰς
3268 2566 3506 2638 Χριστὸν
3532 2566 3899 2622 πιστευόντων

2314 2649 2582 2714 σώζεται·
2621 2650 2921 2719 ἐπαγαγὼν
2948 2651 3028 2717 δὲ,
3075 2672 3095 2705 ι
3145 2654 3286 2725 Ἐγώ
3312 2658 3461 2725 εἰμι,
3503 2674 3522 2706 ι
3568 2654 3686 2707 λύει
3720 2656 3896 2708 ὠντα

2312 2738 2507 2807 φόϐον·
2550 2738 2693 2808 Ἐγὼ
2725 2740 2853 2811 γὰρ,
2906 2743 3092 2813 φησὶν,
3122 2745 3262 2814 εἰμὶ,
3292 2745 3321 2797 ό
3374 2746 3558 2798 πάντα
3602 2746 3894 2814 δυνάμενος

2312 2846 2561 2900 ποιησαι.

2394 2921 2763 2991 Ἠκυρώσατε
2811 2925 2927 2993 τὴν
2971 2926 3235 2994 ἐντολὴν
3273 2924 3382 2980 τοῦ
3436 2924 3589 2980 Θεοῦ
3634 2926 3734 2980 διὰ
3784 2926 3892 2994 τὴν·

2313 3012 2651 3080 παράδοσιν
2691 3015 2881 3085 ὑμῶν.

2386 3108 2703 3179 Προσῄεσάν
2758 3126 2907 3173 τινες
2963 3108 3072 3162 τῶν
3124 3108 3392 3162 Ἰουδαίων
3454 3110 3550 3162 καὶ
3608 3109 3888 3182 καθιεροῦν

2315 3200 2641 3265 ἐσπούδαζον
2686 3200 2765 3271 τῷ
2810 3199 2927 3272 Θεῷ
2956 3201 3054 3265 τὰς
3081 3199 3291 3254 ἑαυτῶν
3319 3199 3519 3270 ψυχὰς,
3552 3200 3629 3264 ὡς
3661 3202 3718 3252 ἐν
3740 3200 3888 3271 τύπῳ

2318 3293 2416 3363 μὲν
2460 3292 2543 3345 ἐτι
2592 3294 2686 3346 καὶ
2733 3294 2891 3364 σκιᾷ·
2925 3292 3067 3362 πλὴν
3113 3292 3254 3345 κατὰ
3286 3291 3375 3345 τὸν
3414 3292 3584 3363 νόμον
3625 3292 3725 3354 τὰς
3770 3295 3887 3361 περὶ

2318 3381 2465 3449 σφῶν
2509 3383 2689 3437 αὐτῶν
2735 3381 3125 3452 ὁμολογοῦντες
3154 3380 3321 3451 τιμὰς
3362 3384 3475 3444 τοῖς
3520 3381 3771 3453 ἱερᾶσθαι
3808 3383 3887 3434 ia-

2316 3471 2507 3542 χοῦσι,
2566 3474 2661 3526 καὶ
2709 3472 2785 3542 τῷ
2829 3473 2958 3543 θείῳ
3014 3470 3437 3543 προσεδρεύουσι
3484 3470 3887 3541 θυσιαστηρίῳ·

2314 3562 2431 3615 ἀλλ’
2460 3559 2599 3633 ἦσάν
2646 3579 2794 3627 τινες
2837 3562 3115 3633 ἐφιέμενοι
3166 3562 3265 3632 μὲν]
3306 3563 3406 3632 τῆς
3454 3562 3674 3617 τοιᾶσδε
3720 3563 3885 3631 δόξης.

2316 3653 2409 3706 τοῦ
2432 3654 2766 3723 ἡγιασμένοι
2792 3650 2950 3720 εἶναι,
2981 3654 3147 3724 φημἰ,
3170 3655 3264 3707 καὶ
3288 3655 3443 3725 ἱεροὶ,
3476 3654 3574 3707 καὶ
3600 3654 3746 3707 θεῖον
3772 3657 3889 3707 ἀνα-

2317 3744 2381 3815 θη
2393 3762 2468 3816 μα
2487 3761 2500 3776 ·
2536 3745 2728 3799 σπάνει
2754 3745 2810 3798 δέ
2836 3746 3134 3815 χρημάτων
3159 3746 3555 3809 ἀνακόπτοντες
3584 3746 3685 3817 τὴν
3711 3746 3887 3800 ἐπιθυ-

2319 3837 2466 3907 μίαν.
2501 3836 2926 3907 Προτρεπόντων
2955 3836 3012 3890 δὲ
3042 3837 3238 3900 αὐτοὺς
3260 3836 3351 3888 ἐπὶ
3374 3837 3435 3889 τὸ
3464 3838 3579 3890 δεῖν
3599 3834 3742 3891 εἶναι
3766 3839 3888 3909 πρὶς

2315 3927 2473 3980 τοῦτο
2503 3927 2609 3981 τῶν
2639 3928 2946 3999 Φαρισαίων
2976 3928 3071 3981 καὶ
3091 3928 3470 3998 Γραμματέων
3502 3931 3885 4001 (ἐρασιχρήμα-

2315 4034 2396 4070 τοι
2434 4010 2577 4073 οὗτοι
2605 4016 2784 4088 λίαν),
2829 4015 2927 4086 τὴν
2966 4018 3046 4080 εἰς
3089 4017 3285 4083 γονέας
3328 4016 3459 4069 αίδὼ
3504 4020 3884 4086 προετείνοντο,

2316 4108 2411 4161 καὶ
2443 4106 2795 4177 ἀληθεύοντες
2824 4105 3031 4174 ἔλεγον,
3063 4106 3215 4175 μόλις
3262 4104 3521 4158 δύνασθαι
3553 4106 3771 4169 ἐαυτοῖς
3795 4108 3885 4159 κά-

2317 4199 2514 4262 κείνοις
2536 4198 2603 4251 τὰ
2629 4196 2852 4269 ζωαρκῇ
2880 4198 3219 4267 πορίζεσθαι.
3246 4198 3308 4249 Οἱ
3330 4197 3384 4250 δὲ
3408 4197 3730 4251 ἀναπείθειν
3755 4198 3886 4251 ἐτόλ-

2320 4308 2434 4361 μων
2460 4290 2587 4361 παρ’
2619 4289 2770 4343 οὐδὲν
2800 4287 3047 4359 ἡγεῖσθαι
3078 4288 3142 4342 τὸ
3165 4288 3353 4359 χρῆμα
3376 4288 3465 4341 διὰ
3497 4289 3591 4341 τὸν
3619 4290 3771 4352 Θεὸν,
3794 4291 3885 4343 κᾶν

2316 4382 2590 4453 προσίοιεν
2631 4383 2679 4433 oi
2725 4380 3112 4451 γεγεννηκότες
3152 4380 3250 4449 τὴν
3306 4379 3511 4450 συνήθη
3561 4380 3695 4450 παρ’
3725 4381 3885 4434 αὐτῶν

646 4479 716 4532 ab
776 4477 857 4532 eis
912 4472 1278 4530 ministerium
1340 4471 1694 4540 postulantes,
1745 4469 2031 4525 dicendum
2094 4482 2210 4523 esse

2317 4472 2603 4543 ζητοῦντες
2650 4471 2988 4542 ἐπικουρίαν,
3032 4471 3226 4541 χρῆναι
3271 4471 3448 4538 λέγειν
3497 4471 3777 4526 ἐδίδασκον
3818 4474 3885 4542 τῷ

645 4568 914 4623 docebant
933 4566 1069 4636 patri
1098 4574 1192 4618 aut
1223 4564 1378 4617 matri
1409 4581 1421 4617 :
1457 4581 1475 4614 ι
1512 4561 1705 4616 Munus
1729 4570 1830 4624 est,
1857 4561 2214 4630 quodcunque

645 4678 712 4716 ex
766 4675 852 4715 me
885 4659 979 4713 tibi
1032 4655 1321 4727 profuerit,
1377 4673 1396 4707 ι
1434 4655 1485 4709 id
1519 4664 1621 4719 est,
1660 4653 2027 4722 Quodcunque
2065 4666 2092 4704 a
2126 4664 2211 4705 me

648 4749 943 4819 acceperis,
995 4760 1263 4819 cognosce
1318 4745 1495 4800 divino
1533 4744 1853 4814 derogatum
1907 4756 2032 4798 esse
2083 4758 2215 4795 ana-

647 4841 899 4907 themati,
927 4849 981 4896 et
1038 4840 1208 4895 sacris
1256 4838 1498 4910 pecuniis
1554 4852 1744 4891 manus
1792 4850 1912 4891 esse
1964 4833 2212 4904 injectas.

647 4918 971 4991 Consecravi
1010 4933 1152 4987 enim
1183 4942 1378 4986 memet
1424 4931 1551 4996 Deo,
1585 4937 1640 4982 et
1664 4938 1917 4996 tanquam
1949 4926 2092 4980 dono
2119 4926 2214 4980 ad-

648 5029 781 5082 dixi.
812 5026 1069 5081 Parentes
1094 5037 1222 5077 vero
1247 5036 1425 5076 rerum
1447 5034 1726 5075 sacrarum
1761 5018 2016 5071 damnum
2035 5017 2212 5082 veriti,

649 5119 965 5190 legibusque
985 5116 1049 5169 de
1077 5114 1161 5168 his
1191 5113 1314 5167 latis
1352 5109 1607 5180 perculsi,
1652 5124 1775 5162 cum
1833 5107 2091 5178 patientia
2116 5108 2219 5161 hoc

650 5207 1079 5279 concoquebant,
1129 5220 1194 5260 ac
1246 5203 1352 5273 52
1403 5203 1712 5272 religionem
1762 5200 1816 5253 in
1887 5198 2056 5253 Deum
2114 5198 2216 5253 sibi

651 5301 765 5355 ﬁeri
825 5299 985 5353 lamis
1029 5304 1353 5368 praetextum
1395 5290 1773 5363 patiebantur,
1800 5291 2219 5343 obmurmuran-

654 5402 732 5445 tes
760 5388 900 5443 forte
927 5389 1091 5443 etiam
1123 5387 1303 5442 divino
1339 5392 1604 5455 praecepto
1636 5381 1689 5435 in
1736 5394 1861 5436 suas
1901 5379 2217 5450 Opportunio

725 5544 802 5613 (ί)
830 5542 1033 5599 Catena
1061 5540 1303 5613 Crameri
1333 5556 1386 5613 ρ.
1416 5540 1515 5613 H_8
1540 5538 1689 5613 addit
1718 5556 1731 5592 :
1760 5538 2011 5613 Διδάσκει
2033 5540 2089 5594 δὲ
2122 5542 2217 5613 καὶ

650 5606 811 5670 τοῦτο
834 5630 851 5646 ·
893 5613 1038 5666 ὥστε
1076 5614 1132 5665 ἐν
1167 5606 1213 5681 ᾧ
1246 5606 1425 5684 χρεία,
1472 5609 1773 5684 ὀφείλομεν.
1800 5611 1867 5684 τα
1915 5611 2215 5684 κοινωφελῆ

654 5685 835 5738 λαλεῖν
877 5686 989 5747 τοῖς
1045 5680 1460 5752 ἐντσδγχᾶνουτιν
1486 5720 1500 5745 ,
1527 5681 1619 5733 καὶ
1651 5680 1788 5752 μετὰ
1813 5681 1910 5749 τὴν
1960 5680 2215 5752 τοιαύτην

653 5754 888 5822 διάλεξιν
937 5754 1031 5808 καὶ
1079 5749 1461 5817 διδασκαλίαν,
1491 5752 1581 5804 ἐπὶ
1623 5751 1722 5820 τὴν
1761 5749 2067 5820 προσευχὴν
2114 5768 2221 5820 χω-

2319 4563 2486 4634 πατρὶ
2520 4563 2549 4632 ἢ
2584 4564 2648 4633 τῇ
2675 4562 2862 4632 μητρὶ,
2888 4562 2968 4615 ὅτι
2995 4579 3013 4613 ι
3032 4561 3213 4631 Δῶρόν
3234 4562 3406 4625 ἐστιν,
3424 4562 3565 4633 ὅπερ
3594 4563 3660 4616 ἂν
3684 4564 3743 4629 ἐξ
3766 4562 3884 4634 ἐμοῦ

2318 4653 2624 4724 ὠφεληθῇς,
2657 4673 2676 4704 ι
2707 4653 3005 4714 τουτέστιν,
3030 4653 3208 4723 Ὅπερ
3230 4652 3294 4705 ἂν
3314 4653 3373 4718 ἐξ
3413 4652 3546 4722 ἐμοῦ
3577 4653 3786 4715 λάϐοις,
3816 4654 3886 4721 γί-

2320 4763 2494 4799 νωσκε
2519 4745 2580 4797 τὸ
2598 4745 2739 4797 Θεῖον
2762 4743 3170 4815 παραϐλάπτων
3201 4743 3478 4813 ἀνάθημα,
3506 4744 3603 4797 καὶ
3624 4746 3886 4816 χρήμασιν

2323 4839 2484 4908 ἱεροῖς
2512 4836 2609 4899 τὰς
2649 4838 2839 4906 χεῖρας
2881 4835 3101 4903 ἐπάγων
3124 4850 3139 4866 ο
3174 4833 3499 4888 ἀνατέθεικα
3528 4836 3641 4904 γὰρ
3665 4835 3886 4904 ἐμαυτὸν

2322 4931 2418 4983 καὶ
2460 4929 2534 4992 ὡς
2573 4928 2744 4999 δῶρον
2786 4929 3130 4998 ὲπήγγελμαι
3165 4925 3243 4995 τῷ
3280 4925 3419 4995 Θεῷ.
3450 4927 3512 4979 Oi
3542 4926 3599 4979 δέ
3628 4930 3805 4994 γονεῖς
3830 4926 3887 4978 τὰ

2323 5023 2386 5073 ἐκ
2416 5023 2512 5091 τῆς
2543 5020 2848 5091 ἱεροσυλίας
2878 5019 3110 5082 δεδιότες
3149 5018 3343 5089 βλάϐη,
3376 5019 3469 5071 καὶ
3501 5018 3631 5080 τοὺς
3654 5016 3748 5070 ἐπὶ
3771 5016 3884 5085 τῷδε

2322 5112 2519 5183 νόμους
2553 5111 2973 5183 διαπεφρικότες
2998 5109 3388 5180 διεκαρτέρουν
3429 5108 3780 5178 οἰμώζοντες,
3804 5109 3885 5159 καὶ

2321 5206 2421 5275 τὴν
2458 5206 2538 5267 είς
2582 5203 2714 5256 Θεὸν
2767 5202 3053 5256 εὐσέϐειαν
3096 5202 3373 5272 πρόφασιν
3422 5202 3605 5264 αὐτοῖς
3653 5199 3882 5269 γενέσθαι

2322 5294 2478 5366 λιμοῦ
2514 5293 2847 5359 διετείνοντο,
2886 5293 3365 5363 κατακεκραγότες
3392 5292 3535 5362 τάχα
3561 5310 3667 5345 που
3688 5292 3881 5360 καὶτῆς

2324 5382 2473 5447 θείας
2502 5383 2721 5455 ἐντολῆς
2747 5380 3039 5453 ἀδικούσης
3073 5381 3270 5441 αὐτοὺς
3305 5381 3386 5443 είς
3426 5379 3495 5432 τὰ
3543 5379 3878 5450 καιριιίιτατα.

2323 5542 2473 5679 Pagi.)
2499 5607 2700 5679 Εἰπὼν
2731 5639 2797 5652 --
2845 5605 3114 5679 ποιῆσαι.
3169 5604 3417 5679 Cramer.
3462 5619 3519 5674 p.
3551 5601 3676 5662 H8.
3720 5600 3874 5679 verba

2320 5667 2553 5762 busdam
2583 5678 2876 5749 δυνάμενος
2909 5667 3129 5745 ποιῆσαι
3167 5674 3440 5731 adduntur
3460 5667 3527 5730 ex
3566 5682 3753 5730 catena
3783 5667 3875 5724 Va-

2330 5762 2529 5805 ttcana.
