4094 6536
186 373 285 427 421

1342 356 1709 416 ἙΟΜΜΕΝΤ.
1752 355 1816 410 IN
1859 353 2212 409 MATTlIAiU
2225 352 2293 407 Μ.

3342 340 3447 396 ιω

194 511 209 542 ι
247 490 345 545 Διὰ
391 489 448 543 τί
482 489 686 553 τοίνυν,
719 486 906 558 φησιν,
940 482 1257 557 ὴκυρώσατε
1288 482 1385 552 τὴν
1421 479 1642 549 ἐντολὴν
1674 475 1768 531 τοῦ

1900 485 2013 531 ates
2073 472 2304 542 injurio:
2340 489 2358 522 ι
2400 468 2529 533 Cur,
2562 467 2726 536 igitur
2785 465 2895 528 ait,
2952 460 3167 515 irritum
3224 442 3448 512 Ileclstiu

188 582 347 647 Θεοῦ,
379 581 468 635 διὰ
489 579 588 650 τὴν
615 578 912 650 παράδοσιν
945 575 1138 646 ύμῶν;
1171 592 1190 626 ι
1213 572 1358 626 Ἔδει
1385 571 1514 642 γὰρ,
1550 570 1655 624 ἔδει
1688 585 1770 621 τιη

193 675 303 744 μᾷν
331 672 460 735 τοὺς
492 670 795 739 φύσαντας,
825 668 884 720 οὐ
915 669 1016 738 τῆς
1047 666 1125 729 εἰς
1145 663 1277 717 Θεὸν
1306 660 1586 724 εὐσεϐείας
1610 659 1775 712 ἕνεκα

189 766 283 819 τὸν
306 764 392 817 ἐπ’
418 764 603 825 αὐτοῖς
631 760 920 815 καταλύειν
949 759 1132 829 νόμον.
1164 754 1374 810 Οὐκοῦν
1403 750 1527 806 οὔτε
1557 750 1665 804 τῶν
1697 748 1775 819 τῷ

190 856 312 927 Θεῷ
344 854 663 928 πρεπόντων
692 849 993 921 ἀμελητέον
1038 846 1127 901 διὰ
1169 845 1238 899 τὰ
1281 843 1617 915 ἀνθρώπινα,
1652 838 1774 893 οὔτε

196 949 304 1021 μὴν
330 947 563 1001 είσάπαν
591 945 701 998 τῶν
729 940 1030 1013 ἀνθρώπων
1063 937 1152 992 διὰ
1173 937 1263 991 τὸν
1294 936 1430 989 Θεὸν
1462 933 1775 1003 καταμελη-

190 1041 345 1095 τέον·
374 1034 746 1107 ἀπονέμοντας
776 1035 834 1088 δὲ
866 1033 1066 1103 μᾶλλον
1095 1030 1157 1083 τὸ
1184 1030 1283 1100 τῆς
1312 1027 1530 1098 ἀγάπης
1565 1025 1778 1094 ἐξαίρε-

193 1148 290 1185 τον
308 1132 375 1201 τῇ
396 1130 615 1183 πάντων
644 1127 810 1197 ἀρχῇ,
828 1122 1077 1177 τουτέστι
1102 1119 1241 1189 Θεῷ,
1270 1118 1520 1188 καθάπερ
1546 1118 1603 1169 ὲν
1627 1114 1780 1181 τάξει

194 1222 429 1293 δευτέρᾳ
449 1220 545 1274 καὶ
565 1218 766 1288 γείτονι
797 1210 1197 1286 παρακομίζειν
1223 1207 1407 1275 εὐθὺς,
1433 1206 1528 1261 καὶ
1552 1206 1633 1268 είς
1656 1205 1782 1267 τοὺς

195 1314 300 1385 τῆς
327 1311 596 1381 γενέσεως
619 1306 924 1377 ὑπουργοὺς
947 1303 1045 1369 τὰς
1073 1302 1257 1365 αὐτοῖς
1279 1301 1360 1353 ότι
1389 1298 1623 1369 μάλιστα
1651 1312 1782 1366 πρεο

198 1392 412 1463 παύσας
430 1401 616 1471 τιμάς.

281 1493 459 1547 Οὔπω
492 1490 705 1544 νοεῖτε.

277 1582 417 1647 Τοὺς
453 1579 701 1653 μαθητὰς
731 1577 861 1648 γοῦν
893 1576 1185 1638 ἀσυνέτους
1216 1576 1243 1628 ό
1273 1572 1478 1644 Κύριός
1500 1588 1635 1642 φησι
1659 1568 1786 1640 περὶ

200 1673 269 1728 τδ
301 1673 460 1743 σῶμα
487 1671 904 1742 στρεφομένους,
937 1667 1124 1738 ῶσπερ
1150 1667 1198 1720 oi
1226 1666 1532 1737 Φαρισαῖοι,
1559 1661 1654 1716 καὶ
1686 1677 1789 1732 μη-

1874 572 2200 634 prteceptnm
2259 560 2378 627 Dei,
2427 570 2649 629 propter
2698 552 3045 609 traditionem
3113 549 3385 604 vestram?
3425 566 3445 599 ι

1878 656 2175 725 Oportebat
2204 652 2372 716 enim,
2409 648 2696 720 Oportebat
2733 647 3004 700 honorare
3045 649 3317 711 parentes,
3348 654 3451 693 non

1878 757 2102 817 propter
2137 743 2451 814 religionem
2478 740 2532 795 in
2571 740 2735 793 Deum
2762 736 2933 805 legem
2969 735 3036 787 de
3063 731 3195 801 ipsis
3221 729 3453 784 solvere.

1879 840 1997 894 Non
2039 838 2222 907 igitur,
2277 849 2396 906 quae
2450 833 2561 887 Deo
2593 829 2922 885 conveniunt
2955 835 3177 895 propter
3217 824 3457 877 humana

1880 929 2195 1001 negligenda
2256 935 2419 989 sunt,
2455 937 2631 993 neque
2676 921 2901 975 omnino
2952 917 3202 972 homines
3241 922 3460 984 prepter

1881 1024 2048 1077 Deum
2095 1016 2425 1087 despiciendi
2469 1034 2481 1070 :
2524 1013 2896 1069 distribuentis
2950 1023 3080 1063 vem
3145 1007 3323 1077 potius
3376 1016 3461 1061 est

1884 1112 2124 1168 charitas
2144 1108 2341 1165 eximia
2362 1109 2412 1161 itt
2430 1105 2669 1159 omnium
2695 1101 3041 1173 principium,
3060 1098 3110 1152 id
3132 1105 3235 1162 est,
3265 1096 3458 1159 Deum,

1885 1204 2026 1259 sicut
2057 1212 2111 1258 et
2140 1200 2380 1256 secundo
2421 1198 2613 1252 ordine
2646 1196 2700 1249 in
2752 1194 3058 1264 proximum
3103 1190 3288 1243 statim
3341 1202 3460 1241 eam

1883 1292 2152 1357 conferre,
2185 1302 2237 1346 et
2271 1290 2354 1344 vel
2384 1289 2619 1343 maxime
2657 1287 2711 1340 in
2745 1287 2868 1339 vita:
2899 1293 3158 1338 auctores
3187 1294 3460 1349 congruos

1885 1387 1965 1441 eis
1996 1385 2249 1440 honores.
3280 1382 3285 1385 '

1961 1477 2068 1547 53
2095 1473 2214 1538 XV,
2246 1474 2331 1528 l7.
2362 1470 2608 1527 Nondum
2648 1469 2960 1538 intelligitis.

1965 1567 2270 1636 Discipulos
2330 1566 2498 1637 igitur
2557 1564 2676 1619 sine
2738 1561 3013 1617 intellectu
3076 1557 3335 1613 Dominus
3390 1555 3463 1608 ait

1891 1660 2038 1716 circa
2062 1667 2258 1727 corpus
2286 1664 2577 1725 occupatos
2597 1691 2616 1719 ,
2649 1654 2791 1708 sicut
2826 1647 3198 1713 Phariszei,'ac
3232 1645 3465 1702 nondum

204 1764 358 1818 δέπω
384 1734 758 1823 διαβαίνοντας
792 1759 885 1812 Eni.
918 1757 1008 1811 τὸν
1042 1734 1149 1809 ἔσω
1182 1734 1485 1828 ἄνθρωπον.
1513 1752 1787 1826 Βρὼματα

1900 1743 1961 1806 ad
2004 1749 2319 1804 interiorem
2378 1745 2652 1800 hominem
2711 1741 3090 1797 ascendentes.
3117 1738 3234 1793 Cibi
3278 1734 3467 1806 igitur,

205 1853 328 1921 οὖν,
380 1854 535 1924 φησὶ,
579 1820 829 1922 σώματος
864 1850 976 1922 ἔχει
1025 1820 1326 1919 πλήρωσιν,
1362 1820 1586 1918 καρδίας
1616 1820 1670 1896 δε
1696 1844 1793 1913 οὐχ

1900 1842 2000 1908 ait,
2028 1854 2225 1908 corpus
2258 1836 2505 1907 implent,
2535 1849 2629 1890 cor
2679 1848 2808 1887 vero
2849 1847 2953 1886 non
2991 1830 3281 1896 attingunt.
3318 1823 3468 1892 Quod

208 1946 469 2001 ἅπτεται.
507 1943 580 1997 Τὸ
609 1934 665 1996 δὲ
692 1935 920 2012 καρδίας
957 1938 1031 2010 μὴ
1063 1938 1457 2007 ἐφαπτόμενον,
1479 1934 1537 1987 ού
1570 1933 1793 1987 δύναται

209 2036 477 2092 κοινῶσαι
501 2032 595 2088 τὸν
624 2032 909 2105 ἄνθρωπον
936 2030 1026 2084 τὸν
1060 2026 1333 2100 ἀληθινὸν,
1363 2027 1396 2097 ἣ
1433 2026 1506 2096 μὴ
1556 2022 1794 2095 καθαρὸν

208 2126 658 2201 ἀπεργάσασθαι.

288 2219 609 2288 Γενηθήτω
634 2231 733 2271 σοι
767 2208 845 2280 ὧς
884 2216 1101 2280 θέλεις.

288 2303 474 2365 Εἰπὼν
505 2308 580 2379 (l)
609 2308 685 2373 δὲ,
719 2326 737 2359 ι
776 2305 1085 2376 Γενηθήτω,
1112 2301 1447 2375 »βασιλικῶς
1478 2298 1794 2370 ἐφθέγξατοο

216 2406 282 2460 οὐ
318 2404 388 2458 δι’
420 2401 587 2472 εὐχῆς
607 2400 670 2453 τὸ
687 2400 873 2470 ὅραμα
897 2397 1121 2461 ἀνύσας,
1151 2396 1286 2449 ἀλλὰ
1314 2394 1402 2448 διὰ
1428 2392 1529 2464 τῆς
1569 2391 1797 2463 θεοπρε-

216 2495 358 2559 ποῦς
393 2492 638 2560 ἐξουσίας
663 2489 761 2563 (2).
811 2489 1093 2560 Ῥηθέντος
1128 2486 1223 2541 τοῦ
1250 2486 1433 2554 λόγου,
1459 2484 1519 2537 τὸ
1546 2483 1707 2555 ἔργον
1738 2482 1797 2534 οὐ

219 2587 462 2661 χρονίζει
484 2604 499 2619 ο
533 2584 665 2648 Θεὸς
695 2585 803 2657 γὰρ
835 2584 864 2635 ό
892 2582 1090 2649 λέγων,
1122 2580 1217 2633 καὶ
1247 2573 1309 2631 τὸ
1343 2578 1495 2649 ῥῆμα
1518 2575 1797 2646 ἐνεργοῦν,

221 2682 318 2736 καὶ
339 2682 374 2751 ἡ
400 2679 631 2748 δύναμις
658 2673 958 2745 πανταχοῦ.

298 2773 484 2828 Ὥστε
505 2770 647 2836 τοὺς
680 2770 904 2839 ὄχλους
937 2765 1259 2834 θαυμάσαι.

296 2863 465 2918 Οὔπω
509 2862 570 2915 τὸ
617 2859 710 2914 τοῦ
738 2859 943 2929 Κυρίου
975 2854 1288 2926 κατέμαθον
1317 2852 1534 2923 ἀξίωμα
1563 2852 1643 2905 ὅτι
1671 2850 1802 2913 Θεός

224 2956 402 3010 ἔστιν’
433 2952 547 3007 ἀλλ’
581 2950 865 3022 ἄνθρωπον
891 2946 1141 3018 ἐνόμιζον
1179 2944 1341 3000 αὐτὸν
1383 2943 1559 3013 ψιλόν.
1592 2938 1684 2995 Ae
1708 2942 1804 2996 καὶ

224 3046 306 3119 τῷ
337 3044 458 3115 Θεῷ
494 3041 710 3114 Ἰσραὴλ
736 3041 834 3111 τὴν
861 3040 1019 3107 δόξαν
1052 3037 1401 3105 ἀπέπεμπον.

305 3231 371 3283 οι
420 3227 489 3281 δὲ
534 3224 843 3291 ἐσθίοντες
888 3220 1051 3293 ἦσαν
1082 3217 1541 3287 τετρακισχίλιοι
1568 3214 1803 3282 ἄνδρες,

228 3319 414 3389 χωρὶς
442 3316 743 3387 γυναικῶν
773 3315 872 3369 καὶ
900 3313 1167 3367 παιδίων.

317 3408 414 3461 Ἐκ
440 3407 651 3461 πολλῶν
679 3408 753 3477 (5)
776 3405 1047 3458 δείκνυσιν
1080 3400 1161 3456 ὅτι
1192 3401 1323 3463 Θεός
1352 3401 1486 3453 ἐστι.
1525 3398 1635 3451 Καὶ
1661 3395 1810 3449 οὐδὲν

230 3494 395 3570 ἦττον
431 3499 495 3552 ἐκ
522 3496 616 3551 τοῦ
646 3497 865 3567 τρέφειν
893 3498 951 3549 ὲν
980 3494 1172 3563 ἐρήμῳ
1198 3491 1289 3545 τὸν
1317 3489 1492 3560 ὄχλον.
1515 3486 1683 3541 Τοῦτο
1703 3485 1812 3556 γὰρ

232 3589 589 3661 παρίστησιν,
613 3585 776 3639 οἱονεί
807 3602 924 3647 πως
966 3584 1115 3638 ἄκων
1154 3581 1243 3635 διὰ
1286 3579 1383 3651 τὴν
1422 3579 1687 3647 ἀνάγκην,
1717 3575 1814 3628 καὶ

231 3682 297 3734 τὸ
345 3683 445 3751 τῆς
485 3679 694 3752 τροφῆς
725 3678 1083 3749 δυσπόριστον
1137 3674 1308 3727 ποιῶν
1356 3671 1416 3724 τὸ
1473 3669 1581 3722 τῶν
1633 3668 1813 3737 ἄρτων

235 3775 463 3845 σημεῖον
490 3790 503 3802 ’
534 3774 670 3842 ὅπερ
700 3771 801 3824 οὐκ
834 3771 899 3823 ἂν
936 3768 1193 3836 ἐποίησεν
1229 3767 1286 3817 ὲν
1325 3760 1497 3825 πόλει,
1529 3763 1663 3814 ὅπου
1707 3756 1815 3811 τῶν

235 3864 415 3919 ὠνίων
443 3865 478 3935 ἡ
507 3862 758 3933 ἀφθονία.
790 3860 936 3930 Πλὴν
975 3857 1270 3928 δυνάμενος
1303 3855 1447 3925 λόγῳ
1478 3850 1817 3924 κραταιῶσαι

235 3958 364 4020 τοὺς
398 3956 607 4027 δχλους,
634 3953 794 4007 τοῦτο
840 3952 902 4005 ού
955 3952 1117 4014 ποιεῖ,
1146 3948 1233 4002 διὰ
1279 3947 1341 4000 τὸ
1386 3943 1591 4016 ἀφανές
1615 3960 1628 3975 ·
1663 3943 1726 3996 τὸ
1762 3940 1820 3994 δὲ

238 4046 350 4100 τῶν
378 4047 557 4115 ἄρτων
578 4042 654 4107 ὼς
677 4041 922 4114 ἐναργῶς
947 4037 1207 4094 δεικνύων
1226 4039 1330 4110 τὴν
1350 4036 1515 4091 αὐτοῦ
1544 4034 1821 4106 θεοπρεπῆ

239 4135 403 4201 δόξαν
427 4134 671 4205 ἐποίησε.

326 4304 694 4374 Ἀποκριθεὶς
733 4303 802 4357 δὲ
840 4303 1036 4373 Σίμων
1085 4302 1328 4369 ιιέτρος,
1371 4296 1531 4354 εἴπεο
1572 4298 1655 4352 Σὺ
1694 4293 1749 4351 εἶ
1791 4299 1823 4350 ὸ

240 4396 500 4465 Χριστὸς
531 4397 564 4449 ὀ
612 4394 746 4459 Υἱὸς
775 4393 882 4448 τοῦ
914 4392 1062 4447 Θεοῦ
1099 4392 1204 4446 τοῦ
1234 4390 1467 4457 ζῶντος.

1898 1942 2079 1985 autem
2134 1944 2229 1984 cor
2273 1943 2379 1982 non
2414 1925 2652 1993 attingit,
2679 1939 2785 1978 non
2838 1930 3017 1993 potest
3062 1917 3473 1975 communicare

1897 2033 2087 2077 verum
2120 2020 2417 2087 hominem,
2449 2026 2543 2071 aut
2590 2032 2694 2070 non
2729 2014 2989 2069 mundum
3025 2011 3260 2067 eﬂicere.

1967 2195 2084 2264 XV,
2116 2198 2209 2253 28.
2255 2192 2378 2251 Fiat
2408 2197 2503 2250 tibi
2539 2196 2672 2251 sicut
2709 2194 2802 2249 vis.

1974 2291 2110 2347 Cutn
2145 2291 2300 2356 dicit,
2334 2310 2353 2341 ι
2384 2282 2528 2354 Fiat,
2559 2307 2578 2340 ι
2608 2288 2754 2356 regie
2782 2285 3043 2356 loquitur,
3069 2297 3173 2338 non
3203 2282 3472 2353 precibus,

1902 2386 1997 2440 sed
2022 2383 2350 2437 auctoritate
2377 2381 2557 2436 divina
2586 2378 2904 2434 miraculum
2938 2375 3243 2448 perliciens.
3266 2374 3477 2430 Emissa

1900 2484 2055 2539 voce,
2119 2474 2300 2529 statim
2352 2488 2489 2543 opus
2539 2473 2789 2542 sequitur
2827 2487 2841 2525 :
2875 2468 3017 2525 Dens
3060 2478 3146 2523 est
3193 2467 3337 2523 enim
3386 2466 3479 2537 qui

1904 2567 2163 2637 loquitur,
2227 2564 2564 2633 verbumqne
2613 2561 2828 2627 eiiicax,
2880 2570 2935 2616 et
2982 2560 3221 2633 potentia
3279 2559 3479 2629 ubique

1902 2673 2159 2731 praesens.

1977 2741 2091 2814 XV,
2120 2746 2209 2803 51.
2232 2746 2314 2800 Ita
2350 2755 2405 2799 ut
2429 2745 2596 2800 turba:
2616 2744 2953 2798 mirarentur.

1998 2838 2246 2893 Nondum
2298 2837 2509 2892 Domini
2579 2837 2893 2907 dignitatem
2952 2843 3257 2900 noverant;
3313 2832 3480 2888 Deum

1903 2945 2024 2986 esse
2058 2930 2234 2999 ipsum
2270 2930 2493 2985 minime
2541 2929 2719 2983 adhuc
2764 2927 3031 2997 persuasi,
3074 2928 3168 2983 sed
3214 2926 3485 2982 hominen.

1906 3036 2099 3092 purum
2124 3036 2188 3075 ac
2205 3020 2505 3090 simplicem
2537 3018 2880 3087 reputabant.
2902 3016 3196 3086 Propterea
3223 3016 3290 3071 ad
3317 3016 3481 3070 Deur‘

1829 3135 1874 3191 ρ
1904 3110 2069 3167 Israel
2101 3109 2327 3177 gloriam
2379 3106 2705 3162 referebant.

1979 3194 2088 3270 54
2113 3195 2228 3260 XV,
2255 3198 2344 3255 58,
2369 3195 2536 3250 Erant
2571 3196 2872 3265 nulem,qui
2898 3196 3487 3264 ntandncaverunlqua-

1909 3299 2029 3343 tuor
2060 3289 2227 3341 millia
2253 3287 2521 3341 hominum
2556 3296 2705 3339 extra
2736 3286 2981 3354 paruulos
2999 3296 3047 3339 et
3079 3284 3322 3339 mulieres

1980 3379 2025 3434 E
2061 3378 2245 3433 multis
2284 3376 2521 3432 ostendit
2575 3376 2743 3430 Deum
2791 3390 2851 3431 se
2896 3390 3038 3440 esse,
3083 3377 3384 3444 praesertim
3422 3390 3487 3430 ex

1911 3490 1976 3529 eo
1996 3473 2140 3543 quod
2170 3471 2383 3525 turbam
2417 3477 2665 3539 pasceret
2706 3469 2758 3522 in
2785 3471 3019 3523 deserto.
3051 3467 3164 3524 Hoc
3184 3468 3326 3523 enim
3364 3483 3488 3537 pro.

1914 3565 2085 3635 ponit,
2118 3562 2273 3632 quasi
2302 3559 2700 3631 quodammodo
2742 3560 2963 3625 invitus,
2997 3569 3217 3629 propter
3250 3561 3489 3614 necessi-

1915 3664 2079 3708 tatem
2101 3662 2155 3708 et
2179 3653 2425 3707 alimenti
2469 3651 2749 3721 penuriam
2782 3667 2847 3705 ac
2884 3651 3251 3707 difﬁcultatem
3294 3667 3491 3721 panum

1918 3743 2239 3798 miraculum
2274 3743 2499 3797 ederet:
2528 3741 2670 3810 quod
2713 3741 2765 3794 in
2803 3742 3025 3796 civitate
3070 3758 3174 3796 non
3225 3743 3368 3806 fecit,
3404 3743 3493 3796 ubi

1918 3833 2186 3887 venalium
2239 3847 2422 3885 rerum
2454 3834 2630 3899 copia.
2670 3824 2802 3885 Cum
2831 3839 3009 3885 tamen
3043 3834 3204 3886 verbo
3243 3834 3496 3888 corrobo-

1919 3939 2043 3981 rare
2078 3932 2263 3993 posset
2315 3923 2522 3987 turbas,
2555 3923 2609 3977 id
2648 3937 2756 3976 non
2795 3922 2943 3988 facit,
2982 3924 3106 3993 quia
3145 3924 3194 3977 id
3236 3924 3495 3979 observa-

1922 4027 2034 4070 tum
2069 4031 2176 4070 non
2226 4024 2406 4070 esset:
2438 4012 2569 4067 illud
2604 4028 2734 4068 vero
2770 4014 2836 4067 de
2875 4014 3105 4083 panibus
3146 4024 3396 4085 tanquam
3431 4018 3497 4069 ad

1920 4107 2135 4163 oculum
2169 4106 2483 4172 ostendens,
2514 4103 2627 4159 Deo
2664 4104 3077 4173 convenientem
3118 4104 3184 4159 de
3220 4120 3280 4160 se
3317 4106 3499 4161 conci-

1922 4202 2063 4254 tavit
2090 4200 2422 4270 opinionem.

1995 4292 2137 4355 XVI,
2174 4290 2261 4344 16.
2302 4288 2639 4358 Respondens
2673 4296 2847 4341 autem
2877 4285 3058 4341 Simon
3087 4285 3273 4342 Petrus
3321 4288 3455 4342 dixit
3482 4306 3500 4343 :

1928 4384 2007 4439 Tu
2027 4401 2079 4438 es
2106 4382 2348 4438 Christus
2382 4378 2555 4433 Filius
2588 4378 2684 4433 Dei
2707 4381 2828 4434 vivi.

313 4486 430 4541 Οὐκ
456 4481 608 4539 εἶπεν
645 4487 674 4539 ό
707 4485 912 4556 Πέτρος
936 4500 949 4513 ο
1004 4483 1077 4536 Σὺ
1116 4478 1168 4536 εἶ
1198 4482 1452 4552 Χριστὸς,
1494 4480 1527 4552 ἢ
1573 4481 1698 4544 Υἱὸς
1730 4499 1796 4533 τοι

1900 4504 1901 4519 ι
2003 4476 2116 4531 Non
2145 4475 2282 4528 dixit
2313 4472 2525 4535 Petrus,
2562 4465 2643 4525 Tu
2669 4486 2728 4525 cs
2767 4471 3013 4526 Christus
3046 4469 3129 4527 vel
3171 4469 3342 4527 Filius
3384 4471 3502 4537 Dei,

241 4577 381 4631 Θεοῦ
401 4592 415 4605 ·
448 4575 614 4631 ἀλλά·
655 4576 708 4629 '0
738 4574 991 4643 Χριστὸς
1010 4614 1025 4639 ,
1066 4573 1098 4627 ὁ
1132 4573 1264 4637 Υἱὸς
1298 4572 1404 4626 τοῦ
1432 4571 1601 4627 Θεοῦ.
1627 4571 1796 4624 Πολλο

1930 4568 2021 4622 sed
2043 4566 2303 4630 Christus,
2324 4562 2498 4617 Filius
2520 4562 2618 4616 Dei
2642 4579 2660 4617 :
2686 4563 2837 4618 multi
2866 4564 3128 4633 siquidem
3166 4563 3352 4618 christi
3382 4575 3507 4618 sunt

246 4670 349 4740 μὲν
376 4670 485 4739 γὰρ
512 4669 724 4739 χριστοὶ
758 4666 901 4721 κατὰ
926 4668 1086 4737 χάριν
1110 4706 1124 4730 ,
1160 4665 1253 4718 καὶ
1297 4663 1569 4727 υἱοθεσίας
1602 4663 1796 4729 ἁξίωμι

1932 4657 2101 4728 gratia
2134 4655 2225 4725 qui
2260 4663 2313 4709 ct
2340 4654 2658 4723 dignitatem
2690 4655 2995 4725 adeptionis
3036 4654 3267 4709 ﬁliorum
3317 4667 3509 4709 conse-

243 4760 484 4831 ἔχοντες,
520 4759 657 4813 ἀλλὰ
688 4759 847 4829 μόνος
892 4752 1022 4821 εἷςό
1048 4757 1207 4825 φύσει
1241 4758 1365 4820 Υἱὸς
1394 4756 1488 4810 τοῦ
1527 4756 1685 4810 Θεοῦ.
1734 4758 1795 4808 Δι

1934 4750 2063 4811 cuti,
2126 4748 2219 4799 sed
2280 4754 2488 4798 tantum
2553 4760 2692 4798 unus
2748 4754 2936 4798 natura
2994 4744 3085 4799 Dei
3140 4743 3511 4801 Filius:idco

247 4850 394 4922 μετὰ
406 4850 609 4923 ἄρθρου
630 4849 755 4920 ἔφη’
783 4868 801 4900 ι
825 4849 883 4902 'O
899 4848 1130 4920 Χριστὸς
1144 4850 1172 4901 ό
1188 4847 1314 4911 Υίδς
1325 4846 1417 4900 τοῦ
1431 4846 1585 4900 Θεοῦ.
1608 4865 1625 4896 ι
1646 4844 1796 4898 Εἰπὼ

1936 4854 2055 4891 cum
2080 4836 2309 4891 articulo
2349 4836 2488 4890 dixit
2524 4854 2537 4890 :
2576 4833 2676 4891 Hic
2721 4836 2988 4900 Christus,
3017 4836 3106 4891 hic
3168 4835 3338 4891 Filius
3392 4836 3507 4893 Dei.

243 4944 306 4996 δὶ
330 4942 497 4999 αὑτὸν
522 4941 651 4995 Υίδν
686 4939 778 4994 τοῦ
805 4940 944 4993 Θεοῦ
979 4938 1073 4994 τοῦ
1100 4939 1320 5005 ζῶντος,
1335 4939 1603 4993 δείκνυσιν
1626 4939 1707 4991 ὅτι
1732 4939 1796 4992 αὖ

1942 4930 2174 4985 Dicenda
2208 4937 2389 4982 autem
2448 4928 2623 4998 ipsum
2664 4942 2787 4983 esse
2817 4926 3010 4982 Filium
3042 4927 3133 4983 Dei
3171 4927 3301 4996 vivi,
3329 4935 3512 4983 osten-

242 5034 342 5099 τὸς
373 5033 487 5104 ζωὴ
533 5028 624 5105 ἦν,
659 5034 752 5087 καὶ
798 5031 1027 5096 θάνατος
1070 5031 1235 5086 αὑτοῦ
1285 5032 1346 5085 ού
1401 5030 1667 5103 κυριεύει.
1709 5028 1796 5084 Κᾶ

1938 5021 2017 5075 dit
2059 5020 2232 5090 ipsum
2259 5018 2425 5073 vitam
2450 5032 2592 5085 esse,
2637 5018 3065 5089 tnortetnqneilli
3085 5034 3189 5075 non
3221 5020 3509 5073 dominari.

246 5128 361 5199 γὰρ
388 5126 522 5197 πρὸς
546 5104 729 5194 όλίγον
757 5127 792 5197 ἡ
823 5126 960 5197 σὰρξ
987 5123 1286 5197 ἠσθένησεν
1320 5122 1699 5188 ἀποθανοῦσα,
1719 5123 1796 5177 ἀλ]

1941 5107 2093 5165 Licet
2120 5109 2264 5163 enim
2300 5108 2371 5161 ad
2396 5109 2651 5176 exiguum
2698 5114 2911 5174 tempus
2956 5122 3083 5161 caro
3111 5117 3322 5161 mortua
3352 5104 3513 5158 fuerit

246 5196 476 5285 ἀνέστή,
516 5214 591 5286 μὴ
622 5196 920 5284 δυναμένου
942 5196 1038 5267 τοῦ
1073 5215 1130 5267 ὲν
1164 5214 1301 5285 αὐτῇ
1333 5213 1505 5282 Λόγου
1530 5211 1635 5264 ὑπὸ
1665 5211 1796 5279 δεσμ

1943 5201 2236 5268 inﬁrmata,
2284 5199 2380 5254 sed
2412 5200 2738 5261 resurrexit,
2774 5196 2951 5253 Verbo
2980 5199 3122 5267 quod
3172 5198 3222 5251 in
3276 5211 3338 5252 ea
3395 5206 3512 5249 erat

248 5308 487 5362 θανάτου
516 5308 855 5379 κρατεῖσθαι.

1944 5293 2169 5349 minime
2193 5290 2403 5345 valente
2431 5291 2620 5344 mortis
2644 5293 2903 5360 compede
2944 5290 3191 5343 detineri.

326 5399 437 5454 Kal
462 5378 650 5452 πύλαι
676 5397 826 5465 ᾅδου
855 5399 929 5454 οὺ
957 5398 1448 5468 κατισχύσουσιν
1480 5397 1691 5468 αὐτῆς.

1996 5382 2138 5449 XVI,
2166 5383 2251 5438 l8.
2281 5378 2354 5436 Et
2387 5394 2553 5439 parte
2585 5381 2741 5451 inferi
2772 5397 2876 5437 non
2896 5380 3241 5451 praevalebunt
3265 5383 3514 5433 adversus

1931 5490 2068 5530 eam.

2017 5630 2095 5700 (ὅ)
2127 5629 2237 5684 Hoc
2267 5626 2627 5700 fragmentum
2655 5628 2943 5683 Cramerus
2970 5626 3215 5700 edidit_p.
3257 5625 3388 5700 _12_7.
3417 5626 3516 5700 sed

1944 5694 2256 5767 corruptum
2288 5694 2644 5765 et'mutilum,
2683 5714 2804 5752 cum
2835 5707 3010 5755 tamen
3037 5710 3103 5751 ex
3127 5695 3385 5751 Corderio
3416 5694 3513 5750 ba-

1946 5772 2096 5828 beret
2127 5769 2267 5824 unde
2296 5777 2535 5824 sana-ret.

330 5643 375 5699 (l
444 5636 644 5691 Εἴπὼν
667 5668 737 5679 -
770 5625 1104 5705 πανταχοῦ.
1137 5634 1383 5690 Cramer.
1456 5678 1468 5689 .
1502 5634 1626 5689 125.

330 5640 410 5777 (2;
463 5707 760 5777 ﬂuensque.
807 5706 1169 5777 fragmentum
1206 5704 1373 5776 apud
1400 5651 1624 5762 gorderi

254 5704 408 5833 5
463 5707 760 5779 ﬂuensque.
807 5704 1169 5777 fragmentum
1206 5704 1719 5776 apudCorderium
1781 5718 1833 5772 ρ.
