4094 6516
192 439 287 495 415

1328 435 1684 494 COMMENT.
1727 435 1791 491 IN
1831 433 2269 491 MATTHEUM.

3309 450 3414 505 426

194 574 268 612 σει
313 549 863 624 συμπαρελήφθησαν,
903 554 967 623 ἢν
1001 552 1157 607 καλεῖ
1198 552 1495 623 βασιλείαν,
1526 554 1601 618 ὡς
1647 555 1737 608 ὲκ-

1846 568 2061 624 regnum
2103 563 2259 610 vocat
2283 562 2538 623 tanquam
2569 553 2894 612 iudicantem
2944 559 3269 619 ineﬂabilem
3318 583 3413 635 po-

194 648 419 718 φήνασαν
456 642 553 712 τῆς
599 642 851 708 ἔξουσίας
888 642 952 697 τδ
986 644 1214 713 ἄφατον,
1243 643 1460 714 καὶτῆς
1488 646 1625 716 πρὸς
1653 645 1745 700 τὸν

1846 653 2119 709 testatem,
2158 654 2212 702 et
2241 644 2533 716 genuinum
2562 660 2684 701 eum
2716 662 2838 703 esse
2863 648 3042 707 Patris
3075 649 3294 709 Filium.
3353 658 3412 712 In

194 736 395 809 Πατέρα
424 734 774 805 γνησιότητος
801 735 1440 807 τδαπαράλλακτονΩΕν
1481 737 1617 807 αὐτῇ
1662 736 1740 800 δὲ,

1843 735 1957 805 ipsa
1996 751 2123 792 vero
2150 752 2365 807 quoque
2392 739 2639 793 secundae
2667 742 2966 810 praesentia:
2992 743 3331 815 dignitatem,
3357 759 3417 803 et

192 830 276 884 καὶ
324 827 421 899 τῆς
469 825 729 897 δευτέρας
774 828 1077 900 παρουσίας
1126 829 1190 881 τὸ
1236 827 1473 900 ἀξίωμα,
1528 830 1623 883 καὶ
1680 829 1744 882 τὸ

1846 826 2081 883 terribile
2107 826 2466 883 subindicavit
2496 828 2706 885 initium
2752 830 2919 899 illius,
2942 848 3007 890 ac
3036 836 3192 905 quasi
3216 841 3413 893 contir-

192 917 401 993 φρικτὸν
429 916 743 988 ὑπεδήλωσε
778 920 1090 990 προοίμιον,
1132 919 1338 993 ταύτην
1378 920 1617 991 ἐκείνης,
1648 922 1743 975 καὶ

1846 917 2133 975 mationem
2184 919 2454 988 ostendit;
2484 921 2667 978 veniet
2705 923 2848 981 enim
2898 926 2950 980 in
2999 925 3169 995 gloria
3222 928 3317 983 Dei
3360 940 3414 984 ot

188 1008 286 1067 οἷον
312 1007 594 1080 βεϐαίωσιν
623 1008 1028 1081 ἐνδειξάμενος·
1067 1010 1188 1082 ἥξει
1221 1011 1330 1083 γὰρ
1372 1012 1433 1066 ἐν
1475 1012 1604 1085 δόξῃ
1646 1012 1742 1066 τοῦ

1846 1007 2039 1078 Patris,
2066 1026 2172 1067 non
2198 1012 2253 1068 in
2277 1022 2461 1071 nostra
2488 1017 2776 1072 tenuitate.

188 1100 310 1157 Θεοῦ
351 1101 443 1154 καὶ
490 1099 743 1170 Πατρὸς,
782 1102 883 1156 οὐκ
933 1102 993 1156 έν
1048 1104 1454 1176 μικροπρεπείᾳ
1496 1107 1561 1175 τῇ
1608 1105 1744 1159 καθ’

188 1193 336 1263 ἡμᾶς·

244 1286 339 1349 Εἰς
364 1282 494 1351 ὄρος
530 1282 794 1350 ὑψηλόν.

246 1377 335 1439 Ei;
374 1373 435 1427 τὸ
477 1373 603 1444 ὄρος
630 1372 828 1438 ἄνεισι,
862 1373 1102 1439 δεικνὺς,
1142 1375 1227 1429 ὅτι
1252 1375 1530 1447 χθαμαλὸς
1559 1377 1588 1430 6
1614 1378 1740 1443 νοῦς

186 1466 274 1520 οὐκ
299 1463 361 1518 ἂν
385 1460 596 1531 γένοιτο
622 1461 757 1533 πρὸς
785 1461 1018 1533 θεωρίαν
1051 1462 1374 1535 ἐπιτήδειος,
1406 1463 1521 1518 ἀλλ’
1549 1465 1579 1517 ὁ
1608 1467 1740 1520 κατ’

189 1557 309 1610 ιδιαν
340 1552 601 1623 γεγονὼς,
630 1552 726 1607 καὶ
757 1552 865 1619 ἔξω
892 1552 1191 1624 φροντίδων
1221 1553 1489 1625 βιωτικῶν
1518 1557 1577 1609 ὲν
1604 1557 1739 1627 ήσυο

219 1646 286 1699 ία.

219 1663 232 1698 ι
272 1683 286 1699 .

185 1664 214 1716 χ
235 1663 345 1789 qlia!
373 1734 800 1807 μετεμορφώθη
833 1738 1179 1808 ἔμπροσθεν
1207 1740 1426 1795 αὐτῶν.

243 1827 559 1899 Πεπράχθαι
603 1829 663 1884 δέ
704 1847 887 1900 φαμεν
913 1830 1010 1902 τὴν
1041 1832 1484 1903 μεταμόρφωσιν,
1512 1833 1633 1905 οὐχὶ
1660 1834 1747 1906 δή·

1915 1278 2076 1349 XVII,
2106 1285 2158 1340 I.
2189 1283 2258 1339 1n
2283 1292 2509 1340 montem
2534 1287 2816 1343 metrum.

1909 1374 1971 1430 In
1998 1383 2233 1431 montem
2257 1377 2523 1443 ascendit,
2548 1380 2842 1435 ostendens
2873 1388 3143 1438 terrenam
3175 1394 3409 1441 mentem

1837 1465 1905 1520 ad
1952 1464 2466 1536 contemplationem
2520 1469 2744 1524 minime
2802 1470 3050 1527 idoneam
3099 1488 3261 1541 esse,
3314 1479 3410 1532 sed

1837 1553 2161 1620 solitariam,
2190 1560 2246 1609 et
2263 1561 2417 1611 extra
2441 1556 2765 1627 temporales
2792 1572 2957 1616 curas
2988 1561 3038 1615 in
3066 1562 3250 1632 quiete
3278 1578 3410 1619 con-

1836 1649 2102 1704 stitutam.

1924 1743 2089 1810 XVII,
2116 1745 2173 1800 2.
2216 1744 2287 1799 Et
2313 1744 2724 1815 transﬁguratus
2754 1752 2830 1799 est
2864 1753 2988 1799 ante
3009 1760 3119 1800 eos.

1923 1832 2145 1888 Factam
2192 1843 2370 1889 autem
2418 1834 2951 1905 transﬂgurationem
2996 1849 3119 1889 esse
3158 1833 3428 1899 dicimus.

185 1932 275 1969 που
302 1918 360 1971 τὸ
394 1920 558 1991 σῶμα
600 1921 662 1974 τὺ
706 1921 1049 1995 ἀνθρώπινον
1080 1923 1477 1995 μεταδαλόντος
1504 1925 1600 1980 τοῦ
1633 1927 1739 1980 σώ-

1850 1942 1956 1982 non
1992 1926 2137 1997 quod
2183 1941 2382 1998 corpus
2427 1926 2722 1982 humanum
2770 1926 2877 1980 alio
2906 1938 3134 1997 corpore
3180 1930 3426 1993 mutarit,

184 2024 355 2077 ματος,
389 2010 535 2065 ἀλλὰ
558 2010 723 2083 δόξης
754 2013 900 2077 τινὸς
930 2014 1256 2083 φωτωιδοῦς
1283 2016 1743 2089 περιστελλούσης

182 2099 325 2155 αὑτό·
363 2103 646 2173 μείναντος
666 2104 777 2177 γὰρ
796 2105 891 2159 τοῦ
916 2104 1169 2177 σώματος
1197 2108 1291 2162 ἐπὶ
1317 2106 1412 2162 τοῦ
1441 2109 1741 2181 σχήματος,

181 2194 263 2246 ἐπὶ
301 2194 358 2247 τὸ
406 2195 750 2268 ἐνδοξότερον
793 2199 843 2250 oi
896 2200 1245 2271 χαρακτῆρες
1294 2200 1382 2253 διὰ
1422 2202 1746 2271 φωωειδοῦς

181 2282 449 2354 χρώματος
479 2285 892 2359 διεχρώννυντο.
1650 2308 1663 2319 “

255 2393 616 2461 ’Δποκριθεὶς
644 2391 715 2446 δὲ
741 2394 777 2447 ὀ
804 2391 1025 2462 Πέτρος
1052 2386 1184 2446 εἷπε
1226 2391 1307 2457 τῷ
1346 2390 1538 2459 Ἰησοῦ
1564 2406 1579 2422 ·
1624 2389 1741 2446 Κύ-

178 2500 279 2552 ριε,
306 2485 501 2537 καλόν
523 2483 697 2537 ἐστιν
727 2480 879 2552 ἡμᾶς
892 2475 1009 2536 ὦδε
1023 2479 1177 2537 εἶναι
1196 2499 1209 2513 ·
1242 2485 1294 2536 εί
1327 2482 1542 2546 θέλεις,
1569 2479 1742 2547 ποιή-

182 2590 365 2645 σωμεν
392 2570 518 2630 ὧδε
554 2577 710 2645 τρεῖς
735 2578 993 2645 σκηνὰς,
1038 2576 1138 2629 σοί
1165 2575 1334 2645 μίαν,
1372 2574 1470 2628 καὶ
1514 2573 1742 2643 Μωυσῇ

175 2667 325 2735 μίαν,
351 2668 445 2721 καί
482 2668 631 2737 μίαν
667 2668 860 2736 Ἠλίᾳ.

240 2759 349 2813 Οὐκ
379 2760 502 2830 ᾔδει
532 2758 586 2812 τί
617 2758 814 2814 ἐλάλει.
848 2759 962 2830 Πρὸ
990 2757 1098 2830 γὰρ
1134 2757 1228 2812 τοῦ
1262 2758 1467 2823 πάθους
1514 2758 1607 2812 καὶ
1641 2758 1740 2829 τῆς

180 2849 515 2915 ἀναστάσεως
557 2849 652 2904 τοῦ
696 2851 972 2921 Σωτῆρος,
1008 2849 1230 2921 καὶτῆς
1255 2850 1607 2915 καταλύσεως
1644 2850 1741 2904 τοῦ

181 2938 416 3005 θανάτου,
437 2943 544 2995 καὶ
570 2942 669 3013 τῆς
696 2944 901 3014 φθορᾶς
924 2940 1034 2995 τῶν
1054 2942 1323 3012 σωμάτων
1348 2941 1525 3013 ήμῶν,
1550 2942 1743 2996 ἀδύνα-

179 3045 260 3084 τον
285 3026 350 3104 ἦν
376 3032 468 3087 τὸν
506 3034 719 3105 Πέτρον
756 3036 993 3087 συνεῖναι
1036 3030 1278 3104 Χριστῷ,
1308 3032 1403 3086 καὶ
1447 3032 1557 3085 τῶν
1606 3049 1741 3103 σκη-

180 3120 273 3176 νῶν
308 3123 562 3192 ὲφίεσθαι
597 3124 673 3198 (I)
701 3126 810 3179 τῶν
841 3127 899 3179 ὲν
931 3125 1167 3197 οὐρανῷ.
1196 3124 1382 3180 Ταῦτα
1408 3125 1519 3199 γὰρ
1546 3126 1629 3179 δεῖ
1655 3143 1742 3195 γε-

180 3208 346 3264 νέσθαι
400 3211 551 3282 μετὰ
600 3213 701 3285 τὴν
749 3214 843 3268 τοῦ
882 3214 1131 3286 Σωτῆρος
1162 3216 1464 3273 ἀνάστασιν
1515 3217 1613 3271 καὶ
1661 3220 1742 3281 εἰς
1768 3231 1811 3291 ο

178 3300 383 3374 οὐρανὸν
409 3302 707 3361 ἀνάϐασιν.

238 3393 343 3448 Kal
377 3397 762 3464 ἀκούσαντες
801 3402 855 3453 οι
883 3400 1140 3469 μαθηταὶ
1170 3400 1397 3456 ἔπεσον
1422 3401 1520 3455 ἐπὶ
1557 3402 1744 3471 πρόσ-

177 3500 325 3541 ωπον
347 3487 555 3542 αὐτῶν
590 3490 688 3543 καί
711 3488 1099 3560 ἐφοϐήθησαν
1121 3493 1377 3562 σφόδρα.

250 3578 311 3631 Ἥ
343 3579 439 3650 μὲν
470 3580 578 3634 τοῦ
620 3579 757 3634 Θεοῦ
806 3583 902 3637 καὶ
935 3583 1148 3656 Πατρὺς
1178 3583 1328 3657 φωνὴ
1366 3584 1505 3656 καλή
1546 3602 1605 3638 τε
1650 3586 1745 3639 καὶ

180 3667 515 3738 ἀξιάγαστος,
556 3669 781 3741 ἀκράτῳ
811 3673 869 3726 δὲ
900 3674 1002 3745 ἤδη
1033 3674 1385 3745 κατεχόμενοι
1418 3676 1635 3747 δείματι
1660 3675 1747 3728 πί-

178 3775 387 3817 πτουσιν
436 3765 487 3816 οί
547 3767 807 3836 μαθηταὶ,
836 3766 923 3819 ἵνα
956 3766 1021 3839 δὴ
1062 3766 1227 3821 πάλιν
1273 3766 1370 3821 καὶ
1420 3767 1507 3822 διὰ
1554 3767 1745 3821 τούτου

180 3850 443 3924 μάθωμεν,
478 3856 566 3918 ὡς
595 3856 1000 3928 ἀναγκαιοτάτη
1038 3860 1152 3922 τοῖς
1180 3858 1273 3912 ἐπὶ
1296 3859 1401 3930 γῆς
1431 3862 1463 3932 ή
1493 3860 1588 3914 τοῦ
1632 3861 1745 3914 2w-

177 3943 325 4014 τῆρος
349 3946 508 4015 ἡμῶν
540 3946 916 4017 ἀναπέφανται
946 3946 1214 4019 μεσιτεία,
1248 3948 1511 4022 νοουμένη
1542 3948 1743 4021 δηλαδὴ

179 4034 305 4088 κατὰ
346 4036 436 4090 τὸν
480 4037 590 4108 τῆς
641 4038 1109 4110 ὲνανθρωπήσεως
1139 4038 1375 4108 τρόπον’
1423 4041 1473 4093 εί
1525 4039 1600 4111 μὴ
1638 4041 1745 4114 γὰρ

177 4123 349 4191 γέγονε
398 4127 532 4181 καθ’
561 4128 728 4198 ἡμᾶς,
768 4128 850 4192 τίς
884 4128 950 4183 ἂν
980 4128 1140 4200 ήμῶν
1171 4129 1405 4199 ἧνεγκεν
1439 4129 1550 4182 ἄνω
1578 4146 1748 4201 προσ-

126 4208 144 4225 ⁸
175 4210 422 4268 δάλλοντα
448 4216 611 4280 Θεὸν,
646 4216 741 4270 καὶ
786 4216 885 4289 τὴν
933 4219 1141 4287 ἄφατον
1172 4218 1343 4272 αὑτοῦ
1380 4217 1542 4282 δόξαν
1570 4218 1747 4273 οὐδενὶ

173 4304 300 4375 τάχα
339 4306 450 4360 τῶν
483 4308 768 4379 γεννητῶν
818 4310 1063 4381 φορητὴν
1093 4310 1452 4379 ἐμφαίνοντας
1489 4310 1608 4372 Φῶς
1637 4310 1748 4378 γὰρ

172 4395 328 4449 οἰκεῖν
354 4398 520 4453 αὑτὸν
551 4399 847 4470 ἀπρόσιτον
880 4402 974 4453 καὶ
1004 4402 1033 4454 ὁ
1081 4399 1351 4473 μακάριος
1395 4400 1567 4473 ἔφησε
1596 4399 1747 4455 Παῦ-

172 4485 271 4552 λος.

1848 2018 1943 2074 sed
1977 2018 2147 2090 gloria
2189 2020 2423 2089 quadam
2459 2021 2636 2076 instar
2655 2019 2799 2076 lucis
2828 2018 2956 2074 illud
2996 2019 3168 2075 fuerit
3193 2021 3429 2075 circum.

1850 2111 2057 2167 datum.
2106 2108 2367 2181 Corporis
2404 2112 2547 2167 enim
2577 2121 2932 2181 permanente
2967 2110 3162 2183 ﬁgura,
3210 2112 3330 2182 ejus
3362 2112 3430 2165 li-

1850 2208 2140 2255 neamenta
2159 2201 2450 2273 gloriosius
2467 2201 2741 2257 Iucil’ortnl
2760 2203 2996 2271 quodam
3018 2201 3199 2256 colore
3222 2202 3424 2258 imbuta

1854 2290 2096 2345 fuerunt.

1913 2389 2024 2461 58
2054 2389 2217 2457 XVII,
2260 2391 2314 2448 4.
2357 2390 2697 2460 Respondens
2729 2398 2901 2444 autem
2946 2389 3138 2444 Petrus
3172 2391 3305 2445 dixit
3348 2394 3415 2445 ad

1842 2480 2022 2535 Jesum
2049 2497 2069 2536 :
2108 2483 2350 2548 Domine,
2382 2484 2572 2537 bonum
2606 2494 2680 2537 est
2709 2499 2802 2539 nos
2834 2484 2921 2538 hic
2943 2501 3054 2541 esse
3083 2501 3103 2540 :
3131 2488 3179 2539 si
3206 2486 3298 2547 vis,
3332 2485 3417 2554 fa-

1842 2573 2042 2626 ciamus
2095 2573 2180 2627 hic
2208 2574 2313 2627 tria
2356 2574 2719 2641 tabernacula,
2773 2574 2869 2628 tibi
2924 2592 3108 2643 unum,
3143 2585 3195 2631 et
3244 2577 3419 2647 Moysi

1844 2678 2028 2727 unum,
2051 2673 2098 2718 et
2126 2662 2263 2719 Elide
2293 2680 2476 2719 unum.

1914 2752 2202 2809 Nesciebat
2231 2752 2361 2824 quid
2398 2754 2623 2811 diceret.
2674 2753 2816 2810 Ante
2850 2754 3155 2825 passionem
3186 2755 3329 2810 enim
3367 2766 3421 2808 ct

1846 2846 2301 2902 resurrectionem
2331 2844 2633 2903 Salvatoris
2660 2848 3194 2919 destructionemque
3220 2850 3411 2906 mortis

1843 2946 1900 2991 et
1955 2938 2354 3009 corruptionem
2434 2954 2723 3009 corporum
2778 2950 3086 2996 nostrorum
3148 2941 3264 2997 fieri
3315 2958 3420 2997 nou

1843 3032 2057 3094 poterat
2077 3036 2133 3080 ut
2164 3026 2353 3082 Petrus
2378 3036 2523 3084 esset
2550 3043 2673 3084 cum
2698 3028 2916 3084 Christo
2949 3040 3004 3085 et
3060 3032 3416 3086 tabernaculis

1843 3116 2157 3173 caelestibus
2184 3117 2478 3176 frueretur.
2534 3119 2660 3176 Hrec
2689 3122 2833 3177 enim
2873 3122 3137 3177 duntaxat
3176 3123 3292 3178 ﬁeri
3339 3122 3420 3178 fa.

1843 3214 1928 3261 est
1963 3215 2084 3276 post
2116 3209 2573 3266 resurrectionem
2618 3207 2921 3267 Salvatoris
2961 3222 3015 3266 et
3045 3212 3418 3268 ascensionem

1846 3295 1899 3349 in
1926 3296 2142 3352 coelum.

1916 3387 2026 3458 59
2059 3387 2222 3454 XVII,
2258 3388 2311 3444 6.
2353 3388 2423 3444 Et
2446 3390 2715 3445 audientes
2747 3392 2990 3461 discipuli
3021 3394 3315 3449 ceciderunt
3366 3398 3417 3446 in

1846 3478 2035 3547 faciem
2066 3497 2219 3534 suam
2232 3490 2290 3535 et
2321 3482 2609 3535 timuerunt
2633 3480 2802 3537 ualde.

1916 3570 2011 3628 Dei
2044 3572 2259 3642 quidem
2284 3582 2337 3629 et
2358 3571 2537 3629 Patris
2567 3588 2671 3629 vox
2715 3574 2853 3629 bona
2888 3584 2943 3630 et
2976 3589 3161 3631 amore
3213 3577 3371 3647 digna
3399 3596 3413 3637 ;

1846 3663 1941 3720 sed
1981 3678 2130 3718 mero
2167 3675 2312 3719 metu
2349 3662 2460 3733 jam
2513 3662 2748 3735 perculsi
2797 3665 2998 3721 cadunt
3049 3665 3319 3736 discipuli,
3366 3678 3424 3720 ut

1850 3768 2042 3810 rursus
2068 3768 2171 3825 per
2204 3756 2305 3811 hoc
2347 3756 2511 3810 etiam
2552 3755 2849 3824 discamus,
2874 3772 3037 3827 quam
3065 3758 3299 3815 maxime
3328 3776 3424 3814 ne-

1847 3844 2141 3899 cessarium
2182 3859 2321 3910 esse,
2369 3854 2426 3900 ut
2459 3846 2527 3903 iis
2567 3846 2660 3919 qui
2709 3846 2763 3901 in
2788 3856 2939 3906 terra
2974 3856 3121 3914 sunt,
3169 3849 3423 3905 mediatia

1848 3935 2160 4005 apparuerit
2189 3933 2511 4002 Salvatoris,
2559 3938 2832 3993 intellecta
2866 3938 3079 3994 scilicet
3112 3955 3207 4009 per
3236 3941 3418 3996 incar-

1851 4026 2087 4083 nationis
2143 4027 2382 4082 modum.
2415 4027 2529 4083 Nisi
2584 4027 2731 4083 enim
2775 4030 2930 4083 nobis
2995 4030 3189 4087 similis
3245 4030 3419 4086 factus

1850 4119 2067 4184 fuisset,
2099 4120 2221 4189 quis
2262 4120 2448 4189 utique
2490 4135 2724 4189 superne
2765 4121 3180 4178 descendentem
3226 4138 3423 4195 capere

1848 4212 2133 4280 potuisset,
2163 4226 2227 4267 ac
2262 4211 2588 4268 inelfabilem
2621 4213 2764 4267 illius
2798 4214 3026 4284 gloriam
3056 4228 3217 4284 quam
3266 4231 3425 4271 nemo

1851 4302 2079 4359 fortasse
2107 4318 2294 4359 eorum
2327 4305 2418 4374 qui
2448 4305 2559 4359 nati
2589 4315 2715 4361 sunt
2752 4304 2895 4362 ferre
2924 4316 3120 4376 potest,
3160 4322 3423 4379 apparen-

1849 4394 2006 4448 tem?
2060 4394 2261 4449 Lucem
2290 4394 2435 4450 enim
2468 4409 2591 4449 eum
2639 4395 2941 4452 inhabitare
2990 4396 3421 4456 inaccessibiletn

1852 4484 2043 4539 beatus
2071 4484 2269 4539 Paulus
2300 4486 2435 4539 dixit
2458 4485 2524 4540 “.

238 4581 370 4635 Τότε
418 4581 711 4652 συνῆκαν
746 4586 801 4638 οἱ
842 4584 1100 4654 μαθηταί
1149 4584 1239 4639 ὅτι
1284 4586 1419 4655 περὶ
1460 4587 1743 4645 Ἰωάννου

1924 4575 2086 4642 XVII,
2129 4576 2215 4631 l5.
2285 4575 2430 4631 Tunc
2473 4576 2840 4633 intellexerunt
2884 4579 3136 4649 discipuli
3184 4583 3311 4652 quia
3361 4582 3426 4635 de

171 4670 267 4725 τοῦ
292 4674 640 4729 Βαπτιστοῦ
670 4672 842 4729 εἶπεν
866 4677 1090 4744 αὐτοῖς.

234 4766 514 4823 Δείκνυσιν
546 4769 574 4821 ὁ
598 4768 831 4838 Χριστὸς
859 4769 984 4833 τοὺς
1024 4769 1312 4834 Ἰουδαίους
1339 4769 1459 4825 λίαν
1486 4770 1743 4840 ἀγνοοῦν-

168 4870 263 4917 τας
292 4856 387 4920 τὰς
430 4858 474 4912 Γ
474 4858 661 4937 ραιρὰς
680 4898 695 4920 ,
728 4858 788 4924 ἐξ
815 4852 890 4914 ὧν
920 4859 1011 4913 τὸν
1046 4860 1300 4933 Ἰωάννην
1325 4860 1425 4914 οὐκ
1455 4861 1699 4931 ἔγνωσαν
1723 4880 1736 4895 ⁸

169 4945 406 4998 τουτέστι
448 4947 547 5001 τὸν
593 4948 812 5017 πρῶτον
845 4947 1069 5014 Ἦλίαν,
1113 4947 1205 5001 τὸν
1241 4947 1340 5020 τὴν
1366 4948 1483 5001 ὁδὸν
1522 4950 1743 5020 ἑτοιμά-

168 5051 325 5092 σαντα
353 5039 450 5093 τοῦ
482 5040 694 5111 Κυρίου
715 5058 728 5072 ο
761 5040 819 5093 ὃν
847 5040 1167 5109 ἀγνοοῦντες
1200 5041 1293 5095 καὶ
1322 5042 1743 5107 ἀποκτείναντες

166 5128 248 5179 τὸν
272 5130 361 5183 τοῦ
401 5129 647 5202 Χριστοῦ
680 5132 999 5205 πρόδρομον,
1034 5132 1128 5186 καὶ
1159 5133 1321 5186 αὐτὸν
1348 5133 1622 5205 ἠγνόησαν
1652 5134 1742 5188 τὸν

161 5218 365 5301 Κύριον
397 5223 498 5276 καὶ
532 5223 858 5279 ἀπέκτειναν
892 5224 1077 5279 αὐτόν.

228 5306 300 5367 Ὠ
335 5316 521 5383 γενεὰ
549 5314 802 5383 ἄπιστος
832 5317 929 5370 καὶ
962 5316 1421 5388 διεστραμμένη,
1460 5319 1571 5385 ἕως
1598 5321 1742 5374 πότε

163 5399 368 5473 ἔσομαι
389 5405 529 5475 μεθ’
552 5405 748 5475 ύμῶν;
775 5405 888 5471 ἕως
919 5408 1065 5460 πότε
1090 5408 1375 5478 ἀνέξομαι
1412 5408 1615 5479 timor;

231 5496 375 5560 Ἕως
429 5496 591 5564 πότε,
625 5498 780 5570 φησὶ,
817 5499 1205 5571 συνδιαιτῶμαι
1233 5501 1361 5572 ὑμῖν
1394 5505 1508 5566 τοῖς
1561 5502 1738 5567 οὕτως

228 5674 267 5708 ⁸⁸
300 5675 317 5729 Ι
349 5675 679 5744 Tintotlmn,
711 5677 799 5747 16.
879 5732 883 5739 α

238 5835 313 5903 (t)
337 5833 447 5891 Pro
481 5835 730 5902 ἐφίεσθαι
760 5835 1004 5905 suspicor
1039 5835 1323 5904 legendum
1352 5834 1660 5905 ἐφικέσθαι.

485 5926 760 5997 Ρμτιιοι.
808 5927 926 5989 Gtt.
974 5926 1229 5990 LXXII.

1849 4671 2055 4726 Joanne
2088 4669 2332 4739 Baptista
2356 4670 2572 4724 dixisset
2595 4673 2692 4725 eis.

1918 4760 2165 4817 Ostendit
2183 4758 2399 4817 Iudaeos
2425 4763 2476 4816 iu
2499 4777 2682 4818 crassa
2714 4771 2769 4817 et
2798 4760 2990 4830 supina
3018 4754 3418 4834 Scripl'urarum

1850 4853 2192 4926 ignoratione
2225 4852 2433 4923 jacere,
2463 4870 2527 4911 ex
2556 4870 2622 4910 eo
2655 4857 2796 4926 quod
2834 4856 3045 4911 illarum
3092 4857 3289 4913 indicio
3319 4875 3423 4912 non

1854 4948 2171 5018 agnoverint
2215 4945 2499 5011 Joannem,
2530 4947 2632 5003 hoc
2668 4956 2750 5003 est
2800 4948 3035 5020 primum
3082 4950 3274 5013 Etiam.
3302 4967 3422 5004 eun:

1854 5038 1945 5109 qui
1975 5038 2112 5093 viam
2143 5037 2353 5093 Domini
2383 5038 2708 5109 praeparavit
2741 5055 2756 5091 :
2789 5055 2897 5109 quo
2941 5040 3054 5111 60
3096 5041 3344 5110 ignorato
3373 5053 3427 5093 et

1853 5129 2139 5185 interiecto
2187 5129 2391 5184 Christi
2444 5145 2812 5200 praecursore,
2870 5148 2937 5186 ne
2982 5134 3155 5200 ipsum
3204 5132 3421 5202 quidem

1850 5231 2183 5291 agnoverunt
2210 5219 2517 5288 Dominum,
2540 5238 2699 5294 quem
2732 5226 2944 5278 tandem
2967 5222 3304 5277 occiderunt.

1921 5310 2083 5379 XVII,
2117 5313 2201 5369 I7.
2228 5312 2272 5367 0
2296 5315 2561 5383 generatio
2585 5315 2858 5368 incredula
2877 5324 2923 5369 et
2944 5330 3205 5384 perversa,
3228 5328 3425 5382 quous-

1847 5419 1946 5473 que
1972 5420 2061 5458 ero
2091 5406 2353 5459 uobiscum
2374 5406 2399 5458 .9
2428 5421 2689 5476 usquequo
2715 5406 2887 5472 patiar
2912 5408 3041 5461 vos?

1907 5495 2176 5564 Quandiu,
2194 5495 2387 5567 inquit,
2407 5496 2661 5555 t'crsabor
2678 5495 2971 5561 vobiscum,
2989 5494 3060 5550 ita
3078 5492 3425 5558 contutnclio_

3025 5923 3099 5983 H
