4094 6518
668 414 772 470 427

1657 413 1713 469 S.
1764 412 2035 469 CYlilLLl
2076 406 2535 468 ALEXANDRINI
2573 406 2890 461 ARCHIEP.

3804 406 3899 462 438

667 538 742 590 sis
756 545 809 589 et
832 534 1167 591 incredulis?
1206 536 1494 591 ostendens
1524 534 1640 605 cogi
1681 548 1740 588 se
1769 549 1867 604 per
1902 532 2236 603 praesentiam

2339 524 2618 593 ὑϐρισταῖς
2648 524 2741 577 καὶ
2760 522 3047 587 άπίστοις;
3079 522 3339 577 δεικνύων
3369 525 3450 577 ὅτι
3478 524 3512 595 ἡ
3541 524 3682 595 μετά
3710 528 3899 594 σαρκὸς

664 627 918 689 ἰυγοοιειιο
944 627 1254 682 conversari
1287 642 1410 681 cum
1445 641 1550 681 non
1579 625 1751 693 bonis,
1794 635 1853 679 ut
1884 627 2026 695 ipsos
2064 622 2235 679 corri-

663 727 835 787 geret.

734 810 969 866 lniidelis
994 810 1389 881 quodammodo
1415 811 1577 865 etiam
1611 823 1897 880 perversos
1921 815 2026 871 est,
2058 806 2235 860 nullo-

665 916 770 971 que
820 904 979 957 modo
1023 913 1170 957 recte
1218 917 1378 972 agere
1408 902 1577 958 novit.
1632 901 1765 957 Cum
1796 899 2066 955 similibus
2105 912 2236 952 vero

663 992 911 1048 Christus
939 1007 1061 1048 esse
1101 994 1440 1064 dedignatur,
1486 1002 1539 1048 et
1567 994 1611 1046 si
1642 991 1772 1062 quid
1819 991 2237 1055 humanormore

664 1086 948 1140 dicendum
988 1096 1093 1150 est,
1127 1086 1459 1150 contemnit;
1512 1100 1617 1139 non
1648 1094 1826 1137 tamen
1859 1083 1963 1137 hoc
1989 1082 2055 1136 ad
2096 1082 2237 1137 illius

659 1192 952 1246 personam
987 1186 1193 1231 tantum
1226 1192 1285 1232 se
1308 1177 1569 1241 extendit,
1603 1185 1659 1228 ut
1689 1190 1755 1229 ne
1801 1174 2072 1228 hominem
2116 1187 2235 1227 esse

651 1271 896 1336 «lubites,
949 1270 1039 1325 sed
1096 1270 1161 1323 ad
1213 1285 1402 1324 omnes
1449 1270 1612 1323 etiam
1663 1266 1899 1321 Judzeos.
1953 1265 2236 1320 Probabile

652 1361 805 1413 rettim
836 1368 954 1413 erat
981 1359 1176 1413 multos
1201 1359 1543 1427 praesentium
1581 1356 1935 1413 scandalizari
1962 1371 2023 1410 ac
2046 1357 2235 1410 incon-

651 1453 928 1505 venientia
958 1452 1197 1519 cogitare
1216 1453 1279 1506 de
1307 1453 1391 1507 iis.
1416 1451 1557 1507 Cum
1582 1464 1712 1504 vero
1731 1450 1888 1512 dixit,
1917 1450 2237 1516 «Quousque

661 1543 1037 1613 commorabor
1083 1542 1400 1596 vobiscum?
1441 1560 1460 1594 ι
1497 1543 1567 1596 ita
1601 1541 1830 1611 injurias
1879 1540 2238 1594 inferentibus

648 1642 715 1686 ret
788 1632 1096 1686 inﬁdelibus
1152 1633 1385 1687 ostendit
1451 1646 1726 1701 corporeae
1773 1646 1887 1685 sua:
1939 1628 2238 1701 praesentiae

647 1732 871 1792 tempus
902 1723 1265 1791 postulare'ut
1298 1739 1420 1778 eum
1445 1726 1524 1778 eis
1549 1732 1949 1789 commoretur,
1974 1737 2096 1777 cum
2115 1722 2233 1777 cle-

662 1814 861 1867 mentia
880 1812 1057 1867 Deum
1087 1813 1299 1867 decenti
1330 1827 1455 1883 erga
1478 1827 1576 1867 eos
1598 1813 1690 1882 qui
1719 1812 1843 1866 boni
1878 1826 1981 1865 non
2005 1819 2154 1875 sunt,
2179 1817 2237 1862 ut

2335 614 2605 686 παρουσία
2635 611 2800 666 αὐτοῦ
2828 611 3139 683 ἠνάγκασεν
3185 612 3347 666 αὑτὸν
3376 612 3902 682 συναναστρέφεσθαι

2332 707 2446 767 τοῖς
2475 704 2576 756 οὐκ
2605 702 2848 771 ἀγαθοῖς,
2883 702 2971 756 ἵνα
2999 701 3362 774 διορθώσηται
3391 702 3615 765 αὐτούς.

2415 796 2473 849 '0
2498 795 2723 858 ἄπιστος
2747 793 2899 847 ἔσται
2929 811 3033 847 που
3060 794 3154 847 καὶ
3181 793 3636 865 διεστραμμένος,
3664 794 3764 847 καὶ
3783 796 3904 847 κατ’

2331 886 2523 941 οὐδένα
2549 885 2747 955 τρόπον
2769 884 3079 956 ὀρθοποδεῖν
3103 884 3279 949 εἰδώς.
3297 886 3423 947 Τοῖς
3442 886 3499 939 δὲ
3522 885 3793 950 τοιούτοις
3816 888 3909 940 οὐκ

2331 976 2476 1041 ἀξιοῖ
2502 976 2738 1028 συνεῖναι
2767 975 2796 1026 ὁ
2827 974 3084 1045 Χριστὸς,
3117 974 3232 1027 ἀλλ’
3264 975 3312 1027 εί
3338 976 3443 1046 χρή
3474 993 3526 1028 τι
3560 975 3674 1029 τῶν
3703 975 3907 1045 ἀνθρω-

2334 1067 2505 1122 πίνων
2558 1068 2752 1130 εἰπεῖν,
2804 1066 3090 1136 ὀλιγωρεῖ·
3143 1065 3283 1137 πλὴν
3332 1067 3434 1120 οὐκ
3484 1069 3566 1130 είς
3611 1067 3675 1119 τὸ
3728 1068 3909 1121 τούτου

2334 1158 2626 1228 πρόσωπον
2660 1150 2800 1211 εῖναι
2844 1158 3005 1227 μόνον
3040 1157 3403 1220 ἀποτείνεται,
3437 1158 3522 1210 ἵνα
3554 1158 3631 1228 μὴ
3662 1158 3909 1229 ἀπορήσῃ

2330 1249 2423 1301 τὸν
2463 1247 2769 1319 ἄνθρωπον,
2805 1246 2920 1300 ἀλλ’
2948 1250 3027 1309 είς
3060 1247 3271 1312 πάντας
3307 1248 3620 1311 Ἰουδαίους.
3666 1250 3777 1301 Καὶ
3806 1250 3905 1320 γὰρ

2331 1341 2477 1403 είκὸς
2503 1339 2730 1402 πολλοὺς
2757 1338 2867 1392 τῶν
2896 1339 3179 1408 παρόντων
3207 1340 3692 1411 σκανδαλισθῆναι,
3723 1344 3818 1394 καί
3847 1344 3907 1394 τὰ

2336 1432 2411 1503 μὴ
2439 1432 2783 1501 προσήκοντα
2811 1429 3058 1499 ἐννοῆσαι
3097 1431 3227 1500 περὶ
3262 1431 3645 1486 αὐτῶν.“οταν
3675 1433 3736 1485 δὲ
3769 1435 3910 1505 εἴπῃ,

2330 1523 2413 1576 ὅτι
2465 1522 2637 1586 «Ἕως
2686 1522 2816 1575 πότε
2864 1522 3253 1592 ωνδιαιτῶμαι
3297 1524 3465 1594 ὑμῖν;
3510 1542 3530 1576 ι
3583 1527 3702 1588 τοῖς
3751 1525 3912 1589 οὕτως

2333 1615 2613 1685 ὑϐρίζουσι
2643 1615 2735 1668 καὶ
2768 1614 3015 1676 ἀπίστοις
3038 1615 3310 1669 δείκνυσιν
3342 1617 3424 1669 ὅτι
3452 1618 3479 1670 ό
3514 1617 3910 1687 τῆςὲνσάρκου

2333 1705 2636 1777 παρουσίας
2679 1705 2869 1777 καιρὸς
2905 1706 3102 1776 ἀπῄτει
3133 1706 3296 1759 αὑτὸν
3326 1706 3748 1761 συνδιαιτᾶσθαι
3785 1712 3911 1778 μετὰ

2335 1794 2669 1867 θεοπρεποῦς
2698 1796 3034 1865 ἡμερότητος
3056 1798 3171 1859 τοῖς
3198 1797 3298 1850 οὐκ
3319 1798 3569 1865 ἀγαθοῖς,
3602 1800 3692 1852 ἵνα
3720 1801 3909 1863 αὐτοὺς

661 1918 760 1961 eos
782 1920 888 1974 per
910 1919 973 1959 ea
1004 1919 1124 1973 qua:
1164 1904 1292 1959 facit
1333 1874 1572 1974 corrigat
1602 1874 1884 1959 {ostendit
1911 1902 2016 1972 61
2055 1874 2233 1956 autem

2334 1887 2400 1941 δι’
2429 1880 2503 1943 ὧν
2536 1889 2679 1939 ποιεῖ
2715 1886 3073 1959 διορθὼσηται
3095 1904 3110 1919 ·
3141 1888 3381 1942 δείκνυσι
3411 1890 3467 1943 δὲ
3510 1892 3607 1944 καὶ
3641 1892 3911 1946 ἀσπαστὸν

659 2005 938 2066 acceptam
962 1996 1062 2051 sibi
1089 1997 1252 2052 etiam
1277 2011 1398 2053 esse
1423 2006 1676 2061 mortem,
1699 2005 1754 2051 et
1774 2010 1833 2051 se
1853 1996 1994 2051 bane
2015 2010 2241 2065 cupere,

661 2089 1073 2158 discessumque
1124 2086 1469 2154 desiderare;
1511 2102 1685 2157 neque
1730 2094 1839 2141 tam
1887 2087 2035 2141 cruci
2069 2085 2241 2157 aﬂigi,

657 2190 821 2243 quam
843 2190 963 2230 cum
994 2176 1075 2231 eis
1099 2174 1305 2230 versari
1333 2173 1437 2230 sibi
1473 2188 1596 2229 esse
1620 2187 1783 2243 grave
1805 2187 1821 2226 :
1841 2187 1945 2228 non
1977 2182 2152 2226 tamen
2183 2171 2235 2226 in

656 2266 809 2321 hisce
825 2264 1145 2321 criminibus
1163 2263 1305 2322 stitit
1319 2277 1645 2321 sermonem.
1670 2264 1740 2317 At
1755 2262 1884 2334 quid
1901 2261 2013 2317 ait?
2033 2278 2052 2313 ι
2076 2261 2239 2317 Ferte

654 2355 787 2410 mihi
819 2355 993 2426 ipsum
1026 2354 1151 2411 huc.
1185 2373 1206 2409 ι

722 2444 892 2519 XVII,
930 2446 1018 2501 18.
1056 2445 1125 2501 Et
1150 2445 1447 2517 increpavit
1501 2445 1654 2501 illum
1700 2443 1883 2508 Iesus,
1907 2452 1955 2498 et
1993 2443 2123 2498 exiit
2166 2443 2233 2496 ab

657 2557 714 2595 ρο
744 2543 1093 2605 dmmonium,
1122 2553 1169 2596 et
1199 2550 1416 2596 curatus
1447 2549 1524 2596 est
1554 2555 1684 2609 puer
1710 2554 1776 2593 ex
1806 2535 1901 2591 illa
1931 2536 2083 2590 liora.

741 2688 852 2741 Etsi
891 2696 1165 2757 oporteret
1215 2689 1528 2747 damoniaci
1555 2698 1762 2762 patrem
1806 2694 2014 2750 tristem
2054 2682 2253 2761 abire,

675 2792 771 2830 nec
790 2775 899 2831 voti
923 2788 1224 2848 compotem
1245 2787 1303 2834 ut
1329 2780 1420 2850 qui
1451 2796 1556 2835 non
1578 2780 1697 2836 sine
1722 2781 1876 2851 culpa
1906 2793 2233 2850 accesserat,

671 2870 768 2923 sed
798 2868 1022 2925 chorum
1055 2872 1418 2939 apostolorum
1453 2872 1750 2936 incusarat,
1778 2874 2099 2929 criminatus
2129 2889 2233 2929 non

662 2962 917 3028 potuisse
942 2976 1034 3016 eos
1069 2962 1350 3031 increpare
1378 2962 1695 3028 diemonem,
1728 2963 1856 3033 quin
1890 2965 2062 3034 ipsum
2093 2981 2235 3036 quo-

655 3069 776 3122 que
825 3054 1186 3109 calumniatus
1243 3064 1359 3109 erat
1405 3065 1729 3125 potestatum
1781 3057 2087 3113 Dominum.
2132 3058 2233 3126 Qui

667 3147 812 3199 enim
849 3135 1059 3200 dicebat
1093 3163 1186 3201 eos
1231 3148 1473 3202 inﬁrmos
1500 3165 1626 3204 esse
1649 3158 1703 3204 et
1732 3150 2056 3220 impotentes
2100 3167 2233 3208 con-

657 3243 751 3285 ira
785 3233 1093 3288 immundos
1152 3236 1375 3305 spiritus
1401 3275 1414 3299 ,
1456 3237 1546 3306 qui
1603 3253 1632 3292 a
1686 3200 1904 3294 Chrirsto
1954 3240 2098 3310 ipsos
2140 3242 2237 3312 eji-
2263 3200 2302 3255 Ο

664 3326 843 3380 ciendi
901 3336 1223 3396 acceperant
1272 3335 1591 3395 potestatem
1623 3370 1637 3393 ,
1685 3331 1731 3385 is
1777 3332 1955 3399 potius
2007 3334 2235 3403 gratiam

665 3427 902 3485 accusat,
934 3434 1093 3487 quam
1125 3434 1216 3472 eos
1253 3422 1343 3487 qui
1372 3420 1516 3474 illan]
1546 3422 1653 3491 62
1684 3436 2009 3491 acceperunt
2043 3443 2055 3479 :
2091 3442 2227 3494 qua-

660 3516 888 3576 propter
914 3507 1185 3561 inﬁdelem
1212 3507 1358 3561 illum
1379 3518 1610 3577 patrem,
1642 3511 1872 3581 ideoque
1895 3529 2235 3582 perversum,

667 3612 894 3652 vacuum
927 3599 1256 3666 oportuisset
1285 3599 1510 3653 dimitti.
1569 3600 1674 3655 Sed
1703 3618 1769 3656 ne
1802 3605 1923 3673 quis
1958 3615 2107 3674 putet
2157 3608 2238 3675 ip-

663 3691 1085 3743 sutnmetetiam
1116 3690 1389 3744 Christum
1421 3691 1486 3745 ad
1529 3694 1831 3748 mirabilem
1888 3696 2028 3751 hanc
2071 3713 2236 3752 cura-

662 3780 868 3835 tionem
902 3780 1171 3834 inlirmum
1213 3797 1335 3837 esse
1361 3824 1378 3850 ,
1425 3783 1722 3853 increpavit
1758 3786 2091 3842 immundum
2128 3790 2236 3859 spi-

669 3872 851 3937 ritum,
886 3880 940 3927 et
968 3872 1254 3929 confestim
1302 3875 1442 3930 illius
1500 3890 1529 3931 a
1578 3878 1767 3932 morbo
1821 3878 2080 3935 liberatus
2108 3890 2232 3947 est,

665 3974 721 4019 et
753 3964 986 4019 reddidit
1042 3981 1164 4021 eum
1192 3968 1348 4036 patri
1396 3982 1527 4035 suo;
1562 3979 1848 4038 antequam
1880 3973 2024 4025 enim
2071 3988 2234 4027 cura-

665 4065 837 4122 retur,
871 4068 975 4110 non
1004 4057 1177 4125 patris
1224 4066 1367 4121 erat,
1420 4057 1514 4111 sed
1549 4058 1774 4128 spiritus
1822 4059 1903 4114 illi
1944 4060 2231 4117 dominan-

1064 4325 1171 4397 63
1204 4324 1355 4398 (CAP.
1382 4326 1545 4395 xvu,
1572 4330 1814 4400 passim.)

731 4417 920 4489 Itaque
962 4419 1184 4473 deduxit
1240 4420 1455 4489 quidem
1518 4438 1703 4477 secum
1730 4424 1798 4490 ;in
1845 4434 2082 4480 montem
2116 4426 2234 4496 pri-

2335 1977 2464 2031 όντα
2489 1977 2581 2030 τὸν
2610 1977 2835 2032 θάνατον
2865 1977 3034 2049 αὐτῷ,
3067 1981 3163 2032 κα)⁸
3206 1980 3494 2050 ἐπιθυμεῖν
3537 1982 3601 2035 τὸ
3654 1985 3909 2052 πρᾶγμα,

2336 2071 2433 2124 καὶ
2460 2070 2642 2124 ποθεῖν
2675 2072 2776 2142 τὴν
2815 2070 3146 2141 ἀποδημίαν,
3181 2072 3277 2126 καὶ
3296 2073 3377 2126 ὅτι
3406 2072 3468 2125 οὐ
3510 2075 3572 2126 τὸ
3601 2076 3910 2145 σταυρωθῆ-

2335 2177 2447 2226 ναι,
2476 2160 2613 2215 ἀλλά
2655 2160 2716 2213 τὸ
2759 2156 2898 2213 εἶναι
2935 2160 3051 2230 μετ’
3084 2162 3266 2216 αὐτῶν
3305 2163 3444 2234 βαρύ
3470 2181 3484 2195 ο
3520 2166 3583 2218 οὐ
3637 2168 3751 2238 μὴν
3789 2168 3909 2239 ἔστη

2339 2251 2499 2322 μέχρι
2526 2251 2634 2304 τῶν
2666 2251 3230 2323 ὲγκλημάτων.Ἀλλά
3254 2255 3306 2309 τί
3338 2273 3506 2327 φησι;
3544 2275 3564 2309 ι
3594 2259 3798 2330 Φέρετέ
3829 2280 3911 2331 μοι

2336 2341 2499 2396 αὑτὸν
2528 2334 2653 2396 ὧδε.
2686 2358 2706 2394 ι

2406 2432 2516 2487 Καὶ
2552 2432 2915 2503 ἐπετίμησεν
2957 2433 3117 2500 αὐτῷ
3154 2437 3187 2490 ὀ
3225 2437 3485 2505 Ἰησοῦς,
3518 2440 3619 2493 καὶ
3657 2441 3910 2508 ἐξῆλθεν

2335 2526 2436 2580 ἀπ’
2463 2525 2654 2580 αὐτοῦ
2697 2526 2763 2580 τὸ
2802 2525 3132 2596 δαιμόνιον,
3164 2530 3260 2583 καί
3300 2531 3669 2600 ἐθεραπεύθη
3716 2537 3750 2587 ὁ
3778 2535 3910 2600 παῖς

2337 2617 2455 2670 ἀπὸ
2483 2616 2595 2686 τῆς
2621 2618 2775 2687 ὥρας
2802 2618 3062 2686 ἐκείνης.

2410 2707 2474 2760 Εἰ
2498 2709 2592 2761 καὶ
2624 2708 2732 2761 ἔδει
2759 2709 2850 2763 τὸν
2885 2710 2979 2763 τοῦ
3009 2710 3376 2780 δαιμονῶντος
3409 2714 3626 2786 πατέρα
3645 2714 3911 2786 λυπούμε-

2337 2799 2733 2866 νονλάπελθεῖν,
2765 2802 2825 2854 οὐ
2858 2803 3194 2873 τετυχηκότα
3219 2806 3318 2874 τῆς
3344 2804 3678 2875 φιλοτιμίας,
3702 2810 3795 2861 ἆτε
3817 2811 3910 2861 οὐκ

2336 2888 2636 2960 ἀμώμητον
2660 2894 3026 2963 ποιησάμενον
3050 2894 3146 2965 τὴν
3170 2895 3450 2967 πρόσοδον,
3470 2897 3611 2951 ἀλλά
3631 2899 3727 2954 τοῦ
3756 2901 3907 2970 χοροῦ

2335 2981 2443 3034 τῶν
2484 2982 2797 3039 ἀποστόλων
2837 2985 3273 3057 μεταόοήσαντα,
3302 2990 3545 3054 εἰπόντα,
3586 2991 3663 3061 μὴ
3699 2992 3909 3061 ίσχύσαι

2335 3070 2533 3134 αὐτοὺς
2558 3072 2880 3142 ἐπιτιμῆσαι
2906 3073 2984 3144 τῷ
3013 3073 3229 3144 δαίμονι
3251 3090 3263 3102 ·
3299 3075 3500 3145 μᾶλλον
3529 3076 3589 3129 δὲ
3615 3075 3779 3130 αὐτὸν
3804 3077 3909 3128 διας

2337 3161 2600 3217 ὅάλλοντα
2632 3163 2723 3217 τὸν
2764 3163 2872 3217 τῶν
2909 3164 3191 3235 δυνάμεων
3242 3165 3468 3237 Κύριον.
3485 3167 3544 3219 Ὀ
3590 3167 3701 3238 γὰρ
3744 3167 3908 3235 λέγων

2339 3252 2633 3323 ἀσθενῆσαι
2663 3252 2797 3325 πρὸς
2827 3253 3106 3323 ἐνέργειαν
3134 3254 3231 3325 τὴν
3254 3255 3395 3309 κατά
3425 3257 3753 3327 πνευμάτων
3777 3259 3907 3310 ἀκα-

2339 3343 2552 3413 θάρτων
2580 3344 2709 3407 τοὺς
2738 3345 2889 3415 παρά
2927 3346 3163 3417 Χριστοῦ
3210 3347 3458 3414 ἐξουσίαν
3505 3346 3792 3412 λαϐόντας,
3825 3351 3906 3401 ὲκ·
3970 3345 3979 3353 ’

2338 3436 2555 3490 ϐάλλειν
2586 3437 2747 3501 αὐτὰ,
2786 3438 2886 3508 τῆς
2930 3440 3152 3509 χάριτος
3198 3439 3398 3510 μᾶλλον
3442 3444 3762 3512 κατηγορεῖ,
3794 3443 3905 3512 οὐχὶ

2335 3529 2444 3583 τῶν
2471 3529 2743 3583 λαϐόντων
2777 3530 2974 3600 αὐτὴν
3005 3530 3092 3584 διὰ
3129 3530 3302 3584 ταῦτα
3347 3531 3529 3585 τοίνυν
3565 3532 3656 3585 τὸν
3686 3533 3904 3587 ἄπιστον

2337 3622 2541 3675 ἐκεῖνον
2575 3621 2923 3689 πατέρα,Ικαὶ
2954 3621 3042 3675 διὰ
3072 3622 3232 3675 τοῦτο
3261 3622 3716 3696 διεστραμμένον,
3748 3625 3902 3694 ἐχρῆν

2336 3712 2491 3765 κενὸν
2541 3713 2986 3783 ἀποπεμφθῆναι.
3018 3712 3157 3765 Ἀλλ’
3194 3713 3280 3766 ῖνα
3333 3715 3407 3784 μή
3459 3731 3543 3777 τις
3588 3716 3766 3783 οῑηται
3820 3714 3905 3765 καὶ

2336 3804 2497 3858 αὑτὸν
2526 3804 2784 3874 ἀτονῆσαι
2813 3803 2901 3856 τὸν
2931 3803 3163 3874 Χριστὸν
3189 3803 3325 3874 πρὸς
3347 3804 3443 3877 τὴν
3475 3803 3570 3858 τοῦ
3606 3805 3900 3875 παραδόξου

2336 3894 2697 3966 κατόρθωσιν,
2729 3895 3027 3965 ἐπετίμησε
3055 3895 3131 3965 τῷ
3165 3895 3463 3967 ἀκαθάρτῳ
3497 3897 3789 3967 πνεύματι,
3820 3897 3903 3949 καὶ

2337 3989 2593 4057 παραχρῆ
2605 4003 2681 4055 μα
2709 3984 2803 4039 τοῦ
2835 3988 3010 4039 νοσεῖν
3038 3988 3066 4038 ό
3094 3989 3219 4051 παῖς
3252 3987 3649 4057 ἀπηλλάττετο,
3687 3990 3784 4041 καὶ
3811 3990 3901 4040 άπ-

2336 4075 2536 4128 έδωκεν
2565 4076 2727 4129 αὑτὸν
2771 4075 2849 4145 τῷ
2893 4077 3060 4147 πατρὶ
3101 4077 3301 4130 αὐτοῦ·
3352 4077 3458 4146 πρὸ
3484 4078 3593 4149 γὰρ
3619 4079 3716 4131 τοῦ
3757 4078 3900 4148 65p:-

2336 4166 2621 4236 πευθῆναι,
2661 4166 2761 4218 οὐκ
2803 4160 2871 4236 ἦν
2906 4165 2999 4218 τοῦ
3042 4167 3267 4237 πατρὸς,
3297 4165 3433 4219 ἀλλά
3462 4165 3555 4218 τοῦ
3588 4165 3902 4237 κρατοῦντος

2335 4254 2665 4325 πνεύματος.

2404 4344 2610 4397 Οὐκοῦν
2632 4343 2921 4413 ἀνεκόμισε
2954 4344 3053 4414 μὲν
3082 4347 3160 4409 εἰς
3181 4345 3240 4398 τὸ
3263 4346 3386 4416 ὅρος
3408 4346 3531 4407 τοὺς
3557 4344 3899 4417 κορυφαίους,

2335 4424 2435 4488 καῖ
2457 4433 2656 4501 ἔδειξεν
2686 4436 2870 4497 αὐτοῖς
2916 4434 3013 4505 τὴν
3062 4436 3218 4499 δόξαν
3253 4437 3369 4507 μεθ’
3396 4433 3463 4509 ἧς
3512 4437 3805 4506 summa
3835 4434 3901 4503 τῷ

665 4514 888 4577 marios,
918 4511 1264 4582 ostenditque
1300 4513 1405 4567 illis
1433 4514 1661 4584 gloriam
1690 4558 1704 4580 ,
1745 4531 1848 4585 qua
1878 4516 1990 4569 suis
2020 4525 2230 4586 tempu-

2334 4526 2521 4596 κόσμῳ
2548 4524 2691 4578 κατά
2720 4525 2967 4595 καιρούς.
3006 4522 3157 4591 Εἶτα,
3188 4527 3463 4579 κατελθὼν
3508 4528 3574 4579 ἐκ
3602 4527 3696 4579 τοῦ
3727 4527 3898 4595 ὅρους.

664 4604 815 4659 ribus
849 4602 944 4656 toti
971 4603 1169 4656 mundo
1207 4603 1560 4673 praefulgebit.
1594 4604 1797 4661 Deinde
1812 4608 2144 4663 descendens
2169 4610 2235 4663 de

663 4704 866 4759 monte,
896 4708 1153 4764 perverso
1188 4706 1241 4749 et
1280 4697 1487 4751 crudeli
1515 4698 1708 4765 spiritu
1758 4704 2046 4767 quemdam
2097 4701 2231 4757 lihe-

667 4788 825 4841 ravit.
858 4787 963 4841 Sed
1002 4788 1289 4855 Oportebat
1349 4804 1470 4843 eum
1510 4791 1733 4846 omnino
1785 4795 2080 4846 salutarem
2135 4809 2232 4863 pro

663 4879 821 4934 nobis
854 4878 1123 4933 sustinere
1150 4880 1478 4949 passionem,
1539 4896 1601 4936 ac
1655 4882 1961 4938 Judaeorutn
1992 4884 2235 4953 perferre

661 4970 1070 5038 perversitatem
1109 4987 1122 5022 :
1154 4985 1262 5037 quo
1292 4968 1437 5024 facto
1469 5009 1484 5034 ,
1544 4987 1721 5043 neque
1756 4974 2110 5042 improbabile
2151 4983 2234 5029 est

663 5060 958 5115 turbandos
990 5058 1156 5113 fuisse
1185 5060 1500 5132 discipulos,
1539 5064 1778 5134 illudque
1814 5064 1953 5119 forte
1998 5064 2137 5119 intra
2174 5080 2234 5120 se

659 5155 994 5224 cogitaturos
1039 5150 1388 5223 dicturosque
1427 5172 1440 5209 :
1475 5155 1574 5222 Qui
1631 5164 1709 5210 tot
1752 5168 1996 5212 mortuos
2047 5173 2229 5212 resus-

662 5247 795 5300 citat
823 5259 944 5298 eum
994 5246 1173 5300 tliviua
1197 5248 1427 5315 quadam
1463 5256 1765 5316 potestate,
1813 5248 1905 5317 qui
1949 5264 2095 5302 mare
2145 5249 2232 5303 in--

659 5344 851 5404 crepat
908 5354 972 5393 ac
1016 5348 1235 5402 ventos,
1289 5338 1391 5408 qui
1442 5340 1607 5392 verbo
1661 5340 1895 5394 conterit
1946 5340 2230 5403 Satanam,

660 5432 931 5503 quomodo
965 5446 1106 5485 nunc
1135 5431 1349 5500 capitur
1380 5437 1433 5483 et
1478 5430 1531 5485 in
1581 5430 1800 5501 laqueos
1834 5432 2024 5485 incidit
2056 5433 2232 5487 homi-

660 5523 953 5579 cidarum?
981 5523 1190 5592 decepti
1239 5537 1429 5577 sumus
1483 5522 1649 5592 igitur
1687 5524 1852 5577 Deum
1890 5525 2064 5595 ipsum
2113 5539 2232 5581 esse

660 5626 934 5684 putantes.
973 5614 1043 5671 Ut
1078 5615 1240 5683 igitur
1266 5624 1596 5685 cognoscant
1634 5631 1855 5686 prorsus
1909 5627 1963 5670 et
2006 5618 2229 5673 omnino

661 5710 922 5772 futurum,
961 5709 1197 5763 insinuat
1225 5709 1303 5763 eis
1337 5710 1652 5779 mysterium
1686 5709 1980 5778 passionis.

733 5797 896 5861 XVII,
920 5798 1010 5850 2L
1048 5798 1384 5852 Venicntibus
1414 5812 1581 5854 autem
1610 5801 1715 5853 illis
1746 5802 1796 5854 in
1820 5800 2225 5869 Cap/tamtum,

2337 4617 2574 4689 πονηροῦ
2600 4635 2660 4670 τε
2688 4617 2782 4670 καὶ
2810 4618 3049 4687 ἀπηνοῦς
3074 4619 3382 4689 πνεύματος
3403 4619 3747 4689 ἠλευθέρωσέ
3766 4635 3895 4669 τινα.

2347 4710 2484 4763 Ἀλλ’
2511 4709 2618 4762 ἔδει
2667 4708 2882 4771 πάντως
2936 4708 3097 4762 αὑτὸν
3144 4709 3203 4762 τὸ
3251 4714 3515 4779 σωτήριον
3566 4710 3706 4780 ὑπὲρ
3753 4709 3898 4778 ἡμῶν

2335 4803 2620 4871 ὑπομεῖναι
2684 4801 2894 4864 πάθος,
2966 4802 3060 4854 καὶ
3120 4802 3216 4871 τῆς
3262 4803 3528 4854 Ἰουδαίων
3578 4800 3898 4872 ἀνασχέσθαι

2335 4892 2652 4961 σκαιότητος
2676 4908 2689 4921 ·
2719 4884 2779 4943 οὗ
2808 4891 2870 4963 δὴ
2901 4893 3204 4959 γεγονότος,
3238 4892 3356 4944 οὐδὲ
3388 4892 3617 4955 ἀπεικὸς
3664 4895 3719 4944 ἐν
3750 4891 3900 4961 θορό-

2333 4980 2449 5044 6οις
2481 4979 2696 5033 ἔσεσθαι
2728 4982 2852 5044 τοὺς
2890 4981 3157 5051 μαθητὰς,
3209 4982 3425 5034 κάκεῖνό
3463 4999 3567 5034 που
3598 4983 3735 5052 τάχα
3776 4980 3901 5033 καθ’

2332 5074 2555 5137 ἑαυτοὺς
2604 5076 2803 5127 ἐννοεῖν
2861 5074 2956 5126 καὶ
3006 5074 3203 5141 λέγειν.
3242 5076 3300 5128 Ὀ
3344 5075 3636 5137 τοσούτους
3685 5075 3900 5143 νεκροὺς

2332 5167 2663 5236 ἀναστήσας,
2692 5166 2748 5218 ὲν
2782 5164 2998 5236 ἐξουσίᾳ
3024 5166 3317 5238 θεοπρεπεῖ
3340 5166 3433 5219 καὶ
3460 5165 3755 5229 θαλάσσαις
3781 5168 3900 5217 ἑπι-

2330 5258 2505 5327 τιμῶν
2534 5259 2627 5312 καὶ
2654 5258 3019 5329 πνεύμασιν,ό
3040 5259 3180 5329 λόγῳ
3203 5258 3499 5330 συντρίϐων
3530 5258 3622 5311 τὸν
3643 5260 3898 5314 Σατανᾶν.

2332 5336 2450 5410 πῶς
2496 5345 2611 5418 ἥλω
2657 5349 2793 5413 νυνὶ,
2823 5349 2916 5402 καὶ
2951 5352 3063 5412 τοῖς
3113 5350 3220 5402 τῶν
3253 5348 3539 5417 φονώντων
3576 5349 3899 5419 ἐμπέπτωκε

2332 5440 2586 5512 βρόχοις;
2635 5442 2776 5510 Ἀρα
2806 5441 3165 5512 ἡπατήθημεν
3218 5441 3348 5494 Θεὸν
3402 5437 3544 5495 εἶναι
3596 5440 3901 5511 νομίζοντες

2330 5530 2635 5584 αὐτόν.”¹1να
2666 5530 2846 5584 τοίνυν
2876 5530 3065 5585 εἰδεῖεν
3113 5531 3176 5583 τὸ
3223 5533 3397 5601 πάντη
3441 5548 3500 5583 τε
3557 5532 3649 5585 καὶ
3686 5531 3899 5591 πάντως

2328 5623 2607 5691 ἐσόμενον,
2638 5621 2940 5693 προμηνύει
2970 5624 3154 5687 αὐτοῖς
3199 5622 3292 5676 τοῦ
3342 5623 3547 5688 πάθους
3587 5624 3645 5677 τὸ
3689 5622 3899 5692 μυστήο

2332 5731 2466 5785 ριον.

2414 5806 2742 5882 Ἐλθόντων
2789 5804 2855 5860 δὲ
2899 5806 3096 5860 αὐτῶν
3139 5808 3224 5872 εἰς
3268 5805 3669 5874 Καπερναοὺμ,
3702 5818 3894 5873 πρασ-
