4094 6494
213 447 308 504 ιὲθ

1334 437 1705 495 -ΟυΜΜΕΝἸἏ
1745 436 1809 491 IN
1849 436 1976 490 MM
1996 431 2282 490 TIIASUM.

3322 437 3429 492 430

212 556 388 625 ἦλθον
424 552 477 605 οι
521 547 589 602 τὰ
638 548 932 619 δίδραχμα
977 552 1383 618 λαμσανοντες
1429 548 1512 613 τῷ
1560 548 1752 614 Πέτρῳ

1871 552 2199 597 accesserunt
2226 538 2651 611 quididrachma
2697 537 3019 609 accipiebant
3064 542 3132 595 ad
3184 539 3423 605 Petrum.

210 644 298 700 καί
324 641 523 696 εἶπον·
559 638 620 690 '0
647 636 1012 703 διδάσκαλος
1036 636 1203 706 ὑμῶν
1245 639 1316 691 οὐ
1364 638 1527 691 τελεῖ
1566 638 1637 689 τὰ
1671 636 1757 688 δί-

208 734 461 803 δραχμας
488 726 655 796 Λέγει
674 742 688 757 ’
714 726 848 782 Ναί.

283 820 429 892 Ἐμοὶ
464 819 627 882 δοκεῖ,
658 818 740 871 ὅτι
775 816 916 871 κατὰ
952 816 1108 871 πόλιν
1142 817 1381 888 ἑκάστην
1421 817 1663 888 ἀπῄτουν
1690 815 1759 869 τὰ

207 918 481 987 δίδραχμα,
516 913 595 967 διδ
640 913 735 966 καὶ
769 914 826 965 ὲν
856 914 1230 985 Καπερναοὺμ
1260 914 1527 985 εἰσῆλθον,
1573 913 1760 983 ἐπειδὴ

208 1008 390 1078 πατρὶς
416 1002 648 1076 Χριστοῦ
683 1004 961 1075 ἐνομίζετο
980 1019 992 1032 ·
1027 1007 1123 1059 καὶ
1161 1005 1485 1076 πανούργως
1511 1006 1757 1077 ἐρωτῶσι

206 1102 287 1154 τὸν
311 1097 510 1168 Πέτρον
532 1113 547 1127 ·
575 1094 820 1167 Ἐπειδὴ,
844 1094 1031 1166 φησὶν,
1062 1094 1183 1159 ἔθος
1219 1096 1332 1166 ἔχει
1362 1098 1473 1158 τοῖς
1510 1094 1603 1149 τοῦ
1635 1097 1761 1150 Μω-

207 1194 330 1254 σέως
352 1188 806 1260 ἀντιπράττεσθαι
825 1189 1031 1260 νόμοις,
1049 1189 1169 1242 οὐδὲ
1191 1188 1250 1241 τὸ
1269 1188 1560 1258 δίδραχμον
1582 1187 1754 1256 τελεζο

204 1283 344 1347 εἰδὼς
370 1283 449 1335 ὅτι
476 1280 571 1334 καὶ
599 1280 628 1332 6
654 1280 888 1351 Χριστὸς
912 1276 980 1352 ἦν
1005 1280 1176 1334 είπών
1196 1298 1209 1311 ·
1261 1297 1279 1331 ι
1313 1279 1425 1333 Ούκ
1462 1275 1623 1349 ἦλθον
1671 1295 1761 1331 κα-

203 1378 416 1433 ταλῦσαι
447 1374 539 1430 τὸν
585 1374 769 1444 νόμον,
804 1373 940 1427 ἀλλά
988 1372 1296 1444 πληρῶσαι,
1326 1392 1343 1425 ι
1395 1373 1490 1426 καὶ
1537 1373 1619 1426 ὃτι
1662 1372 1759 1442 τῆς

200 1467 494 1538 οἰκονομίας
528 1468 556 1520 6
585 1465 783 1537 τρύπος
814 1465 970 1519 τοῦτο
994 1466 1234 1518 ἀπαιτεῖ.
1271 1464 1494 1527 Τούτοις
1522 1464 1619 1534 μὲν
1665 1460 1758 1517 οὖν

201 1558 338 1614 εἶπεν
368 1561 396 1612 6
425 1557 651 1629 Πέτρος,
676 1559 759 1611 ὅτι
787 1559 958 1610 τελεῖο
1008 1555 1083 1627 τῷ
1112 1555 1167 1609 δὲ
1193 1554 1415 1627 Χριστῷ
1443 1555 1544 1609 ούκ
1575 1551 1753 1622 εἷπεν,

200 1653 315 1714 ίσως
343 1648 610 1721 ἐρυθριῶν
637 1650 777 1720 ὑπὲρ
803 1650 1007 1703 τούτων
1039 1646 1402 1717 διαλεχθῆναι.
1478 1706 1481 1709 μ

261 1743 385 1797 Ἵνα
410 1740 477 1793 δὲ
508 1740 597 1809 μὴ
636 1740 1140 1808 σκανδαλίσωμεν
1167 1738 1408 1805 αὐτοὺς,
1448 1737 1760 1805 πορευθεὶς

200 1833 277 1896 εις
301 1829 408 1897 τὴν
427 1830 772 1895 θάλασσαν,
793 1828 954 1895 ,βάλε
989 1829 1332 1898 ἄγκιστρον,
1352 1828 1451 1882 καὶ
1481 1828 1588 1882 τὸν
1611 1828 1758 1883 ἄνα-

1861 642 1909 685 et
1943 633 2233 689 dixerunt:
2260 630 2513 701 Hagister
2550 636 2716 682 vester
2744 644 2847 682 non
2877 629 3027 683 solvit
3077 631 3409 687 didraclmia’

1861 723 1947 774 Ait
1981 738 1999 774 :
2026 721 2228 777 Etiam.

1928 810 2039 882 64
2063 812 2191 866 Mihi
2218 811 2472 866 videntur
2508 824 2604 879 per
2630 808 2873 878 singulas
2907 809 3152 867 civitates
3181 812 3427 868 didrach-

1860 919 1946 959 ma
1970 903 2236 971 exegisse,
2259 903 2487 972 ideoque
2519 905 2570 960 in
2605 905 2984 975 Capharnaum
3019 903 3249 973 ingressi
3274 914 3420 969 sunt,

1858 993 1986 1061 quia
2015 994 2189 1061 patria
2220 993 2421 1047 Christi
2447 994 2772 1063 putabatur;
2797 999 2853 1048 et
2878 1002 3057 1047 astute
3089 995 3424 1066 interrOgant

1858 1083 2079 1141 Petrum
2107 1102 2119 1139 :
2143 1084 2301 1153 Quia,
2320 1086 2514 1155 inquit,
2539 1085 2677 1142 solet
2697 1086 2904 1157 legibus
2933 1084 3097 1140 Mosis
3124 1088 3423 1153 adversari,

1859 1187 2035 1243 neque
2090 1174 2408 1228 didrachma
2466 1174 2669 1230 solvit?
2715 1189 2822 1231 non
2877 1176 3097 1231 nescius
3146 1176 3422 1231 Christum

1860 1264 2104 1319 dixisse:
2135 1283 2153 1316 ι
2189 1262 2308 1319 Non
2339 1265 2461 1320 veni
2488 1266 2700 1322 solvere
2723 1267 2918 1337 legem,
2952 1267 3045 1320 sed
3071 1266 3421 1337 adimplere,»

1858 1365 1918 1410 et
1960 1355 2384 1427 dispensationis
2440 1358 2658 1413 modum
2715 1359 2825 1414 hoc
2872 1359 3180 1428 postulare;
3224 1360 3428 1415 idcirco

1860 1447 2138 1516 respondit
2172 1446 2238 1500 iis
2284 1446 2497 1511 Petrus,
2549 1463 2673 1503 eum
2719 1449 2933 1506 solvere
2960 1489 2975 1515 ,
3028 1450 3249 1505 Christo
3296 1466 3426 1507 vero

1861 1553 1966 1593 non
1999 1538 2155 1606 dixit,
2191 1540 2518 1597 erubescens
2550 1543 2783 1597 fortasse
2809 1541 2876 1597 de
2910 1542 3059 1598 hisce
3082 1544 3250 1612 loqui.

1931 1729 2098 1797 XVII,
2129 1732 2224 1788 27.
2256 1732 2328 1787 Ut
2357 1745 2535 1791 autem
2563 1754 2665 1792 non
2695 1739 3120 1795 scandalizemus
3148 1756 3257 1806 eos,
3296 1743 3428 1797 vade

1860 1824 1929 1877 ad
1958 1839 2125 1889 mare,
2158 1833 2209 1878 et
2245 1824 2390 1879 mitte
2415 1825 2653 1894 hamum,
2681 1839 2729 1883 et
2760 1845 2876 1883 eum
2893 1830 3089 1895 piscem
3112 1832 3201 1899 qui
3226 1832 3426 1899 primus

200 1919 363 1973 ϐάντα
392 1917 628 1987 πρῶτον
652 1919 828 1987 ἰχθὺν
858 1913 1031 1987 ἆρον·
1060 1918 1157 1971 καὶ
1187 1918 1435 1985 ἀνοίξας
1463 1921 1528 1972 τὸ
1559 1920 1752 1987 στόμα

1857 1916 2173 1980 ascenderit,
2205 1915 2330 1971 tolle
2362 1932 2381 1972 :
2411 1928 2461 1971 et
2488 1930 2666 1985 aperto
2698 1935 2786 1979 OJ't!
2810 1919 2945 1992 ejus,
2988 1922 3223 1980 invenies
3257 1938 3395 1983 state

198 2009 363 2064 αὐτοῦ
394 2008 677 2078 εὑρήσεις
698 2009 986 2079 στατῆρα.
1004 2009 1272 2064 Ἐκεῖνον
1288 2008 1489 2066 λαϐὼν
1508 2009 1614 2077 δὸς
1642 2013 1751 2065 αὺ-

199 2102 307 2168 τοῖς
330 2100 459 2155 ἁντὶ
485 2102 636 2171 ἐμοῦ
669 2101 769 2157 καὶ
804 2101 944 2157 σοῦ.

267 2192 513 2246 Ἦδύνατο
542 2195 573 2246 6
606 2194 798 2265 Σωτὴρ
824 2192 918 2247 καὶ
941 2194 1005 2246 ὲκ
1035 2194 1132 2265 τῆς
1162 2194 1265 2264 γῆς
1292 2196 1635 2265 παραγαγεῖν
1662 2192 1751 2247 τὸν

198 2285 419 2356 στατῆρα
437 2300 453 2315 ⁸
499 2286 607 2339 οὐκ
649 2286 871 2354 ἐποίησε
899 2285 956 2338 δὲ
982 2286 1159 2351 τοῦτο,
1187 2286 1303 2341 ἀλλ’
1330 2288 1395 2341 ὲκ
1424 2286 1524 2357 τῆς
1554 2286 1752 2341 θαλάσ-

197 2392 283 2445 σης
304 2377 360 2429 τὸ
391 2379 619 2449 σημεῖον
645 2377 959 2448 εἰργάσατο,
990 2379 1077 2433 ἵνα
1106 2378 1257 2451 δείξῃ
1289 2379 1586 2451 μυστήριον
1618 2380 1751 2450 ἡμῖν

197 2465 407 2536 Θεωρίας
436 2467 925 2538 ἔμπλεων.Ἦμεῖς
954 2470 1062 2540 γάρ
1088 2471 1256 2541 ἐσμεν
1276 2471 1324 2522 οἱ
1352 2469 1532 2540 ἰχθύες
1555 2470 1755 2541 θηρευ-
1794 2500 1807 2513 -

194 2556 360 2621 θέντες
379 2560 440 2611 ὲκ
461 2559 574 2612 τῶν
600 2558 695 2611 τοῦ
720 2558 835 2629 βίου
854 2560 1110 2631 ταραχῶν
1136 2560 1224 2614 διὰ
1245 2561 1353 2614 τῶν
1377 2560 1752 2616 ἀποστολικῶν

194 2650 787 2724 διδαγμάτων.Ἐχομεν
836 2654 893 2707 δὲ
940 2655 999 2707 ὲν
1049 2658 1162 2719 τοῖς
1192 2657 1451 2727 στόμασιν
1478 2657 1634 2728 ἡμῶν
1659 2658 1751 2711 τὸν

198 2743 435 2816 στατῆρα,
462 2744 717 2797 τουτέστι
743 2744 834 2799 τὸν
863 2745 1119 2817 Χριστόν,

200 2854 295 2909 Τοῦ
321 2854 486 2927 άῃίου
511 2858 819 2927 Κυρίλλου
846 2858 1181 2913 ἐπισκόπου
1219 2858 1663 2927 Ἀλεξανδρείας
1681 2876 1751 2915 εκ

333 2924 447 2978 τῶν
465 2927 556 2992 εἰς
598 2924 667 2979 τὸ
700 2927 853 2981 κατὰ
876 2929 1179 2982 Μαι-θαῖον
1206 2924 1589 3000 Εὺαγγέλιον.

273 3034 326 3087 '0
351 3036 554 3108 στατὴρ
588 3035 664 3107 (I)
690 3038 717 3090 6
737 3037 988 3108 ἀληθινός
1012 3057 1070 3092 τε
1096 3042 1188 3092 καὶ
1232 3041 1440 3112 νοητὸς,
1476 3041 1569 3094 καὶ
1592 3041 1668 3106 ὼς
1691 3043 1750 3095 ὲν

195 3124 330 3195 τύπῳ
358 3126 432 3197 τῷ
471 3128 531 3193 ἐξ
574 3127 707 3198 ὕλης
734 3128 1082 3201 δηλούμενος,
1118 3132 1279 3195 αὑτός
1309 3133 1453 3186 ἐστιν
1484 3134 1512 3184 6
1546 3133 1748 3205 Κύριος

166 3228 167 3231 ‘
194 3218 331 3287 ἡμῶν
380 3219 587 3290 Ἰησοῦς
620 3220 874 3291 Χριστὸς,
905 3223 933 3275 6
968 3221 1186 3286 διπλοῦς
1214 3223 1522 3295 χαρακτήρ.

252 3310 398 3363 Ὅσα
419 3310 527 3364 ἐὰν
556 3309 787 3379 δήσητε
815 3312 912 3365 ἐπὶ
944 3311 1053 3382 τῆς
1080 3313 1212 3384 γῆς,
1241 3331 1296 3367 κ.
1326 3331 1380 3372 τ.
1408 3314 1462 3371 λ.

254 3492 650 3565 Ἐπειδὴδίδωσι
679 3497 791 3558 τοῖς
824 3489 882 3548 τὸ
906 3496 1174 3552 διδάσκειν
1196 3496 1474 3567 λαχοῦσιν,
1497 3499 1745 3566 ἐξουσίαν

195 3584 275 3636 τοῦ
296 3584 432 3637 λύειν
460 3586 559 3639 καὶ
583 3584 823 3655 δεσμεῖν,
854 3589 881 3641 6
904 3588 1155 3660 Χριστὸς,
1187 3588 1261 3662 μὴ
1296 3589 1744 3661 μεταφοιτώντων

195 3675 288 3729 τῶν
314 3673 452 3741 ἅπαξ
481 3676 852 3731 ἐκκλινάντων
884 3679 1020 3750 πρὸς
1050 3678 1235 3749 ἔφεσιν
1264 3682 1486 3753 ἀρετῆς,
1520 3682 1625 3754 χρὴ
1659 3682 1747 3735 δε-

195 3766 342 3820 διέναι
373 3767 468 3831 τὰς
502 3768 617 3822 τῶν
645 3768 815 3837 ἀγίων
845 3770 1047 3839 φωνὰς,
1096 3773 1200 3825 κᾶν
1252 3772 1325 3844 μὴ
1378 3773 1561 3827 πολλοί
1607 3791 1749 3837 τινες

197 3854 291 3911 εἷεν
323 3861 369 3912 oi
395 3859 742 3931 διορίζοντες.
779 3863 1243 3933 Πεπληροφόρηκε
1289 3864 1397 3937 γὰρ
1447 3866 1540 3919 καὶ
1588 3865 1749 3918 τοῦτο

196 3950 325 4018 ἡμᾶς
346 3953 372 4003 6
396 3952 652 4021 Χριστὸς,
687 3952 808 4022 οὐχ).
837 3954 1008 4024 δήπου
1039 3955 1278 4022 πάντως,
1321 3958 1401 4010 ὅτι
1444 3958 1508 4011 ὲκ
1536 3956 1747 4011 πολλῶν

197 4043 330 4095 ἔσται
369 4042 585 4112 βέϐαιον
627 4042 817 4109 εἰπὼν,
859 4044 972 4098 ἀλλ’
1012 4047 1060 4098 εἰ
1106 4048 1201 4100 καὶ
1245 4048 1336 4100 δύο
1377 4048 1468 4103 τὸν
1517 4049 1749 4119 ἀριθμὸν

198 4134 475 4203 συμφώνως
512 4135 611 4187 καλ⁵
646 4138 1128 4207 περιεσκεμμένως
1164 4140 1426 4211 ὁρίσειαν,
1456 4144 1535 4205 εἰς
1575 4141 1750 4213 πέρας

194 4225 325 4295 ἥξειν
366 4226 851 4297 ἐπαγγειλάμενος.
907 4229 1204 4301 Συνέσομαι
1255 4232 1384 4302 γὰρ,
1436 4233 1606 4303 φησὶ,
1654 4234 1749 4287 καὶ

196 4318 666 4388 συνοριῶ,εἰρμόνοι
690 4318 782 4371 δύο
813 4320 1125 4390 συναχθείεν
1147 4322 1214 4374 δι’
1233 4323 1331 4393 spe
1352 4340 1363 4353 °
1392 4324 1451 4375 οὐ
1474 4323 1581 4394 γὰρ
1604 4323 1746 4396 [τὸν]

194 4408 285 4460 τῶν
306 4410 591 4462 συνιόντων
623 4409 878 4481 ἀριθμὸν.
908 4411 1043 4463 ἀλλά
1074 4412 1171 4482 τὴν
1203 4414 1303 4482 τῆς
1337 4414 1619 4478 εὐσεϐείας
1654 4417 1748 4471 καὶ

193 4499 441 4564 φιλοθεῖας
473 4500 704 4572 δύναμιν
740 4503 960 4573 ἐνεργὸν
996 4505 1320 4575 γενήσεσθαί
1360 4523 1510 4576 φησι.

262 4673 571 4729 Ἕκέλευσε
618 4675 914 4744 πραθῆναι
954 4678 1156 4743 αὐτὸν,
1204 4680 1300 4732 καὶ
1350 4680 1463 4749 τὴν
1487 4684 1739 4750 γυναῖκα

190 4762 373 4828 αὐτοῦ,
403 4765 499 4818 καὶ
531 4765 604 4817 τὰ
628 4766 829 4819 τέκνα.

248 4853 337 4906 Διά
366 4856 463 4925 τῆς
510 4856 769 4927 πράσεως
798 4856 898 4927 τῆς
930 4858 1203 4925 γυναικὸς,
1240 4861 1332 4912 καὶ
1365 4861 1471 4913 τῶν
1516 4862 1737 4929 λοιπῶν,

190 4946 488 5012 σημαίνεται
533 4948 642 5001 τῶν
672 4949 822 5019 παρὰ
854 4948 987 5002 Θεοῦ
1012 4950 1258 5019 τερπνῶν
1284 4954 1315 5021 ή
1343 4954 1421 5017 εἰς
1451 4953 1595 5007 ἅπαν
1636 4958 1741 5024 ἀφ-

188 5036 395 5105 αίρεσις,
420 5040 513 5091 καὶ
537 5040 858 5103 ἀπόπτωσις
893 5042 1182 5112 παντελής.
1201 5044 1262 5096 'Il
1288 5045 1395 5118 γὰρ
1419 5048 1620 5118 πρᾶσις
1640 5048 1738 5119 τὴν

187 5124 281 5177 ἀπὸ
306 5126 434 5180 Θεοῦ
466 5129 620 5200 δηλοί
641 5131 1016 5201 ἀλλοτρίωσιν.

249 5219 664 5286 Εὑκοπὼτερόν
713 5222 843 5275 ἐστι
889 5222 1166 5291 κάμηλον
1214 5225 1309 5278 διὰ
1358 5228 1728 5297 τρυπήματος

182 5305 413 5374 ῥαφίδος
439 5308 713 5365 διελθεῖν.

248 5398 497 5469 Κάμηλον
522 5401 753 5455 ἐνταῦθά
785 5420 969 5474 φησιν,
996 5406 1057 5457 οὐ
1085 5406 1144 5459 τὸ
1167 5406 1302 5470 ζῶον
1326 5408 1387 5460 τὸ
1412 5410 1733 5482 ἀχθοφόρον,

1859 2024 1966 2063 rem
1992 2024 2013 2075 ;
2043 2008 2194 2063 illum
2206 2026 2434 2081 sumens,
2458 2011 2531 2069 da
2556 2016 2631 2071 eis
2646 2033 2743 2085 pro
2771 2034 2851 2073 me
2871 2029 2917 2073 et
2942 2029 3008 2073 te.

1928 2184 2425 2261 Potuisset'utique
2470 2189 2724 2249 Salvator
2766 2193 2928 2250 etiam
2988 2210 3056 2252 ex
3108 2206 3249 2253 terra
3310 2207 3421 2255 sta-

1860 2287 2028 2333 terem
2070 2278 2329 2346 ell'odere,
2376 2281 2551 2338 noluit
2599 2294 2805 2351 autem,
2841 2286 2936 2341 sed
2964 2302 2996 2342 e
3026 2290 3162 2343 mari
3212 2290 3437 2365 signum,

1859 2368 2166 2436 arcessivit,
2228 2379 2289 2425 ut
2337 2377 2654 2444 mysterium
2714 2375 2871 2431 nobis
2921 2377 3173 2434 innueret
3226 2396 3426 2439 arcana

1859 2459 2213 2529 intelligentia
2244 2461 2638 2530 plenissimum.
2688 2465 2796 2522 Nos
2834 2467 2978 2524 enim
3025 2471 3205 2540 pisces
3233 2487 3426 2529 sumus

1856 2563 1924 2604 ex
1952 2551 2080 2605 vita:
2115 2565 2181 2606 ac
2232 2553 2415 2608 surculi
2464 2558 2878 2625 tempestatibus
2937 2563 3246 2630 apostolicae
3290 2580 3428 2634 prae-

1859 2639 2157 2696 dicationis
2184 2642 2392 2711 piscatu
2438 2647 2673 2715 quodam
2705 2651 2962 2704 extracti.
3020 2649 3297 2710 Habemus
3322 2669 3425 2709 au-

1858 2739 1965 2784 tem
1994 2730 2047 2786 in
2072 2745 2171 2788 ore
2194 2732 2302 2805 65
2326 2742 2602 2805 staterem,
2631 2736 2837 2794 scilicet
2862 2738 3168 2797 Christum.

1855 2848 2042 2906 Sancti
2079 2850 2266 2923 Cyrilli
2308 2853 2536 2923 episcOpi
2565 2853 2903 2910 Alexandria:
2945 2872 3009 2910 ea:
3053 2862 3424 2915 commentario

2260 2924 2319 2977 in
2338 2922 2593 2979 'Mattlitei
2621 2924 2984 2996 Evangelium.

1927 3034 2109 3092 Stater
2131 3052 2293 3093 verus
2321 3052 2385 3094 ac
2414 3037 2817 3105 intellectualis,
2865 3039 2919 3093 in
2955 3049 3081 3111 typo
3109 3041 3275 3098 veluti
3309 3061 3426 3098 ma-

1856 3127 2032 3182 teriali
2096 3130 2389 3196 exhibitus,
2435 3131 2548 3205 ipse
2601 3141 2684 3186 est
2736 3131 2993 3187 Dominus
3044 3143 3225 3190 uoster
3266 3134 3426 3192 Iesus

1853 3216 2124 3284 Christus,
2156 3219 2349 3288 duplex
2380 3222 2677 3278 character.

1924 3308 2036 3379 66
2088 3307 2292 3376 XVIII,
2351 3311 2437 3367 18.
2495 3311 2833 3384 Quwcunque
2886 3312 3233 3384 altigaoeritis
3269 3332 3427 3386 super

1847 3408 2060 3465 terram,
2089 3409 2193 3455 etc.
2700 3392 2705 3397 ’

1872 3525 1877 3533 ν
1923 3490 2056 3555 Quia
2082 3489 2232 3545 dedit
2264 3491 2353 3556 iis,
2383 3492 2475 3561 qui
2520 3491 2748 3547 docendi
2801 3509 3000 3549 munus
3044 3496 3224 3552 sortiti
3252 3508 3421 3564 sunt,

1850 3588 2175 3650 potestatem
2232 3580 2431 3651 ligandi
2488 3592 2650 3652 atque
2688 3586 2932 3641 solvendi
2970 3587 3218 3645 Christus
3250 3630 3266 3656 ,
3313 3607 3416 3646 non

1849 3686 2139 3727 conversos
2172 3685 2288 3736 eos,
2337 3674 2426 3742 qui
2456 3676 2622 3729 semel
2678 3677 2744 3730 ad
2796 3678 3111 3733 sectandam
3166 3680 3419 3735 virtutem

1849 3761 2000 3816 fuere
2047 3761 2300 3831 propensi
2357 3773 2671 3820 sanctorum
2728 3781 2888 3821 voces
2944 3766 3139 3823 timere
3186 3778 3418 3838 oportet,

1851 3852 1954 3906 etsi
1987 3866 2091 3906 non
2120 3852 2270 3906 multi
2304 3854 2409 3908 sint
2432 3855 2521 3922 qui
2553 3856 2777 3910 delinire
2800 3858 2850 3911 id
2878 3860 3421 3927 possunt:certiores

1850 3943 1993 3997 enim
2028 3942 2093 3995 de
2126 3942 2231 3996 hoc
2258 3956 2353 3997 nos
2388 3942 2637 3999 Christus
2665 3945 2812 4012 fecit,
2838 3963 2944 4002 non
2980 3950 3169 4019 utique
3195 3953 3419 4007 omnino

1850 4047 1913 4086 ex
1952 4032 2135 4087 multis
2160 4033 2631 4090 conﬁrmationem
2666 4038 2782 4092 fore
2807 4039 3012 4104 dicens,
3047 4042 3141 4095 sed
3175 4044 3278 4098 etsi
3303 4045 3412 4099 duo

1850 4139 2098 4188 numero,
2158 4127 2551 4181 consentiendo
2585 4136 2638 4182 et
2672 4129 3062 4200 circumspecte
3086 4132 3417 4203 deiinierint,

1852 4210 2009 4265 ﬁnem
2036 4213 2304 4279 promittit
2331 4224 2700 4271 assecuturos.
2747 4216 2919 4271 Simul
2963 4220 3108 4274 enim
3137 4261 3154 4287 ,
3195 4222 3412 4292 inquit,

1849 4317 1966 4365 ero,
2023 4303 2293 4384 simulque
2343 4305 2621 4372 deiiniam,
2659 4308 2758 4362 etsi
2790 4309 2898 4363 duo
2947 4310 3048 4365 soli
3098 4319 3410 4384 congregati

1850 4378 2296 4463 fuerint-propter
2326 4410 2450 4464 me;
2509 4413 2613 4451 non
2650 4400 2792 4453 enim
2838 4402 2999 4456 simul
3039 4404 3413 4462 exsistentium

1853 4500 2160 4547 numerum,
2189 4487 2283 4541 sed
2331 4488 2585 4557 pietatem
2634 4489 2839 4560 Deique
2866 4509 3103 4549 amorem
3142 4498 3414 4555 cllicacem

1852 4575 1963 4630 fore
1989 4578 2085 4631 ait.

1913 4690 2021 4760 67
2061 4689 2244 4756 XVIII,
2268 4689 2358 4745 25.
2391 4692 2555 4747 Jussit
2596 4711 2712 4748 eum
2757 4696 3085 4762 venundari,
3122 4708 3170 4751 et
3196 4716 3413 4757 uxorem

1843 4779 1976 4847 ejus,
2002 4790 2048 4832 et
2080 4780 2240 4848 ﬁlios.

1916 4869 2020 4924 Per
2086 4872 2453 4928 venditionem
2489 4878 2677 4931 uxoris
2709 4894 2771 4933 ac
2801 4882 3133 4953 reliquorum
3173 4884 3415 4939 innuitnr

1846 4962 2242 5017 delectabilium
2277 4967 2519 5020 omnium
2573 4984 2601 5022 a
2661 4970 2769 5026 Deo
2810 4974 2963 5042 plena
3010 4975 3278 5041 sublatio,
3343 4989 3410 5029 ac

1845 5054 2151 5108 omnimoda
2189 5055 2439 5125 privatio.
2475 5056 2601 5113 Haec
2652 5059 2796 5115 enim
2853 5066 3090 5120 venditio
3135 5065 3411 5121 alienatio-

1844 5160 1967 5198 nem
2000 5162 2028 5199 a
2057 5146 2168 5200 Deo
2199 5148 2461 5205 declarat.

1874 5250 1875 5253 ‘
1914 5233 2060 5300 XIX,
2092 5235 2185 5289 24.
2227 5236 2470 5295 Facilius
2497 5252 2570 5295 est
2605 5244 2864 5299 camelum
2900 5263 2993 5315 per
3020 5248 3260 5316 foramen
3280 5266 3408 5311 acus

1842 5328 2181 5395 pertransire.

1914 5418 2190 5473 Camelum
2220 5420 2307 5475 hic
2331 5423 2485 5492 dicit,
2510 5440 2612 5480 non
2642 5428 2842 5481 animal
2873 5430 3131 5486 oneribus
3172 5432 3414 5490 ferendis

187 5482 309 5537 ἀλλὰ
331 5488 397 5539 τὸ
420 5491 567 5560 παχὺ
591 5492 821 5561 σχοινίον
850 5497 910 5547 ὲν
940 5487 985 5563 ᾧ
1012 5497 1333 5567 δεσμεύουσι
1366 5499 1462 5562 τὰς
1491 5503 1736 5572 ἀγκύρας

1854 5506 2185 5573 lestinatum,
2207 5511 2300 5566 sed
2315 5527 2553 5568 crassum
2575 5515 2775 5584 funem,
2801 5519 2883 5571 cui
2916 5521 3180 5577 anchoras
3193 5524 3416 5594 alligant

186 5574 229 5625 ei
260 5577 610 5652 ναῦται.Ἥδη
644 5600 760 5647 πως
794 5587 962 5653 ὲγγὺς
989 5588 1085 5640 καὶ
1113 5588 1410 5660 ἀγχίθυρον
1460 5592 1557 5645 τοῦ
1608 5595 1735 5647 ἀδυ-

188 5665 331 5720 νάτού
349 5670 408 5722 τὸ
432 5671 619 5742 χρῆμα
640 5675 831 5741 τιθεὶς,
860 5677 1135 5732 δείκνυται
1159 5680 1257 5750 οὐχ
1283 5683 1310 5733 6
1336 5682 1516 5753 τυχὼν
1547 5686 1737 5756 μισθὸς

250 5845 321 5918 (I)
364 5846 417 5901 '0
456 5853 678 5924 στατὶιρ
709 5884 777 5894 -
806 5855 1129 5924 χαρακτήρ.
1162 5857 1264 5914 Mai
1302 5858 1366 5915 Β.
1398 5860 1468 5915 Ν.
1506 5861 1569 5928 ll,
1608 5864 1729 5920 481.

1841 5611 2035 5653 natiue.
2063 5599 2181 5655 iam
2200 5605 2598 5672 quodammodo
2622 5622 2734 5662 rem
2762 5608 3145 5678 impossibilem
3182 5630 3303 5671 esse
3334 5617 3416 5671 di-

1840 5704 1967 5747 cens
1987 5694 2224 5748 ostendit
2248 5710 2351 5751 non
2392 5698 2689 5766 quamlibet
2721 5702 3026 5758 mercedem
3069 5706 3324 5762 divitibus
3358 5716 3412 5762 et
