4094 6502
638 444 734 499 451

1679 435 1736 493 S.
1775 435 1855 489 CV
1871 433 2048 491 RlLLl
2090 430 2557 489 ALl-IXANDRINI
2597 430 2921 486 AliClllEl’.

3790 436 3890 494 ιτς

640 561 945 636 potentibus
975 555 1532 626 convenire.ldeoque
1565 556 1655 610 Dei
1668 554 1890 625 opusidi
1902 569 2055 625 psum
2087 568 2201 607 esse

2307 553 2421 614 τοῖς
2456 548 2733 614 πλουσίοις
2784 550 2881 603 καὶ
2930 548 3245 619 δυναμένοις
3299 548 3645 619 φιλοσοφεῖν⁸
3680 550 3759 604 διὸ
3804 556 3890 609 καὶ

639 661 738 724 ait,
776 667 833 711 ut
860 655 1113 710 ostendat
1163 662 1354 723 magna
1390 649 1567 722 gratia
1605 664 1743 720 opus
1794 662 1941 715 esse,
1981 655 2042 701 ιιι
2081 646 2204 716 quis

637 754 689 807 in
723 750 960 804 futurum
986 747 1085 801 hoc
1112 754 1259 800 recte
1291 743 1477 799 faciat.

704 944 847 1014 XIX,
880 944 969 1000 29.
1001 942 1314 1011 Centuplum
1359 939 1596 1010 accipiet.

717 1056 1239 1125 Subintelligendum
1267 1062 1351 1108 est
1372 1088 1388 1117 ,
1415 1053 1544 1107 licet
1578 1065 1686 1105 non
1717 1050 1904 1105 eadem
1940 1064 2063 1105 cum
2095 1048 2205 1104 dis-

634 1149 831 1219 cipnlis
864 1147 953 1201 alii
984 1145 1170 1200 ﬁdeles
1216 1150 1621 1211 consequantur
1641 1181 1655 1205 ,
1705 1141 1987 1195 habituros
2019 1150 2197 1194 tamen

635 1257 733 1312 pro
768 1237 1078 1294 carnalibus
1111 1236 1328 1304 quidem
1378 1234 1626 1302 cognatis
1664 1246 1785 1286 cum
1819 1229 1930 1285 Deo
1970 1226 2201 1287 familia-

634 1334 874 1395 ritatem,
906 1328 1408 1394 fraternitatemque
1444 1334 1636 1379 sancta
1677 1323 1898 1378 civitate
1933 1323 2204 1391 primoge-

631 1425 865 1478 nitorum
894 1430 1085 1484 matre,
1128 1419 1195 1472 ad
1243 1418 1406 1471 vitam
1450 1416 1569 1471 sine
1626 1414 1734 1469 ﬁne
1784 1414 2155 1481 accipiendam
2184 1453 2201 1477 ,

628 1531 750 1583 qtnc
777 1524 861 1569 est
889 1514 941 1568 in
998 1511 1252 1566 fruitione
1297 1508 1650 1577 sempiterna,
1685 1516 1742 1562 et
1782 1507 1833 1560 in
1886 1506 2096 1561 deliciis
2139 1520 2203 1561 ac

629 1605 773 1660 nulla
808 1619 1040 1674 unquam
1070 1602 1334 1657 bonorum
1371 1600 1723 1669 privatione;
1759 1599 1863 1652 hoc
1894 1599 2037 1652 enim
2072 1613 2199 1653 vera

627 1700 736 1752 vita
770 1709 871 1762 est,
910 1711 1034 1749 nam
1068 1694 1273 1763 alioqui
1325 1705 1380 1747 et
1429 1703 1745 1764 peccatores
1788 1692 1986 1745 victuri
2047 1703 2196 1748 sunt.

635 1788 840 1845 Omnes
873 1788 1015 1841 enim
1053 1798 1419 1855 resurgemus,
1450 1784 1544 1838 sed
1593 1798 1715 1837 eum
1776 1781 1825 1834 in
1857 1774 2031 1850 poenis
2082 1782 2201 1837 sine

627 1875 933 1931 cessatione
978 1873 1142 1926 futuri
1187 1875 1332 1938 sint,
1401 1872 1453 1925 in
1506 1880 1679 1925 morte
1726 1885 1850 1926 esse
1895 1872 2196 1926 dicuntur:

2310 641 2447 694 Θεοῦ
2486 641 2647 710 ἔργον
2675 638 2810 695 αὐτὸ
2850 640 3051 711 ἔφησεν
3079 635 3241 705 εἶναι,
3277 642 3364 695 ἵνα
3389 640 3539 712 δείξῃ
3576 642 3660 695 ὅτι
3690 642 3771 696 δεῖ
3798 646 3890 711 τῆς

2312 731 2533 802 χάριτος
2566 730 2647 802 τῷ
2683 731 2931 802 μέλλοντι
2961 730 3120 784 τοῦτο
3149 728 3473 802 κατορθοῦν.

2403 933 3031 989 Ἑκατονταπλασὶονα
3064 933 3343 1003 λήψεται.

2393 1046 2843 1117 Ἐπισημαντέον,
2874 1048 2957 1101 ὅτι
2983 1047 3085 1102 κᾶν
3114 1046 3188 1119 μὴ
3213 1045 3321 1100 τῶν
3348 1044 3530 1101 αὐτῶν
3558 1046 3676 1113 τοῖς
3721 1052 3891 1123 μαθη-

2307 1143 2428 1204 ταῖς
2460 1140 2510 1193 οἱ
2542 1140 2720 1195 λοιποὶ
2766 1142 3121 1214 ἐπιτύχωσιν,
3167 1140 3283 1196 ἀλλ’
3316 1142 3465 1211 ὅμως
3512 1143 3733 1208 ἕξουσιν
3778 1147 3891 1201 ἀντὶ

2310 1231 2412 1303 μὲν
2436 1231 2543 1285 τῶν
2564 1232 2710 1287 κατά
2731 1235 2910 1305 σάρκα
2929 1232 3229 1303 συγγενῶν,
3249 1232 3384 1304 πρὸς
3406 1231 3539 1286 Θεὸν
3563 1237 3890 1307 οἰκειότητα,

2307 1323 2402 1377 καὶ
2444 1322 2543 1394 τὴν
2590 1324 2930 1397 ἀδελφότητα
2959 1325 3058 1397 τὴν
3106 1324 3244 1397 πρὸς
3272 1324 3434 1393 ἁγίαν
3468 1325 3626 1380 πόλιν
3658 1327 3761 1399 τὴν
3791 1330 3893 1383 τῶν

2308 1417 2672 1487 πρωτοτόκων
2725 1416 2960 1488 μητέρα,
3009 1419 3147 1490 πρὸς
3188 1423 3251 1477 τὸ
3299 1423 3661 1494 ἀτελεύτητο.
3718 1420 3893 1474 λαϐεῖν

2308 1506 2474 1576 ζωὴν,
2505 1509 2532 1561 ὃ
2559 1510 2707 1561 ἐστιν
2736 1510 2794 1562 ὲν
2820 1506 3118 1564 ἀπολαύσει
3148 1507 3286 1569 εἶναι
3316 1516 3422 1580 ἀεὶ,
3452 1516 3549 1569 καὶ
3590 1515 3650 1566 ὲν
3692 1516 3890 1583 τρυφῇ,

2307 1601 2402 1653 καὶ
2450 1599 2557 1652 τῶν
2601 1600 2824 1668 ἀγαθῶν
2877 1603 3145 1672 μηδέποτε
3173 1608 3485 1679 στέρεσθαι.
3514 1606 3693 1660 Τοῦτο
3723 1608 3830 1677 γάρ
3856 1610 3893 1677 ’ἡ

2305 1687 2512 1760 ἀληθὴς
2535 1688 2672 1761 ζωὴ,
2698 1690 2818 1743 ἐπεὶ
2842 1691 2936 1744 καὶ
2963 1692 3010 1744 oi
3033 1694 3349 1764 ἁμαρτωλοὶ
3382 1695 3538 1759 ζῶσι.
3557 1697 3771 1758 Πάντες
3791 1696 3893 1766 γάρ

2306 1780 2662 1853 ἀνιστάμεθα,
2693 1782 2807 1835 ἀλλ’
2842 1784 3029 1854 ἐπειδὴ
3057 1787 3116 1839 ὲν
3145 1786 3403 1858 ἀλήκτοις
3444 1788 3706 1858 βασάνοις
3740 1789 3892 1841 ἔσον-

2304 1889 2416 1934 ται,
2451 1873 2507 1925 ὲν
2540 1873 2795 1938 θανάτοις
2824 1872 3073 1944 λέγονται
3105 1871 3243 1932 εῖναι
3265 1896 3277 1908 ·
3327 1875 3410 1943 οἷς
3454 1881 3638 1951 πολλῷ
3670 1881 3892 1950 βελτίων

627 1970 824 2038 quibus
874 1965 1042 2019 multo
1085 1964 1277 2018 melior
1341 1978 1487 2018 mors
1523 1963 1625 2017 hoc
1658 1972 1799 2018 statu
1851 1972 1952 2017 est.
2006 1963 2198 2017 Verum

2303 1964 2330 2016 ό
2360 1962 2590 2028 θάνατος
2618 1966 2716 2036 τῆς
2739 1967 2994 2039 τοιαύτης
3037 1972 3448 2036 καταστάσεως.
3481 1974 3630 2044 Πλὴν
3662 1973 3891 2042 ἐπείπερ
3916 1994 3921 2000 ·

628 2077 752 2116 cum
807 2060 1018 2113 Marcus
1066 2050 1109 2089 ⁸³
1139 2058 1285 2111 dicat
1328 2055 1495 2111 multo
1540 2055 1691 2124 plura
1750 2058 1801 2110 in
1850 2056 1951 2109 hoc
2003 2055 2200 2110 saeculo

631 2161 975 2221 accepturos,
1006 2166 1195 2204 rursus
1228 2152 1293 2204 de
1326 2149 1699 2219 spiritualibus
1740 2148 1932 2219 gratiis
1974 2147 2199 2203 multum

627 2244 783 2321 hisce
846 2243 1076 2297 terrenis
1119 2238 1555 2310 praecellentibus
1605 2255 1619 2289 :
1683 2253 1804 2309 quae
1849 2248 1978 2293 eunt
2023 2238 2201 2292 arrhte

627 2337 871 2403 quaedam
921 2332 1228 2387 futurorum
1266 2333 1527 2384 bonorum
1555 2346 1690 2399 quas
1740 2330 1832 2400 qui
1892 2330 2095 2384 habent
2143 2330 2199 2385 in

626 2424 877 2479 maximis
907 2432 1030 2478 sunt
1066 2421 1423 2492 dignitatibus
1447 2461 1463 2484 ,
1507 2421 1760 2475 omnibus
1803 2420 2200 2491 quodammodo

625 2516 935 2571 hominibus
961 2515 1029 2569 ad
1060 2524 1278 2569 sanctos
1300 2513 1730 2580 accurrentibus,
1770 2522 1827 2567 ut
1858 2527 1953 2581 per
1985 2527 2079 2568 eos
2120 2514 2202 2568 di-

625 2610 750 2664 vina
779 2608 947 2679 gratia
984 2606 1257 2661 fruantur.
1317 2604 1431 2659 Non
1486 2607 1685 2660 multos
1736 2605 1903 2675 igitur
1947 2620 2045 2675 pro
2091 2619 2199 2659 uno

628 2712 803 2771 patre,
848 2708 941 2755 aut
981 2700 1179 2754 multas
1212 2712 1310 2768 pro
1340 2710 1445 2752 una
1492 2706 1689 2765 matre,
1739 2706 1833 2752 aut
1886 2712 2047 2768 agros
2101 2712 2199 2767 pro

627 2795 816 2863 paucis
842 2793 1041 2849 multos
1063 2794 1352 2863 accipient,
1375 2790 1681 2861 inquit,sed
1707 2790 1989 2844 terrestria
2018 2790 2197 2844 omnia

630 2885 750 2940 sine
784 2884 1163 2939 controversia
1208 2880 1527 2939 excedentia
1580 2881 1821 2937 caelestia
1854 2890 2197 2950 consequen-

629 2986 738 3043 tur,
768 2977 879 3049 69
903 2977 976 3030 ita
1005 2985 1061 3031 ut
1088 2976 1154 3031 iis
1184 2990 1303 3045 qua:
1335 2973 1720 3044 impenduntur
1746 2971 1904 3042 longe
1939 2980 2199 3040 praestan-

628 3069 767 3123 tiora
804 3084 923 3138 qua:
952 3068 1255 3123 restabunt.

696 3180 855 3249 XXI,
888 3181 975 3235 12.
1019 3180 1089 3234 Et
1132 3179 1352 3235 intravit
1388 3177 1545 3233 Jesus
1580 3178 1634 3232 in
1683 3175 1931 3246 templum
1972 3175 2100 3239 Dei,
2148 3184 2197 3228 et

626 3276 780 3348 ejecit
830 3291 1010 3329 omnes
1064 3274 1374 3335 uendentes,
1424 3280 1471 3325 et
1515 3279 1741 3324 ementes
1792 3270 1847 3321 in
1882 3268 2090 3333 templo,
2143 3278 2191 3321 et
2222 3305 2266 3363 α

624 3386 833 3424 mensas
908 3366 1389 3421 nummulariorum
1414 3365 1634 3427 evertit,
1691 3372 1738 3416 et
1766 3361 2051 3416 cathedras
2078 3376 2195 3415 ven-

625 3446 859 3515 dentium
887 3456 1176 3512 columbas.

696 3654 829 3710 Erat
872 3650 1092 3723 quidem
1136 3648 1191 3704 in
1247 3647 1445 3718 templo
1489 3645 1776 3702 multitudo
1808 3646 2197 3709 vendentium,

628 3745 891 3819 pecunias
923 3752 1290 3805 commutans,
1326 3756 1419 3794 seu
1451 3738 1819 3803 nummularii,
1850 3747 1905 3793 et
1931 3754 2050 3793 cum
2119 3738 2199 3794 eis

630 3839 792 3894 boum
823 3837 1115 3903 oviumque
1153 3832 1495 3897 venditores,
1527 3838 1875 3899 turturesque
1904 3831 2201 3885 vendentes

629 3944 694 3984 ac
738 3927 1038 3983 columbas.
1097 3924 1221 3979 Haec
1264 3932 1444 3976 autem
1496 3918 1647 3974 utilia
1689 3918 1977 3975 sacriﬁciis
2023 3917 2201 3973 cultus

628 4021 847 4089 legalis;
881 4020 975 4074 sed
1001 4018 1115 4086 iam
1152 4027 1363 4086 tempus
1391 4024 1510 4068 erat
1543 4012 1763 4068 dissolvi
1799 4012 2048 4065 umbram
2075 4052 2092 4079 ,
2136 4026 2201 4066 ac

630 4115 979 4185 resplendere
1015 4113 1069 4165 in
1103 4111 1321 4166 Christo
1348 4109 1630 4162 veritatem
1658 4122 1673 4161 :
1701 4105 1957 4161 videlicet
1987 4112 2046 4158 ut
2074 4119 2200 4159 cum

632 4204 794 4261 Patre
851 4220 949 4259 suo
983 4203 1035 4257 in
1068 4188 1198 4256 vero
1234 4201 1432 4269 templo
1462 4202 1844 4254 honoraretur.
1891 4196 1999 4267 70
2032 4194 2202 4263 llejici

632 4297 850 4369 quidem
884 4295 1075 4364 legalia
1112 4294 1383 4349 sacrilicia
1434 4289 1721 4359 fumosque
1760 4289 2045 4357 praecepit,
2104 4289 2202 4341 do-

630 4403 777 4442 mum
805 4394 983 4439 autem
1014 4382 1276 4438 orationis
1311 4380 1564 4448 templum
1597 4377 1809 4432 ostendi
1846 4397 1859 4431 :
1894 4378 2199 4447 [percutere

630 4481 775 4534 enim
822 4477 1149 4539 vendentes,
1201 4490 1263 4529 ac
1312 4472 1485 4527 sacris
1517 4470 1810 4525 ambitibus
1840 4483 1932 4524 eos
1973 4482 2201 4533 arcere,

2301 2057 2329 2108 ό
2356 2056 2586 2127 Μάρκος
2634 2057 2786 2127 λέγει
2833 2060 2915 2113 ότι
2957 2063 3016 2117 ἐν
3062 2063 3219 2116 αἰῶνι
3244 2065 3417 2137 τούτῳ
3446 2066 3890 2121 πολλαπλασίονα

2300 2146 2585 2219 λήψονται,
2622 2149 2841 2205 λεκτέον
2868 2153 3031 2206 πάλιν
3062 2155 3191 2225 περὶ⁵
3220 2155 3329 2209 τῶν
3357 2158 3748 2227 πνευματικῶν
3792 2177 3889 2228 za-

2303 2241 2587 2311 ρισμάτων
2640 2243 2774 2297 πολὺ
2823 2244 2893 2298 τὰ
2941 2245 3161 2314 ἐπίγεια
3205 2240 3693 2321 παρατρεχόντων
3746 2251 3889 2319 ἅπερ

2299 2333 2437 2386 είσὶν
2458 2334 2776 2405 ἀρῤαϐῶνές
2802 2353 2946 2401 τινες
2966 2338 3074 2391 τῶν
3098 2339 3400 2410 μελλόντων
3422 2340 3640 2409 ἀγαθῶν
3665 2358 3680 2371 ·
3700 2340 3889 2413 ῶσπερ

2268 2425 2347 2508 .ol
2383 2423 2598 2496 ἔχοντες
2643 2429 2701 2480 ὲν
2742 2428 3029 2498 μεγίσταις
3061 2429 3171 2483 είσὶ
3199 2432 3406 2500 τιμαῖς,
3438 2432 3660 2484 πάντων
3705 2431 3889 2501 σχεδὸν

2299 2515 2603 2588 ἀνθρώπων
2633 2521 3080 2591 προστρεχόντων
3109 2525 3222 2587 τοῖς
3261 2524 3457 2591 ἀγίοις,
3490 2524 3576 2576 ἵνα
3607 2522 3677 2576 δι’
3706 2523 3889 2576 αὐτῶν

2300 2607 2655 2663 ἀπολαύσωσι
2686 2611 2781 2677 τῆς
2815 2611 2966 2675 θείας
2996 2612 3239 2684 χάριτος.
3267 2615 3340 2667 Οὐ
3372 2613 3600 2678 πολλοὺς
3628 2610 3724 2667 οὖν
3756 2614 3889 2667 ἀνθ’

2301 2697 2417 2761 ἑνὸς
2439 2698 2702 2769 πατέρας,
2728 2701 2760 2770 ἢ
2788 2701 2987 2766 πολλὰς
3007 2703 3129 2756 ἀντὶ
3157 2704 3287 2774 μιᾶς
3311 2704 3575 2774 μητέρας,
3599 2705 3631 2774 ἢ
3656 2706 3886 2773 ἀγροὺς,

2300 2790 2422 2844 ἀντὶ
2443 2790 2640 2858 ὀλίγων
2667 2792 2894 2856 πολλοὺς
2919 2794 3294 2864 ἀπολήψεσθαι
3324 2813 3510 2865 φησιν,
3531 2794 3647 2848 ἀλλ’
3673 2795 3755 2847 ὅτι
3781 2796 3888 2848 τῶν

2299 2882 2558 2950 ἐπιγείων
2592 2883 2848 2937 ἁπάντων
2883 2882 3236 2956 ἀσυγκρίτοις
3282 2887 3578 2958 ὑπεροχαῖς
3618 2887 3889 2957 ὐπερκεί.

2301 2990 2452 3026 σεται
2480 2973 2551 3027 τὰ
2580 2974 2829 3046 οὐράνια,
2852 2977 2945 3029 καὶ
2963 2975 3070 3030 τῶν
3093 2977 3484 3049 ἀπολλυμένων
3513 2979 3890 3051 προτιμότερα

2299 3060 2452 3114 ἔσται
2482 3061 2553 3114 τὰ
2584 3063 2889 3135 σωζόμενα.

2368 3172 2477 3227 Kal
2507 3174 2794 3244 εἰσῆλθεν
2820 3180 2853 3231 ό
2885 3178 3118 3246 Ἰησοῦς
3160 3181 3248 3246 εις
3276 3181 3341 3233 τὸ
3371 3179 3533 3248 ἱερὸν
3561 3180 3671 3235 τοῦ
3712 3180 3884 3246 Θεοῦ,

2299 3264 2396 3318 καί
2429 3264 2677 3329 ἐξέϐαλε
2714 3267 2943 3335 πάντας
2978 3272 3120 3336 τοὺς
3146 3271 3502 3338 πωλοῦντας
3535 3272 3633 3326 καί
3666 3273 3887 3343 ἀγοράς

2301 3355 2507 3423 ζοντας
2544 3359 2615 3411 ἐν
2648 3356 2726 3423 τῷ
2758 3354 2911 3428 ἱερῷ,
2935 3360 3032 3414 καὶ
3067 3362 3174 3429 τὰς
3197 3364 3485 3430 τραπέζας
3511 3364 3626 3419 τῶν
3662 3371 3887 3421 κολλυ-

2301 3447 2521 3501 ϐιστῶν
2551 3448 2949 3519 κατέστρεψε,
2992 3453 3093 3506 καί
3130 3454 3235 3521 τὰς
3276 3457 3568 3526 καθέδρας
3606 3458 3733 3512 τῶν
3767 3477 3885 3511 πω-

2300 3538 2574 3593 λούντων
2602 3541 2708 3607 τὰς
2742 3543 3115 3612 περιστεράς.

2368 3646 2477 3705 Ἦν
2510 3653 2608 3724 μὲν
2633 3655 2689 3706 ὲν
2719 3653 2796 3724 τῷ
2829 3656 2957 3727 ίερῷ
2985 3656 3193 3727 πληθὺς
3219 3658 3500 3730 ἐμπόρων,
3541 3660 3886 3735 ἀργυραμκ-

2301 3744 2407 3811 ϐοὶ,
2441 3738 2559 3816 ἦτοι
2589 3745 2970 3814 κολλυϐισταὶ,
2994 3748 3090 3802 καὶ
3128 3751 3245 3821 μετ’
3276 3751 3502 3806 ἐκείνων
3534 3752 3677 3823 βοῶν
3710 3772 3771 3808 τε
3798 3758 3886 3809 καὶ

2302 3838 2590 3909 προῆάτων
2642 3839 2894 3910 ἔμποροι,
2923 3841 3189 3914 τρυγόνας
3229 3859 3288 3896 τε
3331 3843 3745 3916 πιπράσκοντες
3796 3850 3887 3901 καὶ

2303 3932 2653 4002 περιστεράς.
2676 3931 2861 3986 Ταῦτα
2885 3933 2943 3987 δὲ
2975 3936 3222 4005 χρήσιμα
3246 3938 3366 3999 ταῖς
3388 3937 3603 4001 θυσίαις
3622 3937 3729 4007 τῆς
3754 3942 3884 3992 κατά

2301 4022 2464 4093 νόμον
2508 4023 2759 4096 λατρείας
2781 4040 2795 4055 ’
2833 4025 2949 4078 ἀλλ’
2985 4021 3053 4096 ἦν
3092 4027 3193 4098 ήδη
3226 4028 3253 4080 ό
3289 4028 3481 4099 καιρὸς
3520 4029 3616 4082 τοῦ
3646 4033 3884 4101 καταλῆο

2304 4111 2391 4177 ξαι
2441 4112 2539 4185 τὴν
2588 4115 2770 4180 σκιὰν,
2803 4117 2898 4169 καὶ
2932 4116 3250 4188 ἀναλάμψαι
3282 4118 3381 4191 τὴν
3412 4120 3472 4173 ὲν
3501 4121 3728 4193 Χριστῷ
3755 4123 3884 4192 ἀλή.

2303 4203 2472 4267 θειαν,
2509 4204 2605 4258 ἆτε
2632 4204 2696 4277 δὴ
2732 4206 2869 4275 μετὰ
2893 4207 2987 4261 τοῦ
3021 4208 3152 4261 ἰδίου
3185 4209 3397 4280 Πατρός
3425 4212 3482 4263 ἐν
3512 4210 3592 4282 τῷ
3618 4214 3754 4283 παρ’
3785 4215 3883 4267 αῦ-

2302 4292 2396 4347 τοῦ
2444 4294 2557 4347 tm
2595 4295 2707 4365 ναῷ
2745 4296 3071 4368 τιμώμενος.
3116 4299 3509 4354 Συστέλλεσθαι
3544 4302 3644 4371 μὲν
3686 4304 3785 4366 τὰς
3830 4304 3885 4354 ἐν

2304 4384 2455 4456 νόμῳ
2488 4387 2822 4458 προστέταχε
2850 4387 3060 4455 θυσίας,
3085 4391 3179 4442 καὶ
3208 4392 3336 4454 τοὺς
3363 4392 3635 4455 κειιττνούς⁹
3658 4389 3806 4446 οἷκον
3832 4394 3885 4445 δὲ

2305 4480 2614 4549 προσευχῆς
2642 4479 3063 4534 ἀναδείκνυσθαι
3086 4481 3179 4535 τὸν
3212 4483 3357 4535 ναόν.
3388 4484 3461 4536 Τὸ
3484 4485 3593 4555 γὰρ
3625 4485 3885 4554 ἐπιπλήτ-

629 4573 721 4642 qui
759 4570 823 4624 ad
858 4569 1183 4624 sacriﬁcium
1216 4566 1365 4619 utilia
1388 4564 1660 4634 aliquibus
1682 4559 2068 4623 diveudebant,
2100 4559 2201 4613 hoc

2305 4588 2418 4623 τειν
2442 4574 2554 4635 τοῖς
2584 4572 2850 4643 ἐμπόροις
2883 4574 2979 4627 καὶ
3008 4574 3117 4628 τῶν
3155 4575 3318 4645 ἱερῶν
3347 4577 3654 4645 περιϐόλων
3692 4579 3886 4631 ἀποσο-

629 4661 852 4715 omnino
883 4666 967 4712 est
990 4699 1005 4723 ,
1034 4656 1274 4724 nihilque
1310 4654 1476 4707 aliud.
1508 4653 1659 4705 Alius
1689 4665 1816 4705 vero
1843 4648 2198 4720 evangelista-

2304 4662 2417 4715 δεῖν
2446 4663 2641 4726 αὐτοὺς
2680 4664 2748 4716 τὰ
2775 4665 2856 4727 είς
2886 4664 3077 4718 θυσίαν
3106 4667 3349 4737 χρήσιμα
3383 4667 3886 4739 ὃιαπιπράσκοντάς

630 4768 748 4806 rum
780 4752 944 4804 etiam
978 4746 1247 4818 ﬂagellum
1282 4762 1346 4800 ex
1382 4744 1639 4798 funiculis
1697 4743 1895 4798 fecisse
1937 4741 2068 4796 dicit
2109 4739 2200 4796 Je-

632 4857 777 4906 sunt,
816 4840 1107 4909 plagasque
1128 4839 1209 4892 eis
1238 4837 1535 4891 intentasse
1566 4834 1632 4888 ³³.
1687 4832 1838 4889 Scire
1867 4833 2011 4888 enim
2038 4847 2202 4901 opor-

635 4938 778 4988 tebat
835 4931 1056 5000 legalem
1108 4930 1311 4985 cultum
1371 4928 1732 4991 honorantes,
1788 4934 1911 4996 post
1958 4924 2203 4979 veritatis

633 5026 1002 5076 ostensionem
1043 5022 1289 5091 spiritum
1326 5019 1607 5072 servitutis
1643 5017 1939 5080 habentes,
1979 5029 2043 5068 ac
2069 5014 2197 5069 libe-

634 5120 741 5169 t‘art
779 5114 1154 5184 postulantes,
1206 5112 1307 5168 sub
1364 5110 1587 5182 ﬂagellis
1635 5109 1867 5172 futuros,
1908 5106 2201 5176 subjicien-

634 5212 837 5275 dusque
886 5208 1146 5273 supplicio
1192 5219 1377 5259 servos
1423 5202 1655 5258 tlecenli.
1705 5200 2010 5255 Conﬁrmat
2037 5199 2201 5254 etiam

634 5283 818 5351 eorum
853 5298 1254 5350 :it‘t-ttsnlimteut
1296 5312 1362 5349 ex
1410 5295 1543 5348 Isaia
1582 5294 1814 5347 dicens:
1863 5309 1881 5343 ι
1922 5292 2197 5360 Scriptum

634 5402 747 5455 est,
808 5390 1005 5441 Donins
1065 5404 1179 5440 mea
1247 5388 1437 5439 domus
1511 5385 1775 5440 orationis
1819 5384 2197 5451 vocabitur“

633 5485 941 5535 adorandus
997 5481 1159 5548 igitur
1207 5489 1326 5532 erat
1374 5478 1521 5530 velut
1565 5476 1746 5545 templi
1805 5477 2066 5530 Dominus
2097 5493 2113 5529 :
2148 5476 2206 5531 hi

636 5590 762 5628 vero
812 5588 919 5628 non
976 5584 1182 5628 tantum
1241 5573 1344 5626 hoc
1404 5584 1509 5623 non
1550 5567 1823 5636 fecerunt,
1871 5568 1967 5624 sed
2033 5567 2199 5623 etiam

634 5664 907 5734 indignati
944 5678 1090 5720 sunt.
1129 5664 1243 5718 Non
1281 5671 1489 5718 tantum
1518 5670 1701 5715 autem
1733 5661 1838 5719 hoc
1880 5661 2026 5717 illius
2055 5673 2207 5733 pote-

706 5838 754 5871 "
776 5837 944 5895 Marc.
974 5854 1029 5904 π,
1066 5841 1157 5894 50.
1234 5840 1279 5872 ³³
1310 5838 1468 5894 Joan.
1509 5854 1569 5906 tt,
1600 5837 1687 5892 18.

2307 4768 2438 4817 τισι,
2469 4750 2626 4805 τοῦτο
2676 4753 2893 4818 πάντως
2945 4756 3083 4819 ἐστὶ,
3113 4758 3208 4809 καὶ
3251 4758 3437 4828 ἕτερον
3470 4760 3885 4829 οὐδέν.Ἔτερος

2308 4840 2364 4892 δὲ
2406 4842 2515 4895 τῶν
2563 4843 2967 4913 εύαγγελιστῶν
3012 4848 3106 4901 καὶ
3157 4849 3482 4919 φραγέλλιον
3521 4852 3588 4904 ἑκ
3637 4852 3885 4922 σχοινίων

2305 4935 2530 5004 ποιῆσαι
2560 4936 2708 5004 λέγει
2748 4937 2839 4990 τὸν
2871 4938 3103 5008 Ἰησοῦν,
3137 4942 3229 4994 καὶ
3267 4942 3480 5011 πληγὰς
3511 4944 3886 4996 ὲπανατείνειν

2303 5024 2517 5087 αὐτοῖς·
2552 5024 2660 5079 ἔδει
2690 5026 2799 5099 γὰρ
2833 5027 3031 5081 είδέναι
3063 5030 3191 5093 τοὺς
3220 5033 3450 5103 νομικὴν
3482 5034 3762 5103 τιμῶντας
3786 5034 3887 5088 λα-

2302 5114 2511 5184 τρείαν,
2544 5117 2682 5186 μετά
2705 5120 2805 5189 τὴν
2829 5118 2930 5189 τῆς
2952 5119 3211 5189 ἀληθείας
3236 5122 3528 5188 ἀνάδειξιν,
3558 5126 3641 5179 ὅτι
3667 5125 3887 5194 πνεῦμα

2303 5205 2550 5271 δουλείας
2582 5208 2819 5280 ἔχοντες,
2851 5214 2948 5265 καὶ
2975 5214 3036 5266 τὸ
3063 5214 3481 5287 ὲλευθεροῦσθαι
3515 5220 3888 5290 παραιτούμε-

2305 5314 2410 5361 νοι,
2445 5300 2550 5354 ὑπὸ
2579 5304 2847 5372 μάστιγας
2868 5306 3105 5373 ἔσονται,
3132 5308 3228 5361 καὶ
3254 5310 3636 5366 ὑποκείσονται
3666 5311 3888 5365 κολάσει

2306 5390 2680 5465 δουλοπρεπεῖ.
2731 5396 3079 5467 Ἐπιτειχίζει
3139 5400 3322 5465 αὐτοῖς
3367 5401 3461 5453 καί¹
3527 5402 3617 5455 τὸν
3662 5402 3889 5455 Ἡσαΐαν

2308 5484 2633 5556 κατήγορον,
2666 5485 2859 5554 λέγων’
2892 5506 2909 5538 ι
2941 5488 3253 5560 Γέγραπται
3275 5507 3287 5520 ο
3332 5490 3390 5544 '0
3417 5486 3567 5555 οἶκός
3592 5508 3712 5563 μου,
3737 5490 3888 5554 οἶκος

2309 5576 2616 5647 προσευχῆς
2657 5577 3032 5649 κληθήσεται·
3062 5599 3082 5633 ι
3124 5580 3232 5635 ἔδει
3263 5576 3358 5636 οὖν
3390 5582 3541 5654 αὐτῷ
3574 5583 3889 5655 προσκυνῆ-

2310 5683 2399 5721 σαι
2431 5667 2506 5731 ὡς
2537 5668 2852 5734 δεσπόζοντι
2892 5670 2987 5726 τοῦ
3024 5673 3173 5728 ναοῦδ
3204 5674 3268 5727 Οἱ
3303 5674 3361 5727 δὲ
3386 5672 3545 5729 τοῦτο
3569 5675 3665 5746 μὲν
3688 5675 3749 5727 οὐ
3788 5689 3890 5725 πε-
