4094 6506
271 372 387 426 433

1448 310 1802 419 COMhlENT.
1846 356 1913 413 IN
1953 352 2387 411 MATTHEUM.

3424 341 3531 398 ιδι

271 486 577 559 πράχασιν,
622 479 995 552 ἀγανακτοῦσι
1044 479 1101 533 δὲ
1150 478 1350 550 μᾶλλον
1396 479 1517 532 κατ’
1542 476 1732 533 αὐτοῦ.
1776 475 1852 529 υύ

1958 480 2154 527 statem
2201 467 2471 533 ostendit,
2504 481 2688 521 verum
2726 466 2887 522 etiam
2922 463 3065 533 quod
3098 453 3278 520 varios
3310 464 3531 519 morbos

270 576 437 632 τοῦτο
463 575 520 631 δὲ
552 575 710 647 μόνον
741 574 1014 628 δείκνυσιν
1058 569 1223 626 αὐτοῦ
1267 569 1366 641 τὴν
1409 569 1687 637 ἐξουσίαν,
1716 566 1855 623 ἀλλά

274 672 375 722 καὶ
422 669 485 722 τὸ
528 664 866 739 θεραπεῦσαι
899 664 1122 718 ποικίλα
1166 666 1471 735 νοσήματα.
1501 662 1642 733 Mcl.
1688 662 1797 734 γὰρ
1826 661 1855 714 6

274 760 699 830 εὐαγγελιστής·

350 879 461 932 Kal
490 874 843 945 προσῆλθον
866 870 1026 938 αὐτῷ
1051 868 1268 940 τυφλοί
1292 868 1393 923 καί
1428 866 1611 939 χωλοὶ
1659 867 1730 920 ἐν
1774 862 1856 931 τῷ

273 967 434 1036 ἱερῷ,
463 966 562 1019 καὶ
588 963 1000 1033 ἐθεράπευσεν
1030 962 1275 1025 αὐτούς.

353 1083 591 1152 Αἴνιγμα
636 1075 704 1151 ἦν
744 1078 807 1133 τδ
847 1076 1093 1146 γεγονὸς,
1121 1075 1203 1129 ὅτι
1229 1072 1338 1128 τῶν
1371 1069 1638 1126 Ἰουδαίων
1660 1067 1859 1137 ἐκϐλη-

276 1173 484 1226 θέντων
518 1173 583 1226 ἐκ
614 1168 708 1223 τοῦ
743 1167 872 1222 ναοῦ
926 1167 1025 1221 σὺν
1067 1168 1190 1229 ταῖς
1233 1166 1489 1226 τυπικαῖς
1540 1160 1773 1225 θυσίαις,
1806 1160 1856 1212 οί

275 1276 344 1310 τυ
354 1259 475 1326 ερλοὶ
500 1259 595 1311 καὶ
617 1257 783 1327 χωλοὶ
804 1255 1222 1327 θεραπεύονται,
1240 1254 1291 1306 οἱ
1316 1253 1486 1305 τύπον
1512 1250 1727 1321 ἔχοντες
1746 1248 1856 1302 τῶν

277 1349 471 1403 ἐθνῶν.
501 1348 840 1404 Μαθὲτωσαν
878 1348 1061 1417 μέντοι
1094 1344 1191 1399 καὶ
1219 1345 1267 1399 oi
1299 1341 1602 1405 πωλοῦντες
1643 1340 1738 1394 καὶ
1788 1338 1858 1392 τά

276 1440 376 1493 τοῦ
426 1439 744 1510 Πνεύματος
778 1438 1097 1511 χαρίσματα
1142 1436 1237 1490 καὶ
1278 1434 1377 1507 τὴν
1424 1431 1743 1503 ἱερωσύνην,
1774 1430 1857 1484 ὄτι

274 1531 407 1593 τοὺς
457 1529 771 1594 πωλοῦντας
812 1530 911 1594 τὰς
955 1526 1286 1599 περιστερὰς
1323 1524 1576 1591 ἐξέϐαλεν
1623 1522 1731 1576 ἀπὸ
1759 1520 1854 1574 τοῦ

252 1616 410 1676 ’ναοῦ
460 1623 724 1692 μαστίξας
764 1624 793 1675 6
836 1621 1060 1692 Κύριος,
1100 1620 1194 1674 καὶ
1225 1616 1630 1673 παυσάσθωσαν
1654 1615 1857 1690 πόρους

275 1715 492 1777 ἑαυτοῖς
519 1714 628 1767 ἀπὸ
658 1712 1004 1785 χειροτονιῶν
1030 1713 1396 1784 ἀθροίζοντες.

1957 571 2130 619 curet.
2160 561 2249 615 Ait
2274 559 2418 613 enim
2445 556 2797 626 evangelista:

2040 866 2178 933 XXI,
2218 867 2305 921 17.
2342 865 2408 919 Et
2434 874 2759 919 accesserunt
2790 862 2856 914 ad
2888 877 3002 915 eum
3030 860 3156 913 ca’ci
3182 868 3228 912 et
3254 858 3430 910 claudi
3468 858 3521 908 in

1957 961 2145 1029 templo
2166 1004 2180 1027 ,
2213 972 2258 1015 et
2290 960 2495 1014 curavit
2523 974 2631 1013 eos.

2031 1073 2281 1144 Aﬁnigma
2320 1081 2436 1127 erat
2459 1071 2600 1140 quod
2632 1068 2828 1125 factum
2862 1076 2946 1122 est
2984 1084 2997 1121 :
3034 1062 3233 1121 Iudaeis
3270 1077 3300 1115 e
3334 1060 3532 1129 templo

1959 1180 2081 1221 cum
2113 1164 2306 1241 typicis
2335 1162 2616 1217 sacrificiis
2637 1159 2825 1230 ejectis
2844 1199 2859 1225 ,
2895 1160 3026 1214 czeci
3049 1166 3103 1212 et
3132 1154 3306 1211 claudi
3335 1169 3534 1208 curan-

1962 1266 2085 1323 tur,
2140 1257 2231 1326 qui
2282 1256 2509 1324 ﬁguram
2565 1254 2764 1308 habent
2816 1251 3077 1319 gentium.
3132 1248 3349 1302 Discant
3384 1256 3533 1299 certe

1959 1350 2255 1402 vendentes
2297 1347 2456 1402 etiam
2488 1345 2724 1415 Spiritus
2776 1343 3103 1399 charismata
3162 1355 3225 1394 ac
3277 1339 3532 1391 sacerdo-

1960 1440 2129 1502 tium,
2162 1437 2453 1493 Dominum
2507 1435 2734 1507 ﬂagellis
2766 1434 3042 1490 columbas
3076 1433 3128 1486 in
3168 1431 3367 1501 templo
3403 1442 3532 1481 veno

1966 1530 2158 1587 dentes
2193 1531 2454 1601 ejecisse,
2496 1541 2818 1600 cessentque
2873 1542 3072 1583 census
3114 1525 3216 1581 sibi
3254 1539 3283 1580 a
3338 1536 3531 1580 conse-

1958 1622 2300 1678 crationibus
2322 1637 2660 1693 comparare.

354 1827 425 1881 1‘6
452 1827 521 1880 δὲ
546 1828 786 1883 καθίσαι
818 1827 889 1880 ἐκ
911 1824 1126 1889 δεξιῶν
1154 1841 1275 1893 μου
1313 1819 1414 1875 καί
1442 1818 1511 1884 ἐξ
1535 1819 1852 1890 εὐωνύμων

2034 1820 2138 1890 71
2170 1818 2267 1873 XX
2288 1858 2305 1885 ,
2336 1819 2429 1875 25.
2461 1819 2654 1873 Sedere
2682 1828 2855 1871 autem
2877 1818 2945 1870 ad
2973 1817 3244 1871 dexteram
3282 1830 3449 1869 meum
3477 1820 3530 1867 α

268 1936 415 1987 μου,
439 1920 550 1973 οὐκ
582 1918 754 1973 ἐστιν
787 1918 937 1988 ἐμὸν
963 1916 1194 1972 δοῦναι.

364 2032 604 2101 Ἑρωτᾷς
634 2032 716 2085 ὅτι
762 2030 948 2084 λοιπὸν
989 2028 1136 2092 τίνες
1191 2026 1445 2098 μέλλουσι
1494 2026 1852 2097 καθεσθῆναι.

272 2120 437 2175 Μάθε
487 2122 569 2175 ὄτι
616 2121 810 2185 οὐδείς.
851 2121 1021 2192 μόνης
1050 2120 1159 2193 γὰρ
1185 2120 1286 2191 τῆς
1315 2119 1543 2192 πρώτης
1574 2118 1763 2182 οὐσίας
1791 2116 1853 2170 τὸ

275 2213 525 2267 τοιοῦτόν
555 2216 693 2278 ἐστι,
727 2214 822 2269 καὶ
866 2214 967 2268 οὐκ
1011 2213 1364 2283 ἀνθρωπίνης
1385 2229 1400 2244 °
1434 2212 1527 2282 Μὴ
1560 2213 1852 2282 νοήσαντες

274 2300 389 2369 γὰρ
415 2300 463 2353 οἱ
485 2300 771 2355 ἀπόστολοι
799 2301 852 2355 τί
869 2302 986 2355 ἔστι
1006 2301 1087 2367 τὸ,
1124 2320 1143 2354 ‹
1166 2300 1513 2372 Καθεσθῆναι
1535 2300 1856 2368 ὲπὶβώδεκα

275 2390 525 2461 θρόνουςο
555 2394 679 2446 »καὶ
710 2394 793 2447 ὅτι
821 2393 882 2448 τὸ
901 2393 1228 2464 δοξασθῆναι
1254 2394 1375 2453 τότε
1394 2392 1564 2463 δηλοῖ·
1598 2391 1855 2464 τοιαύτην

272 2480 508 2553 ἐζήτουν
540 2483 832 2556 καθέδραν.

363 2680 467 2733 Ἔν
491 2678 635 2747 ποίᾳ
664 2678 921 2748 ἐξουσίᾳ
948 2678 1139 2734 ταῦτα
1166 2678 1357 2747 ποιεῖς
1372 2695 1393 2745 ;

349 2794 414 2845 Εί
468 2792 567 2856 τάς
611 2791 1004 2859 θεοπνεύστους
1056 2794 1203 2865 ᾕδεις
1255 2792 1499 2863 Γραφάς,
1545 2784 1591 2845 ῶ
1630 2790 1855 2846 ἀσύνετε

269 2886 561 2956 Φαρισαῖε,
583 2885 677 2939 καὶ
701 2884 800 2949 τὰς
822 2885 931 2939 τῶν
957 2884 1129 2954 ἁγίων
1151 2885 1447 2956 προφητῶν
1468 2885 1670 2954 φωνὰς,
1690 2886 1857 2955 ἐμνή-

275 2978 415 3047 σθης
454 2978 519 3032 ἂν
565 2977 816 3046 λέγοντος
842 2978 936 3033 τοῦ
971 2978 1243 3050 μακαρίου
1268 2978 1433 3031 Δασὶδ
1465 2976 1601 3049 πρὸς
1629 2975 1721 3031 τὸν
1747 2975 1857 3028 τῶν

271 3069 414 3122 ὅλων
444 3069 673 3139 Σωτῆρα
700 3069 937 3141 Χριστόν
959 3085 973 3100 ο
1010 3087 1029 3122 ι
1064 3069 1265 3139 Ὠμοσε
1298 3066 1522 3138 Κύριος,
1558 3068 1650 3121 καὶ¹
1681 3067 1742 3121 ού
1763 3082 1857 3139 με-

1956 1916 2268 1979 sinistram,
2303 1927 2407 1967 non
2433 1920 2507 1965 est
2546 1927 2715 1965 meum
2744 1912 2873 1965 dare
2902 1910 3067 1965 vobis.

2029 2024 2240 2093 Quaeris
2263 2024 2547 2092 ecquinam
2576 2024 2794 2079 tandem
2826 2022 3029 2078 sessuri
3067 2020 3197 2076 sint.
3228 2020 3319 2077 Sic
3350 2021 3523 2077 habe:

1961 2116 2232 2171 neminem
2260 2127 2555 2170 sessurum.
2590 2112 2770 2169 Solius
2828 2112 2973 2169 enim
3026 2111 3287 2181 principis
3326 2119 3530 2167 natura

1960 2207 2085 2263 talis
2106 2206 2401 2261 auctoritas
2427 2212 2535 2271 est,
2563 2218 2668 2259 non
2690 2214 2869 2259 autem
2900 2204 3171 2259 humana.
3197 2200 3362 2257 Istam
3383 2202 3527 2257 enim

1958 2299 2256 2355 sessionem
2311 2295 2619 2351 ambierunt
2672 2294 2935 2365 apostoli,
2990 2292 3193 2349 idcirco
3233 2294 3376 2363 quod
3418 2306 3530 2347 non

1959 2392 2354 2460 intelligerent,
2400 2388 2531 2459 quid
2562 2390 2743 2457 {esset,
2795 2405 2815 2439 ι
2854 2385 3057 2442 Sedere
3102 2400 3265 2455 super
3300 2385 3530 2440 thronos

1956 2482 2264 2547 duodecim,
2292 2500 2314 2536 ι
2346 2490 2403 2536 et
2434 2483 2746 2551 ignorarent
2766 2480 2849 2535 his
2875 2479 3058 2535 verbis
3094 2476 3391 2548 signiﬁcari
3413 2476 3529 2547 glo-

1958 2571 2316 2628 riﬁcationem
2343 2585 2507 2640 quam
2543 2579 2671 2624 tunc
2699 2576 3121 2637 consequentur.

2028 2686 2158 2757 72.
2194 2682 2353 2749 XXI,
2382 2683 2472 2739 25.
2501 2682 2569 2738 In
2604 2699 2708 2754 qua
2728 2692 2985 2753 potestate
3009 2682 3121 2735 hare
3148 2678 3322 2749 facis!

2030 2802 2088 2857 Si
2117 2803 2285 2857 Deum
2323 2801 2595 2871 spirantes
2625 2797 2935 2866 Scripturas
2966 2809 3154 2850 nosses
3174 2808 3241 2859 ,ο
3269 2790 3531 2862 insipiens

1959 2893 2261 2960 Phariszee,
2291 2909 2355 2947 ac
2379 2902 2691 2949 sanctorum
2734 2890 3130 2960 prophetarum
3174 2901 3372 2952 voces,
3412 2901 3527 2942 me-

1962 3002 2083 3042 mor
2103 3001 2255 3041 esses
2284 2986 2515 3041 dicentis
2544 2982 2761 3036 Davidis
2796 2982 2861 3036 de
2913 2980 3289 3035 universorum
3332 2977 3501 3033 Serva

1960 3089 2077 3135 tore
2104 3077 2325 3133 Christo
2359 3095 2374 3133 :
2408 3096 2427 3129 ι
2467 3075 2676 3131 Iuravit
2704 3073 2985 3139 Dominus,
3018 3084 3073 3130 et
3106 3089 3212 3129 non
3246 3072 3532 3143 pmnitebit

272 3178 339 3213 τα
350 3160 738 3234 μεληθήσεται,
772 3163 837 3216 σὺ
867 3156 918 3214 εί
947 3161 1125 3232 ἱερεὺς
1157 3160 1235 3224 είς
1266 3159 1358 3213 τὸν
1387 3158 1559 3212 αίῶνα
1586 3159 1728 3213 κατά
1757 3157 1852 3226 τὴν

1958 3184 2079 3225 eum
2102 3210 2117 3235 ,
2149 3178 2202 3222 tu
2235 3184 2293 3224 es
2337 3167 2592 3224 sacerdos
2636 3165 2687 3219 in
2722 3171 2985 3219 aeternum
3008 3203 3022 3228 ,
3048 3164 3343 3219 secundum
3376 3164 3529 3219 ordi-

273 3254 431 3320 τάξιν
457 3254 811 3325 Μελχισεδέκ.
844 3273 862 3306 ι
902 3252 1079 3325 Φράζε
1109 3252 1173 3323 δὴ
1205 3246 1301 3306 οὖν
1336 3251 1421 3314 τίς
1452 3253 1517 3304 ὲκ
1538 3251 1648 3305 τῶν
1674 3251 1858 3324 Γραμ-

276 3349 499 3417 ματέων
550 3349 583 3418 ἢ
631 3346 939 3418 Φαρισαίων
988 3344 1405 3417 λελειτούργηκε
1448 3344 1527 3415 τῷ
1569 3343 1687 3415 Θεῷ
1715 3342 1857 3397 κατὰ

273 3438 376 3508 τὴν
404 3437 557 3502 τάξιν
591 3436 945 3507 Μελχισεδέκ.
963 3431 1041 3489 Ἦ
1071 3436 1287 3499 πάντως
1319 3434 1512 3498 οὐδείς·
1549 3433 1687 3488 ἀλλά
1710 3435 1807 3487 καὶ
1827 3436 1857 3488 6

274 3531 581 3599 προπάτωρ
618 3526 951 3599 Ἀδραάμ,ή
1003 3527 1130 3599 ῥίζα
1180 3527 1279 3595 τῆς
1333 3528 1602 3596 γενέσεως
1655 3525 1766 3580 τῶν
1797 3525 1857 3592 ἐξ

286 3620 528 3691 Ἰσραὴλ,
571 3620 676 3673 ὑπὸ
698 3622 795 3690 τῆς
829 3618 1165 3689 Μελχισεδὲκ
1198 3617 1499 3690 ἱερωσύνης
1527 3618 1852 3689 ηύλόγηται.

272 3713 463 3776 Τύπος
508 3714 564 3766 δὲ
592 3709 660 3784 ἦν
703 3714 731 3765 6
761 3712 1117 3783 Μελχισεδὲκ,
1144 3711 1238 3765 καὶ
1285 3712 1319 3781 ἡ
1353 3712 1475 3765 κατ’
1504 3710 1667 3765 αὐτὸν
1700 3712 1856 3783 ἱερω-

274 3807 416 3875 σύνη
446 3805 539 3859 τοῦ
569 3806 786 3859 πάντων
817 3805 1066 3875 Σωτῆρος
1095 3802 1332 3873 Χριστοῦ
1361 3802 1419 3866 ὃς
1441 3802 1669 3873 γέγονεν
1698 3802 1855 3875 ἡμῶν

271 3898 567 3969 ἀρχιερεὺς
591 3896 883 3969 προσάγων
904 3896 979 3967 τῷ
1011 3895 1130 3966 Θεῷ
1161 3895 1258 3949 καὶ
1284 3894 1459 3965 Πατρὶ
1488 3894 1697 3958 πάντας
1730 3895 1855 3960 τοὺς

272 3989 711 4051 πεπιστευκότας
734 3989 814 4052 εἰς
836 3987 997 4041 αὐτὸν
1019 3986 1110 4041 διὰ
1128 3986 1229 4056 τῆς
1250 3986 1389 4057 ὑπὲρ
1410 3985 1574 4056 νόμον
1598 3986 1854 4057 λατρείας

271 4080 497 4133 τελειῶν
526 4083 607 4144 εἰς
641 4080 929 4151 ἁγιασμόν.
952 4080 1018 4133 Τί
1041 4075 1134 4133 οὖν
1161 4080 1471 4150 ἀσχάλλεις,
1489 4073 1534 4133 ὦ
1554 4080 1850 4149 Φαρισαῖες

271 4173 550 4243 ἐγκαλεῖς,
585 4176 707 4228 εἰπέ
742 4191 854 4245 μοι,
884 4172 962 4243 τῷ
990 4171 1257 4245 νομοθέτῃ
1288 4170 1383 4225 τοῦ
1423 4172 1588 4243 νόμου
1618 4172 1720 4243 τὴν
1757 4171 1853 4225 λύ-

272 4283 385 4328 σιν,
412 4266 510 4320 καὶ
553 4268 634 4320 ὅτι
683 4266 759 4337 μὴ
787 4268 907 4329 ταῖς
954 4264 1114 4328 ίδίαις
1163 4263 1531 4335 ἠκολούθησεν
1570 4262 1849 4329 ὲντολαῖς;

283 4357 451 4411 Ἀλλά
476 4357 640 4428 νόμου
672 4358 891 4411 πάντων
930 4357 1186 4409 ἐπέκεινα
1216 4355 1381 4418 Θεόςο
1414 4357 1444 4408 6
1470 4354 1577 4425 γὰρ
1606 4355 1733 4419 τοὺς
1761 4355 1852 4410 νό-

273 4467 414 4519 μους
440 4449 537 4517 ούχ
564 4446 741 4518 ἑαυτῷ
776 4447 997 4518 μᾶλλον,
1029 4446 1142 4499 ἀλλ’
1168 4447 1301 4516 ἡμῖν
1328 4446 1677 4518 ὁρισάμενος,
1713 4446 1847 4517 μεθ’

272 4542 462 4612 ίστησι
496 4541 635 4593 κατά
665 4539 855 4610 καιρὸν
894 4539 977 4607 ἐφ’
1009 4539 1147 4609 ὅπερ
1194 4537 1259 4591 ἂν
1300 4537 1475 4591 ἕλοιτο
1508 4537 1575 4592 τὰ
1600 4539 1849 4593 διατετα-

266 4633 473 4702 γμένα,
499 4632 593 4685 καὶ
623 4631 885 4701 ἀναφέρει
914 4630 992 4693 είς
1022 4623 1400 4699 βελτὼναῖΗν
1420 4625 1513 4683 οὖν
1535 4630 1725 4703 καιρὸς
1749 4629 1844 4683 τοῦ

266 4722 587 4778 παύσασθαι
616 4721 710 4775 τὸν
742 4722 799 4773 ὲν
824 4721 1040 4786 τύποις,
1074 4720 1458 4791 ἀναδειχθῆναι
1482 4721 1539 4775 δὲ
1564 4722 1631 4774 τὰ
1660 4722 1848 4793 κρείτ-

264 4832 419 4869 τονα.
451 4814 541 4866 Διὸ
573 4812 675 4882 ἔφη
709 4828 811 4865 που
844 4811 934 4865 διὰ
968 4812 1150 4882 φωνῆς
1189 4811 1440 4865 Ἡσαΐου·
1474 4829 1494 4861 ι
1518 4811 1847 4884 Ἀφανισθή-

267 4924 426 4960 σεται
448 4906 654 4975 νόμιμα
685 4902 1173 4974 λαοῦ.›Ἥργησαν
1202 4902 1311 4975 γὰρ
1340 4903 1442 4974 τῆς
1470 4905 1600 4968 νέας
1625 4902 1848 4973 ἐντολῆς

262 4997 732 5068 ἀναδεδειγμένης
784 4996 852 5067 ἥν
913 4995 979 5049 δι’
1021 4996 1217 5050 ἑαυτοῦ
1274 4995 1570 5067 λελάληκεν
1630 4997 1765 5068 ἡμῖν
1818 4998 1847 5051 6

259 5089 417 5152 Υἱός.

318 5202 421 5257 ’Τό
444 5202 763 5273 βάπτισμα
793 5199 1075 5256 Ἰωάννου
1102 5200 1290 5254 ,πόθεν
1315 5196 1421 5269 ἦνς

299 5318 510 5385 Ἥρετο
554 5316 584 5368 6
628 5315 864 5388 Χριστὸς
903 5315 1098 5369 ὁποίαν
1126 5313 1373 5386 περὶτοῦ
1403 5311 1709 5368 Βαπτιστοῦ
1748 5311 1847 5383 τὴν

251 5409 423 5474 δόξαν
452 5408 773 5479 ἐσχήκασιν,
796 5405 984 5476 ἐπειδὴ
1005 5404 1122 5469 ἔθος
1152 5399 1220 5476 ἦν
1248 5406 1360 5469 τοῖς
1393 5403 1666 5467 Ἰουδαίοις
1685 5401 1848 5475 ψευδ-

251 5501 498 5573 ηγόρους
528 5499 824 5555 ἀποκαλεῖν
854 5500 980 5561 τοὺς
1008 5496 1221 5565 ἀγίους,
1254 5496 1349 5549 καὶ
1376 5494 1581 5563 λέγειν,
1619 5495 1701 5549 ὅτι
1734 5494 1843 5548 ἀπὸ

251 5592 491 5663 γνώμης
543 5591 683 5656 ιδίας
732 5590 832 5661 τὴν
882 5587 1220 5661 προφητείαν
1255 5584 1715 5653 ύποπλάττονται,
1747 5585 1848 5640 ούκ

334 5771 384 5803 ³⁸
410 5768 555 5827 Psal.
587 5783 701 5838 eis,
734 5770 785 5824 ι.
865 5770 908 5801 ³⁵
945 5767 1048 5822 lsa.
1084 5782 1159 5833 vt,
1191 5767 1277 5821 I0.

1957 3277 2077 3317 nem
2102 3259 2495 3315 Melchisedech
2518 3259 2583 3313 ".
2603 3277 2622 3312 ι
2644 3256 2740 3311 Dic
2761 3258 2912 3323 mihi,
2927 3272 3130 3327 qumsn,
3153 3256 3274 3326 quis
3291 3270 3356 3311 ex
3376 3256 3494 3312 Scri

1956 3353 2041 3408 bis
2069 3362 2160 3405 aut
2187 3350 2479 3405 Phariszeis
2522 3350 2850 3403 sacriﬁcavit
2887 3348 2995 3403 Deo
3036 3347 3332 3404 secundum
3371 3347 3510 3403 ordi'

1956 3456 2077 3497 nem
2110 3439 2543 3495 Melchisedech?
2572 3437 2805 3495 Omnino
2834 3438 3051 3505 nullus;
3104 3447 3158 3492 at
3202 3439 3366 3492 etiam
3400 3454 3523 3508 pro-

1958 3533 2172 3602 genitor
2206 3530 2477 3585 Abraham
2500 3572 2514 3597 ,
2553 3538 2606 3586 et
2651 3528 2805 3585 radix
2844 3530 3208 3602 generationis
3244 3529 3447 3595 Israel,
3496 3545 3530 3585 a

1961 3622 2382 3678 Melchisedechi
2424 3622 2735 3678 sacerdotio
2803 3621 3009 3692 recepit
3066 3620 3523 3677 benedictionem.

1956 3718 2138 3791 Typus
2160 3726 2339 3772 autem
2374 3726 2493 3771 erat
2530 3715 2953 3780 Melchisedech,
2981 3714 3231 3785 illiusque
3268 3716 3525 3771 sacerdo-

1956 3811 2089 3865 tium
2116 3808 2356 3863 omnium
2386 3806 2684 3863 Salvatoris
2705 3805 2910 3861 Christi
2932 3845 2948 3871 ,
2988 3806 3081 3876 qui
3111 3804 3287 3861 factus
3316 3815 3399 3860 est
3427 3820 3527 3861 no-

1954 3902 2041 3959 bis
2085 3901 2347 3971 Princeps
2403 3900 2784 3963 sacerdotum,
2840 3899 3110 3953 adducens
3138 3895 3247 3953 Deo
3277 3914 3340 3953 ac
3381 3896 3525 3951 Patri

1954 4009 2145 4049 omnes
2195 3996 2248 4047 in
2304 4008 2363 4048 se
2408 3995 2692 4048 credentes
2744 4006 2840 4061 per
2888 3989 3090 4045 cultum
3154 4004 3314 4059 supra
3355 3991 3527 4059 legem

1954 4087 2248 4156 perﬁciens
2271 4085 2337 4139 ad
2370 4084 2874 4139 sanctiﬁcationem.
2907 4081 3113 4151 Ecquid
3138 4082 3299 4152 igitur
3320 4082 3527 4136 calum-

1954 4178 2146 4245 niaris,
2166 4193 2197 4232 ο
2219 4176 2527 4232 Pharistee?
2550 4176 2662 4239 Dic,
2686 4190 2890 4246 quaeso,
2916 4175 3237 4243 increpasne
3268 4173 3533 4243 legislato-

1954 4283 2071 4323 rem
2101 4267 2245 4337 quod
2276 4267 2445 4336 legem
2474 4263 2650 4318 solvat
2680 4304 2695 4329 ,
2743 4266 2953 4333 etquod
2976 4262 3091 4317 suis
3120 4277 3224 4317 non
3253 4263 3526 4316 adluereat

1956 4357 2250 4414 mandatis?
2271 4358 2338 4409 At
2369 4356 2537 4424 legem
2572 4368 2787 4409 omnem
2813 4362 3034 4424 superat
3059 4354 3223 4409 Deus.
3261 4351 3358 4407 Hic
3380 4354 3524 4408 enim

1954 4446 2101 4517 leges
2139 4461 2246 4501 non
2273 4454 2380 4500 tam
2414 4444 2519 4500 sibi
2548 4444 2682 4513 ipsi,
2709 4459 2867 4513 quam
2902 4444 3057 4498 nobis
3091 4443 3373 4508 deﬁniens,
3414 4454 3526 4498 sta-

1885 4518 1930 4574 Ῐ)
1961 4539 2064 4592 tuit
2094 4538 2393 4593 secundum
2425 4545 2670 4605 tempus,
2701 4535 2752 4588 in
2781 4549 2888 4604 quo
2918 4534 3102 4603 utique
3122 4574 3137 4594 .
3168 4551 3288 4604 qua:
3308 4535 3529 4591 ordina-

1954 4631 2063 4694 vit,
2117 4628 2297 4698 elegit,
2348 4628 2712 4697 translertque
2761 4626 2827 4680 ad
2875 4626 3117 4681 meliora.
3178 4626 3309 4681 Erat
3366 4628 3532 4695 igitur

1959 4731 2172 4789 tempus
2202 4728 2260 4774 ut
2296 4727 2538 4773 cessaret
2569 4716 2657 4772 lex
2680 4755 2696 4782 ,
2723 4731 2843 4786 quae
2876 4716 2931 4771 in
2962 4716 3149 4788 ﬁguris
3196 4717 3403 4785 fuerat,
3435 4732 3528 4773 os-

1958 4812 2417 4878 tenderenturque
2470 4807 2717 4863 meliora.
2762 4805 2994 4877 Ideoque
3034 4810 3161 4864 alibi
3212 4825 3308 4879 per
3341 4825 3526 4865 vocent

1954 4904 2109 4959 Isaia:
2127 4901 2232 4972 73
2250 4900 2384 4954 dixit
2411 4918 2425 4954 :
2448 4918 2466 4953 ι
2494 4899 2959 4955 Exterminabitur
2987 4916 3179 4956 sensus
3198 4901 3374 4971 populi
3388 4902 3436 4935 ³³
3458 4918 3473 4967 ;
3498 4920 3519 4953 ι

1952 5009 2181 5050 vacuum
2210 4990 2351 5047 enim
2378 4988 2621 5047 iecerunt
2646 5006 2842 5045 novum
2877 4991 3225 5060 mandatum,
3250 4993 3392 5063 quod
3431 5008 3527 5063 per

1953 5086 2301 5155 semetipsum
2330 5084 2489 5142 nobis
2521 5083 2736 5139 locutus
2752 5091 2837 5138 est
2864 5081 3051 5138 Filius.

2020 5198 2143 5253 XXI
2164 5240 2179 5265 ,
2214 5200 2306 5257 25.
2347 5200 2653 5269 Baptismus
2686 5195 2913 5252 Joannis
2942 5198 3078 5250 unde
3107 5198 3260 5251 erat?

2022 5311 2382 5382 Interrogavit
2412 5310 2663 5366 Christus
2686 5323 2979 5381 quamnam
3013 5308 3079 5363 de
3112 5304 3319 5362 Joanne
3345 5303 3519 5359 habe-

1951 5413 2072 5458 rent
2112 5404 2461 5474 opinionem,
2506 5403 2632 5473 quia
2682 5417 2800 5457 mos
2832 5409 2953 5456 erat
2989 5398 3188 5454 Judaeis
3232 5396 3521 5453 mendaces

1950 5510 2153 5550 vocare
2182 5505 2403 5550 sanctos
2422 5535 2437 5561 ,
2467 5509 2532 5549 ac
2562 5493 2747 5549 dicere
2776 5506 2873 5548 eos
2897 5506 3003 5545 non
3029 5489 3222 5543 missos
3251 5503 3283 5542 a
3316 5488 3423 5541 Deo
3447 5501 3515 5541 ex

1954 5604 2050 5644 sua
2085 5597 2268 5647 mente
2298 5586 2641 5661 prOphetiam
2667 5587 2896 5658 lingere.
2926 5582 3183 5645 Pharisaei
3216 5592 3399 5639 autem
3429 5594 3523 5636 ve-
3540 5614 3549 5661 Α
