4094 6484
642 349 797 406 ’435

1670 349 1729 404 S.
1768 347 2040 404 CYRILLI
2081 346 2544 403 ALEXANDRINI
2582 346 2887 406 ARCHIEP.
3796 350 3875 407 436

690 463 884 525 rentur
912 467 1127 537 quidem
1155 480 1341 521 verum
1378 464 1579 532 dicere,
1620 481 1688 522 ne
1733 467 1989 523 audiam:
2025 467 2255 537 Propter
2288 476 2307 526 έ

2288 476 2327 526 Α
2360 465 2758 535 ἀπεσταλμένοι
2806 462 2957 534 παρὰ
3003 460 3160 514 Θεοῦ.
3192 460 3252 514 Οί
3298 459 3358 514 δὲ
3406 461 3683 532 Φαρισαῖοι
3712 463 3873 522 δεδίασι

690 562 818 632 quid
851 577 955 616 non
978 559 1320 615 credidistis?

759 736 870 809 74
902 735 1056 803 XXI,
1091 736 1182 791 28.
1226 734 1461 805 Operare
1481 737 1535 790 in
1561 737 1706 793 vinea
1737 754 1874 793 mea.

758 831 837 884 Ac
866 829 1023 883 vinea
1068 828 1283 898 quidem
1329 837 1412 884 est
1448 828 1645 894 Israel,
1708 839 1767 883 ut
1815 830 1890 885 ait
1930 830 2255 887 Psalmista:

696 943 716 975 1
754 922 981 976 Vineam
1026 937 1091 976 ex
1136 920 1371 991 Egypto
1426 921 1745 975 transtulisti
1785 920 1852 973 ³⁸.
1883 940 1901 972 ι
1942 922 2020 976 Ac
2052 922 2255 978 Isaias:

698 1034 716 1066 ι
760 1012 965 1077 Vinea,
1019 1012 1224 1080 inquit,
1278 1010 1414 1065 facta
1466 1019 1546 1066 est
1590 1010 1784 1066 dilecta
1820 1012 1887 1068 ³⁷.
1922 1031 1943 1065 ι
1990 1012 2261 1068 Plantavit

692 1113 870 1157 autem
941 1117 1058 1156 eam
1102 1101 1281 1166 Deus-,
1319 1116 1382 1155 ac
1408 1101 1568 1172 longo
1598 1112 1840 1172 tempore
1864 1117 2092 1174 peregre
2130 1120 2259 1173 pro-

692 1188 867 1242 fectus
906 1197 1019 1250 est,
1051 1188 1165 1241 sive
1205 1187 1668 1258 longanimitatem
1716 1192 1997 1247 exercuit:
2049 1193 2261 1248 videtur

694 1288 870 1333 tamen
899 1294 1085 1331 curam
1117 1279 1351 1347 gessisse
1381 1280 1647 1349 regionis,
1683 1289 1738 1336 et
1770 1297 1887 1336 eam
1921 1283 2175 1338 habuisse
2207 1286 2257 1339 in

693 1380 893 1424 mente.
920 1368 1132 1423 Nullum
1168 1370 1312 1423 enim
1347 1380 1556 1440 tempus
1601 1372 1982 1428 intermedium
2018 1374 2119 1429 fuit
2153 1392 2260 1445 quo

702 1476 807 1513 non
843 1478 870 1515 a
898 1460 1008 1516 Deo
1039 1461 1186 1516 missi
1222 1460 1420 1515 fuerint
1440 1462 1714 1531 propheta:
1742 1463 1982 1533 justique
2027 1467 2260 1521 instruc-

693 1564 855 1607 tores.
888 1550 950 1605 Hi
976 1565 1104 1606 vero
1135 1552 1391 1607 increduli
1424 1553 1664 1618 fuerunt,
1696 1569 1929 1625 eosque,
1983 1556 2076 1625 qui
2113 1557 2261 1614 missi

689 1649 845 1695 erant
866 1683 882 1709 ,
910 1643 1131 1698 all‘ectos
1164 1644 1459 1713 ignominia
1486 1660 1689 1700 vacuos
1713 1647 2055 1712 dimiserunt,
2082 1648 2134 1703 id
2156 1658 2259 1714 est,

692 1732 824 1787 nihil
873 1733 1136 1789 habentes
1182 1733 1307 1790 boni
1354 1737 1499 1805 quod
1541 1737 1607 1790 de
1650 1736 1715 1791 iis
1746 1737 1990 1792 dicerent
2028 1739 2261 1794 mittenti

692 1826 821 1880 Deo.

765 1916 914 1983 XXI,
948 1916 1039 1974 38.
1068 1916 1171 1972 Hic
1198 1928 1273 1973 est
1302 1919 1489 1974 hazres.
1540 1917 1757 1988 Venite,
1786 1922 2088 1978 occidantur
2115 1939 2255 1979 eum.

764 2091 909 2162 Ergo
949 2091 1111 2147 etiam
1167 2105 1264 2147 vos
1296 2092 1389 2146 lilii
1419 2091 1510 2147 Dei
1542 2107 1605 2147 ac
1635 2092 1849 2147 Patris?
1879 2108 2008 2165 ergo
2035 2106 2260 2150 natura-

693 2183 761 2238 lis
788 2184 1076 2239 hacreditas
1128 2185 1282 2239 vobis
1322 2185 1593 2253 obtingit,
1634 2185 1677 2240 si
1714 2201 1745 2239 e
1783 2186 1958 2242 medio
1992 2187 2260 2243 hzeredem

693 2274 1059 2330 sustuleritis?
1108 2277 1377 2345 quomodo
1447 2277 1589 2332 ﬁctis
1642 2276 1843 2331 domini
1898 2293 2086 2334 eorum
2142 2295 2264 2350 qua:

693 2366 929 2423 amatis?
960 2382 1024 2421 ac
1053 2367 1181 2422 illud
1213 2369 1484 2437 quomodo
1510 2382 1614 2422 non
1647 2370 1758 2424 risu
1790 2370 2056 2439 dignum?
2103 2372 2264 2427 Chri-

692 2467 808 2513 stus
858 2458 1124 2528 siquidem
1172 2467 1232 2512 ut
1272 2458 1439 2513 Filius
1487 2457 1583 2514 Dei
1629 2474 1693 2515 ac
1740 2459 1918 2515 Patris
1942 2461 2261 2533 dignitatum

693 2548 1228 2605 consubstantialiter
1255 2549 1429 2603 haeres
1464 2550 1733 2605 exsistens
1762 2551 1925 2606 homo
1948 2551 2127 2607 factus
2150 2590 2167 2619 ,
2208 2553 2260 2607 in

694 2641 1127 2695 communionem
1161 2640 1310 2708 regni
1374 2642 1454 2696 sui
1480 2643 1692 2696 vocavit
1721 2643 2003 2699 credentes
2028 2644 2086 2698 in
2116 2658 2259 2700 eum.

692 2728 864 2786 Judaei
912 2745 1042 2786 vero
1098 2730 1198 2785 soli
1252 2746 1473 2802 regnum
1522 2733 1723 2787 habere
1774 2733 2069 2801 volebant,
2111 2738 2257 2805 quod

696 2822 815 2878 ﬂeri
861 2836 966 2876 non
1002 2830 1249 2891 poterat,
1283 2838 1345 2877 ac
1373 2823 1594 2878 omnino
1620 2832 1739 2878 erat
1771 2838 1801 2878 a
1830 2823 2114 2897 disciplina
2138 2827 2267 2885 alie-

695 2929 847 2969 num.
898 2911 1140 2969 Observa
1196 2924 1375 2969 autem
1428 2914 1481 2970 in
1530 2915 1677 2972 hisce
1733 2915 1900 2971 lilium
1927 2927 2051 2987 post
2079 2933 2265 2976 servos

698 3004 875 3071 mitti,
918 3014 977 3059 ut
1018 3019 1140 3060 eum
1166 3005 1255 3074 qui
1289 3005 1431 3060 inter
1458 3020 1645 3062 servos
1671 3021 1777 3061 non
1812 3006 1912 3073 sit,
1951 3009 2045 3063 sed
2076 3015 2133 3063 ut
2166 3024 2260 3065 ve-

697 3112 817 3152 rum
849 3096 1018 3153 lilium
1052 3111 1117 3152 ae
1151 3107 1427 3169 propterea
1459 3097 1776 3165 Dominum;
1807 3098 1908 3154 etsi
1954 3100 2096 3155 enim
2122 3102 2264 3157 servi

696 3186 927 3244 formam
968 3202 1064 3258 per
1102 3187 1555 3257 dispensationem
1589 3190 1961 3259 assumpserit,
1992 3190 2157 3245 etiam
2186 3192 2266 3247 sic

693 3285 857 3335 verus
891 3279 981 3333 Dei
1011 3278 1297 3349 Patrisque
1319 3278 1488 3335 Filius
1515 3289 1619 3345 est,
1647 3294 1712 3336 ac
1732 3280 2032 3336 naturalem
2060 3281 2267 3338 habens

694 3378 1041 3438 potestatem.

768 3481 875 3553 75
904 3480 1059 3546 XXI,
1085 3481 1179 3536 43.
1211 3480 1469 3550 Lapidem
1496 3500 1649 3553 quem
1675 3487 2081 3555 reprobaverunt
2132 3489 2267 3542 mdi-

696 3574 918 3645 ﬁcanm
941 3612 959 3640 ,
986 3573 1070 3629 hic
1095 3573 1271 3642 factus
1300 3583 1375 3628 est
1413 3575 1469 3628 in
1494 3588 1648 3645 caput
1671 3579 1877 3649 anguli.

770 3688 1084 3744 Admiratus
1117 3698 1202 3744 est
1233 3689 1489 3757 angulum
1526 3690 1720 3758 illum,
1751 3695 1868 3749 sive
1898 3695 2127 3751 duorum
2169 3711 2268 3765 po-

699 3780 952 3850 pulorum
974 3780 1028 3833 in
1056 3779 1389 3835 identitatem
1417 3796 1784 3850 concursum,
1830 3784 2021 3841 beatus
2058 3786 2227 3840 David
2247 3824 2265 3852 ,

698 3872 926 3928 dicens:
961 3886 981 3921 ι
1013 3870 1059 3925 Α
1094 3868 1323 3926 Domino
1348 3869 1551 3927 factum
1578 3884 1662 3928 est
1692 3874 1834 3930 istud
1855 3916 1872 3942 ,
1908 3886 1963 3930 et
1990 3886 2073 3932 est
2104 3878 2268 3933 mira-

700 3962 814 4018 bile
840 3962 897 4016 in
931 3961 1106 4018 oculis
1137 3962 1342 4018 nostris
1361 3962 1428 4019 ³⁸.
1466 3983 1487 4017 ι
1536 3964 1724 4035 Itaque
1756 3967 2011 4022 salutaris
2052 3969 2267 4036 quidem

699 4056 791 4111 hic
819 4055 959 4125 lapis
983 4055 1178 4128 angulo
1203 4056 1272 4111 ab
1300 4071 1368 4112 eo
1392 4056 1536 4112 facto
1556 4076 1572 4125 ;
1595 4060 1863 4113 contritus
1900 4069 1982 4114 est
2004 4069 2183 4115 autem
2201 4064 2269 4118 ab

702 4146 770 4201 iis
802 4146 894 4215 qui
920 4155 1074 4201 extra
1110 4146 1532 4202 intellectualem
1569 4161 1634 4202 ac
1667 4147 2007 4217 spiritualem
2054 4164 2271 4205 manse-

702 4245 830 4291 runt
857 4250 1178 4291 concursum
1209 4252 1223 4290 :
1258 4236 1391 4306 ipsis
1430 4236 1575 4291 enim
1617 4234 1866 4293 Christus
1900 4245 2050 4307 petra
2097 4236 2271 4293 oﬂ‘en-

702 4326 873 4381 sionis
900 4336 1016 4390 est,
1045 4336 1101 4380 et
1121 4326 1257 4396 lapis
1284 4327 1549 4382 scandali.

772 4415 939 4485 χχιι,
966 4418 1023 4473 8.
1066 4416 1284 4487 Nuptiae
1309 4418 1515 4489 quidem
1550 4429 1749 4487 parata:
1771 4429 1913 4472 sunt.

2363 556 2460 626 μὲν
2486 557 2663 609 εἰπεῖν
2688 556 2749 609 τὸ
2790 554 2988 625 ἀληθὲς
3010 593 3025 619 ,
3067 553 3155 605 ἵνα
3187 551 3263 624 μὴ
3290 552 3601 606 ἀκούσωσι·
3635 553 3727 608 Διά
3749 558 3793 610 τί
3819 559 3874 629 μὴ

2358 646 2713 700 ἐπιστεύσατε
2733 661 2749 711 ;

2444 737 2721 808 Ἐργάζου
2751 737 2821 790 ὲν
2845 733 2926 801 τῷ
2951 732 3258 804 ἀμπελῶνί
3278 751 3417 803 μου.

2432 830 2544 882 Καὶ
2594 827 2742 881 ἐστιν
2795 825 3057 896 ἀμπελὼν
3105 825 3205 895 μὲν
3259 827 3286 878 6
3327 824 3568 895 Ἰσραὴλ,
3599 826 3669 888 ὦς
3704 834 3877 896 φησινὸ

2358 919 2683 990 Ψαλμῳδός·
2722 938 2739 970 ι
2763 917 3087 987 Ἀμπελῶνα
3113 916 3462 985 ὲξΑίγύπτου
3492 917 3741 987 μετῆρας.
3765 921 3877 975 »Καὶ

2372 1013 2598 1076 Ἡσαΐας
2619 1034 2635 1052 ο
2677 1030 2696 1063 ‹
2718 1008 3025 1081 Ἀμπελὼν,
3058 1008 3247 1079 φησὶν,
3275 1008 3511 1079 ἐγενήθη
3542 1007 3617 1077 τῷ
3640 1011 3876 1081 ἠγαπημέ.

2360 1122 2454 1175 νῳ.
2484 1102 2852 1172 ιἘφύτευσεν
2905 1100 2961 1153 δὲ
3008 1100 3170 1154 αὐτὸν
3217 1101 3246 1153 6
3289 1096 3441 1163 Θεὸς,
3476 1098 3569 1152 καὶ
3610 1100 3875 1171 ἀπεδήμησε

2362 1197 2550 1269 χρόνον
2597 1194 2827 1264 μακρὸν,
2861 1193 3038 1245 εἴτουν
3085 1189 3535 1261 ἐμακροθύμησε.
3568 1189 3705 1260 Πλὴν
3730 1194 3875 1260 ὁρᾶται

2363 1286 2736 1358 πεφροντικὼς
2788 1284 2879 1338 τοῦ
2930 1282 3155 1354 χωρίου,
3192 1283 3285 1334 καὶ
3319 1284 3398 1345 είς
3439 1280 3567 1334 νοῦν
3609 1282 3734 1350 ἔχων
3762 1284 3875 1337 αὑτό.

2362 1379 2553 1442 Οὐδεὶς
2574 1377 2683 1449 γὰρ
2710 1376 2899 1445 γέγονε
2926 1374 3012 1428 διὰ
3042 1373 3204 1444 μέσου
3238 1373 3452 1446 καιρὸς,
3482 1372 3604 1426 καθ’
3630 1374 3683 1427 ὃν
3706 1375 3789 1427 οὐκ
3807 1379 3877 1428 ἀπ-

2363 1467 2671 1521 εστέλλοντο
2697 1466 2848 1537 παρὰ
2876 1464 2968 1518 τοῦ
2999 1462 3136 1516 Θεοῦ
3164 1464 3443 1534 προφῆται
3484 1464 3579 1516 καὶ
3603 1463 3776 1517 δίκαιοι
3796 1485 3877 1520 vou-

2363 1559 2664 1623 θετοῦντες.
2681 1560 2743 1611 Οἰ
2766 1558 2823 1611 δὲ
2850 1558 3135 1627 γεγόνασιν
3158 1555 3424 1619 ἀπειθεῖς,
3446 1554 3543 1607 καὶ
3569 1554 3876 1624 ἀτιμάσαντες

2362 1650 2484 1714 τοὺς
2522 1649 2964 1720 ἀπεσταλμένους
3007 1648 3331 1703 ἀπέστειλαν
3376 1645 3601 1709 κενούς·
3653 1648 3877 1702 τουτέστιν

2363 1742 2515 1796 οὐδὲν
2548 1730 2969 1812 ἔχονταςέίπεῖν
3002 1740 3129 1810 περὶ
3157 1738 3336 1793 αύτῶν
3368 1737 3577 1807 ἀγαθὸν
3606 1736 3680 1808 τῷ
3712 1756 3876 1811 πεπομη

2294 1814 2338 1869 Β
2366 1834 2487 1905 φότι
2515 1833 2656 1903 Θεῷ.

2435 1922 2623 1992 Οὗτός
2660 1926 2833 1979 ἐστιν
2865 1926 2899 1978 δ
2932 1923 3324 1993 κληρονόμος.
3351 1922 3553 1987 Δεῦτε,
3586 1922 3876 1977 ἀποκτείνω-

2355 2033 2474 2087 μεν
2498 2017 2704 2071 αὐτόν.
2736 2030 2739 2033 ·

2436 2108 2581 2179 Ἀρα
2622 2107 2716 2160 καὶ
2755 2107 2912 2177 ὑμεῖς
2954 2106 3059 2160 υἱοὶ
3103 2104 3198 2159 τοῦ
3229 2103 3369 2157 Θεοῦ
3399 2104 3499 2158 καὶ
3530 2104 3761 2175 Πατρόςς
3800 2106 3877 2177 ἄρα

2361 2200 2605 2269 φυσικῶς
2631 2200 2659 2252 6
2686 2199 2886 2270 κλῆρος
2911 2199 2993 2263 εἰς
3022 2198 3165 2269 ὑμᾶς
3197 2196 3542 2261 καταϐαίνει,
3573 2198 3636 2251 ἂν
3666 2198 3724 2249 ὲκ
3752 2197 3877 2267 μέσον

2363 2292 2624 2362 ποιήσητε
2652 2292 2743 2344 τὸν
2773 2290 3112 2361 κληρονόμον
3136 2306 3151 2355 ;
3182 2290 3298 2353 πῶς
3320 2287 3620 2359 γενήσεσθε
3649 2287 3801 2356 κύριοι
3825 2282 3878 2342 ὧν

2362 2383 2558 2453 space;
2594 2382 2818 2435 κάκεῖνο
2864 2380 2981 2444 πῶς
3014 2381 3072 2433 ού
3102 2379 3339 2449 γέλωτος
3380 2379 3569 2445 ἄξιον;
3613 2380 3669 2433 Ὀ
3700 2379 3878 2451 μὲνγὰρ

2363 2470 2617 2541 Χριστὸς.
2647 2468 2722 2532 ὡς
2769 2468 2897 2531 Υἱὸς
2954 2468 3048 2521 καὶ
3100 2467 3210 2521 τῶν
3244 2467 3339 2521 τοῦ
3389 2466 3533 2520 Θεοῦ
3587 2467 3675 2520 καὶ
3717 2467 3879 2539 Πατρὸς

2365 2558 2689 2630 ἀξιωμάτων
2702 2556 2976 2622 ούσιωδῶς
2987 2558 3089 2628 κλη
3098 2557 3554 2629 ρονόμος,γεγενη
3564 2558 3711 2627 μένος
3722 2558 3878 2627 ἄνθρω-

2366 2668 2487 2717 πος,
2522 2653 2601 2714 εἰς
2634 2648 2918 2703 κοινωνίαν
2943 2649 3043 2716 τῆς
3072 2648 3266 2703 ἑαυτοῦ
3293 2648 3581 2719 βασιλείας
3610 2650 3878 2712 ὲκάλειτοὺς

2366 2740 2721 2804 πιστεύοντας
2749 2741 2829 2803 εἰς
2854 2738 3038 2793 αὐτόν.
3071 2740 3133 2793 Oi
3167 2738 3225 2792 δὲ
3268 2738 3513 2809 Ἑϐραῖοι
3541 2739 3685 2809 μόνοι
3710 2738 3792 2808 τὴν
3811 2738 3878 2807 βα-

2366 2831 2571 2885 σιλείαν
2596 2830 2742 2901 ἔχειν
2768 2829 2980 2901 ἤθελον,
3008 2829 3147 2899 ὅπερ
3176 2824 3245 2899 ἦν
3280 2828 3567 2899 ἀμήχανόν
3590 2845 3644 2881 τε
3667 2828 3748 2881 καὶ
3772 2828 3876 2898 ἅμα·

2367 2922 2477 2987 θές.
2495 2922 2861 2992 Ἐπιτήρησον
2880 2920 2938 2973 δὲ
2968 2920 3025 2974 ὲν
3051 2920 3261 2984 τούτοις
3292 2920 3373 2973 ὅτι
3405 2920 3550 2990 μετά
3575 2921 3694 2981 τοὺς
3714 2918 3879 2981 οἰκέτας

2366 3014 2394 3066 ὁ
2426 3011 2555 3074 Υἱὸς
2600 3012 2900 3080 πέμπεται,
2931 3009 3007 3074 ὡς
3036 3009 3099 3063 ού
3130 3008 3303 3062 τελῶν
3336 3011 3395 3063 ὲν
3439 3008 3691 3073 οἰκέταις,
3716 3007 3808 3060 ἀλλ’
3827 3008 3879 3069 ὡς

2368 3103 2494 3166 Υἱὸς
2521 3102 2795 3172 ἀληθινὸς,
2816 3101 2909 3154 καὶ
2935 3099 3024 3153 διὰ
3048 3098 3205 3153 τοῦτο
3244 3098 3451 3169 Κύριος
3470 3117 3486 3133 ο
3515 3102 3564 3153 εί
3596 3100 3684 3152 καὶ
3706 3098 3878 3168 ὲφόρεσε

2367 3193 2477 3264 γάρ
2518 3191 2705 3245 δούλου
2751 3190 2966 3263 μορφὴν
2994 3190 3374 3260 οἰκονομικῶς,
3409 3188 3531 3243 ἀλλ’
3562 3186 3628 3262 ἦν
3670 3189 3751 3243 καὶ
3778 3186 3879 3241 οὕτω

2367 3284 2522 3348 Θεὸς,
2551 3284 2645 3339 καὶ
2673 3283 2801 3347 Υἱὸς
2833 3281 3087 3353 ἀληθινὸς
3129 3280 3223 3334 τοῦ
3269 3280 3405 3334 Θεοῦ
3450 3281 3548 3337 καὶ
3588 3277 3879 3352 Πατρὸς,ιαὶ

2369 3374 2603 3445 φυσικὴν
2635 3373 2774 3445 ἔχων
2803 3372 2900 3445 τὴν
2933 3372 3248 3445 κυριότητα.

2440 3486 2624 3541 Λίθον
2687 3485 2761 3539 ὃν
2816 3484 3273 3555 ἀπεδοκίμασαν
3333 3486 3388 3539 οἱ
3449 3482 3876 3554 οἰκοδομοῦντες,

2375 3572 2558 3642 οὗτος
2581 3574 2834 3646 ἐγενήθη
2867 3576 2955 3642 εἰς
2986 3575 3265 3644 κεφαλὴν
3294 3575 3537 3644 γωνίας.

2439 3686 2655 3758 Ταύτην
2684 3686 2997 3758 τεθαύμακε
3026 3687 3124 3758 τὴν
3157 3687 3381 3757 γωνίαν,
3417 3687 3543 3758 ἦτοι
3565 3686 3667 3739 τῶν
3685 3684 3763 3737 δύο
3777 3680 3879 3735 λαῶν

2368 3780 2469 3852 τὴν
2489 3781 2568 3843 είς
2589 3780 2892 3849 ταύτότητα
2920 3779 3137 3833 σύνοδον
3165 3782 3193 3833 6
3225 3779 3500 3850 μακάριος
3526 3776 3700 3839 Δαδῖδ,
3725 3773 3876 3842 λέγων·

2377 3890 2395 3925 ι
2425 3872 2583 3943 Παρὰ
2610 3872 2815 3943 Κυρίου
2848 3871 3064 3940 ἐγένετο
3096 3870 3256 3940 αὕτη,
3291 3870 3388 3922 καὶ
3421 3869 3543 3923 ἐστι
3575 3863 3879 3937 θαυμαστὴὲν

2369 3965 2667 4035 ὀφθαλμοῖς
2706 3963 2880 4035 ήμῶν.
2912 3982 2932 4017 ι
2973 3962 3184 4016 Οὐκοῦν
3220 3962 3490 4032 σωτήριον
3525 3960 3622 4031 μὲν
3650 3961 3677 4011 6
3701 3956 3878 4022 λίθοςτῇ

2370 4058 2544 4129 γωνίᾳ
2573 4060 2636 4127 τῇ
2666 4057 2795 4126 παρ’
2820 4054 2987 4107 αὐτοῦ
3011 4053 3300 4124 γενομένῃ,
3328 4052 3594 4123 συντριὸὴ
3620 4050 3673 4103 δὲ
3692 4049 3786 4110 τοῖς
3804 4045 3877 4110 ἐξω

2375 4165 2442 4217 με
2451 4146 2710 4219 μενηκόσι
2729 4148 2827 4216 τῆς
2844 4148 3042 4214 νοητῆς
3065 4144 3158 4197 καὶ
3184 4142 3567 4213 πνευματικῆς
3586 4139 3771 4207 ταύτης
3792 4150 3880 4187 συν-

2370 4238 2579 4309 δρομῆς
2598 4254 2611 4267 ·
2641 4237 2823 4299 αὐτοῖς
2845 4237 2954 4308 γάρ
2977 4236 3123 4289 ἐστιν
3149 4237 3176 4289 6
3205 4234 3441 4307 Χριστὸς
3477 4233 3649 4304 πέτρα
3665 4225 3880 4301 προσκόμ-

2375 4346 2565 4399 ματος,
2602 4328 2697 4380 καὶ
2729 4328 2877 4391 λίθος
2908 4326 3231 4383 σκανδάλου.

2458 4421 2520 4473 '0
2548 4419 2664 4489 μὲν
2694 4418 2879 4487 γάμος
2904 4418 3138 4485 ἕτοιμός
3161 4417 3355 4470 ἐστιν.

767 4507 997 4579 Nuptias
1040 4486 1171 4565 dicit
1218 4486 1470 4565 unionem
1519 4486 1758 4564 ﬁdelium
1806 4526 1927 4564 cum
1973 4509 2151 4574 Filio;
2201 4509 2268 4564 ad
2298 4486 2344 4542 Ῑ)

2264 4486 2344 4564 lD
2444 4486 2625 4575 Γάμον
2653 4486 2729 4576 (ir)
2756 4486 2903 4573 λέγει
2935 4505 3034 4576 τὴν
3084 4503 3219 4575 πρὸς
3269 4505 3360 4558 τὸν
3398 4504 3530 4558 Υίὸν
3577 4503 3681 4557 τῶν
3724 4494 3881 4553 πιστῶν

704 4601 933 4668 illasque
975 4602 1189 4671 nuptias
1223 4600 1436 4657 vocavit
1472 4599 1709 4665 Iudaeos,
1751 4601 1879 4655 olim
1911 4602 2127 4672 quidem
2172 4615 2269 4670 per

702 4691 1021 4762 prophetas,
1078 4692 1370 4747 novissime
1417 4702 1595 4746 autem
1640 4706 1735 4762 per
1789 4692 2101 4762 discipulos,
2143 4700 2271 4746 ante

703 4785 1014 4856 passionem
1037 4793 1093 4838 et
1124 4784 1600 4839 resurrectionem.

776 4875 922 4930 XXII
949 4917 963 4940 ,
994 4876 1080 4930 l3.
1122 4873 1321 4944 Ligatis
1352 4873 1591 4929 manibus
1624 4884 1671 4929 et
1705 4875 1919 4945 pedibus
1950 4875 2085 4944 ejus.

776 4965 899 5022 Alio
921 4981 1134 5035 quoque
1161 4967 1319 5021 modo
1369 4981 1559 5022 manus
1617 4965 1885 5035 pedesque
1926 4966 2082 5035 ligari
2132 4965 2267 5019 dici-

704 5061 830 5118 tur,
865 5054 1019 5122 qnasi
1082 5054 1282 5108 nullum
1343 5054 1594 5125 deinceps
1653 5056 1725 5110 ibi
1753 5055 2097 5124 opusbonum
2130 5071 2269 5125 prae-

714 5155 861 5202 stare
880 5146 1125 5215 valeant;
1161 5148 1283 5202 boni
1311 5149 1453 5204 enim
1474 5148 1716 5220 operatio
1756 5163 1861 5203 non
1889 5147 1990 5201 nisi
2038 5149 2105 5203 ad
2131 5163 2269 5219 prae-

705 5252 831 5294 sens
860 5248 1070 5309 tempus
1104 5241 1424 5296 extenditur.

775 5330 954 5394 XXII,
991 5332 1078 5386 ΓΙ.
1112 5331 1253 5387 Licet
1280 5349 1487 5387 censum
1528 5335 1657 5389 dare
1686 5334 1923 5398 (lassari,
1961 5350 2029 5387 an
2064 5334 2205 5388 non?

780 5420 960 5476 Voluit
1003 5422 1216 5491 quidem
1262 5423 1639 5478 universorum
1694 5424 1833 5480 Deus
1889 5424 1957 5479 ab
1990 5424 2269 5479 hominum

779 5602 824 5632 ³⁸
852 5600 995 5657 Psal.
1034 5617 1219 5675 Lxxu,
1247 5605 1297 5661 9.
1380 5605 1423 5636 ³⁷
1450 5602 1552 5659 lsa.
1594 5617 1645 5669 v,
1674 5604 1724 5659 1.
1800 5605 1843 5637 ³⁸
1866 5602 2015 5661 Psal.
2047 5620 2216 5675 cxvii,
2241 5602 2333 5661 25.

780 5757 858 5828 (ί)
892 5762 943 5813 Γ
944 5759 1097 5829 dum“
1136 5792 1200 5802 -
1226 5762 1639 5829 ἀναστάσεως.
1676 5764 1918 5822 Cramer.
1958 5781 2009 5837 p.
2050 5764 2168 5820 l79.

2377 4600 2697 4668 συνάφειαν,
2729 4597 2909 4652 καλῶν
2939 4598 3022 4659 εἰς
3056 4596 3243 4649 τοῦτον
3282 4598 3407 4659 τοὺς
3451 4596 3740 4658 Ἰουδαίους,
3762 4589 3882 4643 πάλαι

2380 4692 2477 4763 μὲν
2508 4690 2595 4744 διὰ
2652 4690 2762 4743 τῶν
2799 4688 3113 4759 προφητῶν,
3143 4687 3369 4758 ὕστερον
3416 4687 3475 4739 δὲ
3521 4688 3607 4740 διὰ
3633 4686 3730 4739 τῶν
3754 4682 3881 4753 μαθη-

2375 4785 2503 4847 τῶν,
2525 4782 2631 4854 πρὸ
2654 4782 2748 4835 τοῦ
2782 4782 2985 4843 πάθους
3021 4781 3115 4834 καὶ⁵
3140 4781 3241 4851 τῆς
3262 4780 3627 4843 ἀναστάσεως.

2447 4875 2751 4944 Δήσαντες
2774 4873 2960 4928 αὐτοῦ
2989 4872 3180 4938 πόδας
3210 4872 3309 4925 καὶ
3338 4872 3561 4941 χεῖρας.

2448 4968 2558 5021 Καὶ
2583 4966 2755 5030 ἄλλως
2783 4965 3026 5018 δεδέσθαι
3057 4966 3244 5034 χεῖρας
3273 4962 3366 5016 καὶ
3401 4963 3568 5025 πόδας
3595 4960 3811 5028 λέγεται,
3831 4951 3882 5012 ὡς

2380 5058 2609 5130 μηδενὸς
2639 5057 2823 5111 λοιπὸν
2863 5056 3099 5128 χρηστὸν
3127 5054 3350 5124 ποιῆσαι
3392 5055 3572 5106 ἐκεῖσε
3608 5044 3879 5130 δυναμένῳ⁸

2375 5128 2409 5222 ἦ
2443 5128 2552 5222 ia?
2579 5150 2672 5204 τοῦ
2707 5148 2873 5203 καλοῦ
2903 5146 3137 5219 ἐργασία
3169 5146 3333 5216 μέχρι
3362 5143 3455 5198 τοῦ
3487 5141 3736 5214 παρόντος
3756 5128 3883 5189 ἐκτείο

2378 5259 2549 5296 νεται.

2448 5330 2693 5396 Ἔξεστι
2722 5328 2931 5383 δοῦναι
2961 5327 3196 5397 κῆνσον
3225 5326 3497 5394 Καίσαρι,
3532 5325 3570 5392 ἢ
3599 5323 3694 5387 oti;

2452 5422 2649 5477 Ἤθελε
2673 5422 2770 5494 μὲν
2792 5423 2819 5475 6
2835 5420 2941 5476 τῶν
2962 5420 3097 5474 ὅλων
3121 5418 3252 5484 Θεὸς
3272 5417 3613 5489 ἀνθρωπίνης
3627 5409 3883 5471 δυναστείας
