4094 6518
230 349 343 403 437

1410 353 1767 409 COMMENT.
1813 352 1877 407 IN
1920 352 2360 410 MATTIIASUII.
2428 364 2429 369 ‘

3332 341 3494 413 ἰδδ

233 462 525 535 ἐλεύθερον
554 459 809 520 εἴναιτδν
842 467 1086 539 Ἰσραήλ·
1130 469 1317 539 ἐπειδὴ
1362 470 1419 523 δὲ
1469 475 1593 535 τοὺς
1645 471 1819 535 θείους

1927 471 2199 525 dominatu
2224 470 2455 525 liberum
2491 483 2611 526 esse
2641 470 2887 525 israelem
2922 488 2934 524 :
2970 485 3092 525 cum
3126 484 3255 525 vero
3288 470 3497 525 divinas

235 559 593 627 πεπατήκασι
632 559 855 627 νόμους,
881 559 1171 626 γεγόνασιν
1198 559 1302 612 ὑπὸ
1335 564 1493 631 χεῖρα
1526 563 1633 614 τῶν
1670 580 1821 631 τηνι-

238 650 371 701 κάδε
406 651 848 719 κεκρατηκότων,
887 650 983 703 καὶ
1019 652 1261 721 δασμοὺς
1306 654 1582 723 ἐπέθηκαν
1611 657 1817 719 αὐτοῖς,

239 741 336 791 καὶ
383 742 551 810 φόρου
598 739 785 792 λοιπὸν
828 736 969 809 ἦσαν
1009 741 1311 809 ὑποτελεῖς,
1335 741 1444 795 τῶν
1474 744 1820 814 πραγμάτων

238 834 425 895 αὐτοῖς
456 834 537 895 είς
565 835 661 904 τὴν
697 833 986 903 Ῥωμαίων
1024 835 1441 905 μεταπεσόντων
1476 837 1668 907 ἀρχήν.

312 923 421 977 Καὶ
466 925 662 987 οὐδεὶς
703 924 957 979 ἐδύνατο
986 925 1146 991 αὐτῷ
1186 926 1581 994 ἀποκριθῆναι
1611 930 1817 996 λόγον,

237 1013 385 1066 οὺδέ
424 1013 724 1082 ἐτόλμησέ
773 1031 863 1080 τις
907 1015 1007 1069 ἀπ’
1028 1015 1270 1085 ἐκείνης
1312 1016 1418 1087 τῆς
1456 1018 1675 1087 ἡμέρας
1717 1020 1819 1073 ἐπ-

235 1102 537 1172 ερωτῆσαι
566 1104 755 1159 αὐτὸν
780 1105 1003 1164 οὐκέτι.

327 1196 548 1267 Ἐπειδὴ
597 1198 1105 1267 καταισχυνθέντων
1153 1200 1259 1253 τῶν
1304 1200 1674 1254 Σαδδουκαίων
1725 1204 1819 1255 καὶ

239 1288 723 1359 ἀποχωρησάντων
753 1292 1006 1360 ἐπῃνεῖτο
1039 1293 1068 1345 ό
1104 1291 1330 1361 Κύριος,
1374 1293 1817 1363 διαφθονοόμενοι

236 1382 288 1433 οἱ
332 1381 618 1451 Φαρισαῖοι
666 1377 831 1451 ἦλθον
886 1384 967 1445 εἰς
1020 1383 1205 1453 μέσον,
1239 1384 1333 1437 καί
1380 1402 1461 1448 τις
1508 1374 1820 1455 νομομαθὴς

237 1470 383 1538 ἄγαν
411 1472 543 1541 παρ’
569 1470 754 1534 αὐτοῖς
779 1470 1153 1541 νομιζόμενος,
1187 1473 1437 1543 ἠρώτησε
1467 1474 1596 1525 ποία
1633 1474 1818 1545 ἐντολὴ

240 1561 457 1632 μεγάλη
486 1563 544 1614 ἐν
576 1562 655 1632 τῷ
680 1562 832 1632 νόμῳ
856 1579 869 1593 ·
899 1564 1102 1633 οἰηθεὶς
1132 1565 1213 1617 ὅτι
1243 1565 1424 1636 μέλλει
1458 1567 1555 1636 μὲν
1594 1567 1660 1620 τὰ
1686 1569 1818 1621 Mm-

239 1653 382 1716 σέως
414 1653 879 1723 παραγράφεσθαι
910 1656 937 1707 ὁ
966 1656 1219 1724 Χριστὸς,
1250 1656 1615 1726 παρατιθέναι
1642 1658 1697 1710 δὲ
1721 1658 1819 1728 τὴν

234 1741 406 1796 αὐτοῦ
435 1742 804 1808 διδασκαλίαν,
839 1744 870 1815 ἢ
900 1746 1075 1798 εἰπεῖν
1094 1761 1106 1774 ⁸
1145 1747 1479 1816 Ἀγαπήσεις
1508 1747 1710 1818 Κύριον
1729 1750 1820 1801 τὸν

1927 562 2070 631 leges
2099 562 2505 617 conculcassent
2530 602 2545 625 ,
2583 571 2693 615 tum
2726 572 2886 616 etiam
2923 560 3333 630 prmvalentium
3368 578 3485 614 ma-

1924 668 2026 707 nus
2056 669 2120 707 ac
2151 653 2366 707 vincula
2393 654 2474 707 eis
2500 654 2791 721 imposuit,
2837 666 2901 704 ac
2943 652 3071 704 tacti
3112 663 3239 707 sunt
3277 654 3492 708 obnoxii

1924 743 2207 813 pendendo
2235 744 2458 810 tributo,
2506 743 2664 797 rebus
2692 748 2973 815 eorumjad
3007 747 3369 800 Romanorum
3399 747 3496 797 im-

1923 835 2129 904 perium
2192 834 2477 891 devolutis.

1994 926 2102 995 76
2131 924 2300 996 XXII,
2332 925 2421 979 46.
2464 925 2533 979 Et
2559 943 2707 980 nemo
2728 936 2931 994 poterat
2963 929 3276 995 respondere
3301 928 3345 978 ei
3379 942 3493 978 ver-

1923 1015 2080 1079 bum,
2142 1031 2303 1084 neque
2352 1032 2515 1069 ausus
2563 1016 2666 1084 fuit
2711 1019 2985 1087 quisquam
3037 1034 3101 1071 ex
3129 1017 3219 1069 illa
3251 1017 3333 1069 die
3378 1032 3495 1069 eum

1908 1106 2146 1173 .amplitts
2180 1108 2528 1176 interrogare.

1991 1197 2124 1251 Cum
2146 1196 2357 1251 confusi
2377 1210 2559 1253 essent
2581 1214 2644 1252 ac
2660 1209 3013 1255 secesswsent
3040 1200 3320 1253 Saddncrei
3341 1242 3356 1265 ,
3386 1200 3498 1253 lau-

1920 1288 2256 1357 dabaturque
2288 1288 2565 1355 Dominus,
2599 1292 2652 1343 in
2686 1294 2919 1345 medium
2978 1294 3290 1362 prodierunt
3332 1289 3498 1344 invidi

1920 1378 2175 1432 Pharistri
2196 1422 2209 1444 ,
2234 1394 2297 1434 ac
2325 1379 2661 1449 legisperitus
2688 1383 2903 1451 quidam
2938 1399 3128 1451 magna
3160 1384 3296 1452 apud
3325 1396 3417 1435 eos
3443 1383 3498 1436 in

1920 1470 2278 1523 aestimatione
2319 1470 2646 1539 interrogat,
2689 1474 2961 1541 quodnam
3011 1474 3305 1527 maximum
3353 1482 3499 1527 esset

1923 1560 2232 1614 mandatum
2264 1561 2315 1614 in
2344 1562 2492 1631 lege,
2520 1564 2815 1617 arbitratus
2840 1564 2975 1627 fore,
2997 1574 3051 1617 ut
3075 1580 3134 1617 ea
3156 1579 3274 1633 qua:
3296 1562 3498 1633 Moysi:

1920 1658 2076 1703 erant
2102 1651 2350 1706 Christus
2378 1656 2781 1722 proscriberet,
2807 1670 2958 1709 suam
2984 1664 3161 1709 autem
3194 1656 3507 1709 doctrinam

1923 1752 2292 1810 praeponeret,
2348 1752 2440 1796 aut
2471 1744 2676 1799 diceret
2712 1764 2724 1799 :
2782 1746 2984 1814 Diliges
3016 1746 3296 1799 Dominum
3330 1744 3509 1799 Deum

237 1836 377 1890 Θεόν
409 1854 504 1890 σου
528 1838 623 1891 καὶ
648 1837 750 1907 ἐμέ
769 1853 784 1868 ·
817 1838 1204 1908 παραζευγνὺς
1234 1838 1429 1891 ἑαυτοῦ
1451 1838 1548 1909 τὴν
1574 1839 1731 1904 δόξαν
1753 1842 1817 1911 τῇ

1927 1841 2072 1886 tuum
2104 1843 2158 1887 et
2187 1849 2301 1898 me,
2331 1833 2706 1905 coniungendo
2735 1837 2959 1906 gloriam
2983 1854 3137 1892 suam
3165 1854 3289 1892 cuin
3326 1837 3505 1904 gloria

235 1926 368 1999 δόξῃ
402 1928 494 1981 τοῦ
540 1929 779 1999 Πατρός·
826 1930 919 1982 καὶ
953 1929 1126 1993 οὕτως
1158 1930 1383 2001 εὑρήσει
1424 1931 1698 2001 πρόφασιν
1724 1931 1819 1984 τοῦ

236 2020 502 2091 ἐμϐαλεῖν
531 2020 695 2074 αὑτὸν
726 2023 805 2084 εἰς
833 2021 1097 2083 κίνδυνον,
1131 2021 1206 2085 ὼς
1232 2022 1421 2076 ἑαυτὸν
1448 2021 1816 2077 θεοποιοῦντα·

236 2114 296 2185 ἢ,
324 2116 375 2168 εἰ
400 2114 560 2169 τοῦτο
587 2116 1034 2186 παρασιωπήσει,
1060 2114 1239 2183 λέγειν
1262 2133 1277 2147 ·
1311 2116 1521 2170 Οὐκοῦν
1555 2117 1617 2170 οὐ
1652 2134 1821 2187 προσ-

224 2206 470 2276 δέχομαί
523 2223 589 2258 σε.
630 2206 705 2271 ὠς
754 2206 888 2259 Θεόν
930 2205 1107 2275 (I).'O
1133 2206 1191 2260 δὲ
1218 2207 1422 2278 Κύριος
1455 2208 1607 2261 οὐδὲν
1631 2208 1819 2261 καινὸν

237 2297 435 2362 εἰπὼν,
485 2298 621 2351 ἀλλὰ
660 2300 725 2352 τὰ
753 2299 846 2352 τοῦ
878 2299 1065 2368 νόμου.
1113 2298 1205 2353 καὶ
1240 2300 1411 2371 ταύτῃ
1463 2300 1822 2369 ἐπιστομίσας

232 2391 370 2454 τοὺς
390 2391 742 2461 Φαρισαίους,

310 2487 482 2555 Μηδὲ
508 2488 769 2556 κληθῆτε
798 2492 1147 2560 καθηγηταί.

329 2579 555 2650 Ἐπειδὴ
581 2582 704 2644 τοὺς
739 2582 906 2636 καινά
932 2582 1183 2654 δόγματα
1216 2581 1571 2647 διδάσκοντας
1600 2583 1674 2647 ὡς
1705 2584 1824 2637 ἐπί-

239 2687 356 2723 παν
382 2671 512 2725 ίδεῖν
551 2671 668 2725 ἐστι
702 2673 1014 2740 κενοδοξίας
1044 2675 1141 2728 καὶ
1187 2673 1508 2739 ἀλαζονείας
1548 2675 1712 2746 ἔρωτι
1743 2678 1821 2740 εἰς

237 2760 305 2814 τὸ
331 2760 434 2831 τῆς
459 2761 811 2827 διδασκαλίας
841 2764 1058 2835 ἀξίωμα
1079 2766 1583 2837 παραγενομένους.
1610 2768 1825 2837 ἀναιρεῖ

236 2856 271 2906 ὁ
296 2853 503 2924 Κύριος
520 2853 725 2925 ταύτην
742 2854 841 2926 τὴν
863 2855 1142 2921 ὑπόνοιαν,
1164 2858 1260 2910 καὶ
1288 2856 1389 2928 τὴν
1418 2857 1538 2911 όδδν
1564 2857 1821 2909 ἐκκόπτει

239 2945 320 3009 ὡς
356 2946 446 2997 ἐπ’
474 2945 695 3017 ὄλεθρον
728 2947 993 3015 ἄγουσαν.
1023 2948 1086 3001 Εἰ
1126 2948 1325 3013 τοίνυν,
1377 2950 1531 3018 φησὶ,
1563 2948 1721 3018 δόξης
1762 2966 1821 3002 τε

241 3038 339 3090 καὶ
364 3038 650 3108 πρωτείων
679 3039 830 3109 ἐρᾷς,
861 3038 959 3109 τὴν
995 3039 1103 3092 τῶν
1141 3039 1405 3093 διακόνιον
1448 3040 1544 3092 καὶ
1582 3038 1825 3109 ὑστέρων

241 3128 404 3194 τάξιν
435 3127 685 3199 ἐπιζήτει
715 3130 809 3183 καὶ
838 3130 1344 3202 ταπεινοφροσύνην
1363 3129 1543 3183 άσκει.

1927 1923 2101 1979 Patris
2120 1966 2135 1988 ,
2175 1935 2337 1994 atque
2368 1926 2437 1979 ita
2471 1927 2819 1982 inventurum
2848 1942 2969 1983 sese
2997 1932 3363 1993 occasionem,
3392 1943 3495 1996 qna

1925 2016 1978 2070 in
2011 2017 2307 2085 periculum
2338 2033 2459 2071 eum
2492 2020 2817 2086 adduceret,
2872 2028 3126 2087 tanquam
3180 2034 3297 2074 sese
3330 2018 3497 2072 Deum

1926 2108 2213 2163 facientem
2236 2150 2251 2173 ,
2288 2118 2380 2162 aut
2415 2109 2460 2163 si
2491 2111 2559 2163 ab
2596 2110 2696 2164 hoc
2725 2110 2955 2165 dicendo
2980 2110 3309 2174 abstineret,
3354 2109 3502 2162 inse-

1927 2207 2070 2252 reret
2110 2216 2123 2251 :
2164 2198 2329 2267 Igitur
2376 2212 2483 2251 non
2544 2199 2870 2269 suscipimus
2926 2208 2976 2253 te
3022 2209 3272 2267 tanquam
3305 2196 3496 2251 Deum.

1926 2288 2182 2343 Dominus
2232 2302 2360 2342 vero
2405 2288 2479 2341 nil
2524 2289 2645 2343 novi
2678 2289 2941 2353 dicendo,
3004 2289 3096 2341 sed
3130 2302 3191 2340 ea
3216 2302 3335 2355 qua:
3367 2286 3500 2357 legis

1924 2379 2031 2449 77
2071 2388 2226 2444 sunt,
2260 2379 2424 2432 etiam
2455 2380 2556 2434 hac
2589 2379 2801 2433 ratione
2826 2393 2887 2432 os
2917 2378 3150 2433 obstruit
3184 2377 3519 2433 Plurimis-

1996 2469 2184 2535 XXIII,
2227 2470 2309 2524 10.
2358 2468 2469 2525 Nec
2502 2472 2750 2525 voremini
2776 2471 3036 2541 magistri.
3438 2477 3444 2483 ’

1994 2583 2257 2651 Quoniam
2286 2587 2376 2653 qut
2400 2598 2535 2638 nova
2553 2587 2803 2654 dogmata
2824 2582 3187 2653 promulgant,
3210 2597 3303 2637 eos
3333 2584 3521 2636 Ibrme

1922 2674 2104 2729 videre
2147 2686 2231 2729 est
2270 2676 2451 2729 studio
2492 2675 2665 2729 inanis
2701 2674 2884 2742 gloria:
2924 2686 2978 2728 et
3021 2674 3329 2743 arrogantia
3383 2688 3504 2726 sese

1924 2766 2065 2820 ultro
2114 2767 2415 2835 provehere
2460 2766 2515 2820 in
2564 2767 2941 2833 magistrorum
3004 2768 3336 2836 dignitatem,
3383 2781 3501 2817 eam

1922 2857 2306 2926 suSpicionem,
2360 2871 2428 2911 ne
2475 2858 2540 2911 ad
2582 2870 2638 2911 se
2686 2870 2900 2926 quoque
2946 2858 3274 2925 perveniret,
3322 2867 3504 2924 utpote

1926 2950 2333 3017 praedicatorem
2392 2963 2544 3003 nova:
2597 2949 2874 3013 doctrinae,
2902 2949 3053 3002 elidit
3100 2949 3504 3015 exstinguitque

1926 3040 2204 3094 Dominus.
2233 3040 2402 3094 Simul
2432 3039 2737 3095 auditorum
2771 3056 2931 3096 causa
2970 3042 3216 3094 humanae
3274 3040 3503 3092 infirmi-

1927 3131 2021 3185 tati
2056 3146 2277 3202 pronam
2310 3133 2450 3185 viam
2483 3134 2547 3186 ad
2586 3133 2817 3187 honores
2852 3147 2948 3203 per
2972 3133 3317 3186 ambitionem
3354 3132 3500 3200 aspi-

241 3222 399 3277 randi
459 3222 730 3293 abrumpit
778 3222 1187 3293 exscinditque,
1227 3223 1425 3291 quippe
1456 3221 1523 3275 ad
1584 3220 1859 3275 interitum
1902 3220 2204 3290 ferentem;
2250 3224 2330 3279 sic
2377 3223 2695 3293 praecipiens
2734 3242 2747 3279 :
2787 3224 2843 3278 Si
2879 3224 3001 3293 quis
3059 3222 3237 3293 gloria:
3296 3223 3501 3294 primav

242 3322 401 3369 tusve
437 3312 732 3384 cupiditate
764 3322 1034 3382 teneatur,
1072 3314 1117 3369 is
1156 3314 1211 3369 in
1258 3312 1683 3369 ministrantium
1722 3320 1775 3369 et
1818 3322 2213 3383 postremorum
2266 3316 2406 3371 ultro
2448 3316 2693 3372 ordinem
2745 3317 3057 3385 descendat,
3105 3314 3503 3386 humilitatique

242 3407 515 3476 imprimis
543 3409 777 3465 studeat.

318 3500 468 3553 Οὐαὶ
504 3500 573 3554 δὲ
596 3500 760 3571 ὑμῖν.

2000 3507 2203 3577 XXIII,
2234 3509 2318 3565 I5.
2348 3510 2432 3565 Va:
2458 3520 2631 3563 autem
2660 3509 2824 3565 vobis.

317 3593 459 3647 Οὐαὶ
490 3593 671 3647 τοίνυν
698 3595 848 3665 ὑμῖν,
882 3613 929 3650 ω
955 3594 1192 3667 νομικοὶ,
1227 3592 1309 3653 ὅτι
1348 3595 1604 3668 φορτικὸν
1630 3597 1824 3667 ὁμολο-

1997 3601 2091 3658 Vae
2124 3602 2287 3674 igitur
2310 3604 2461 3658 vobis
2485 3601 2796 3673 Iegisperiti,
2826 3616 2890 3657 eo
2924 3601 3084 3671 quod,
3124 3614 3245 3657 cum
3282 3616 3501 3671 gravem

242 3703 347 3755 γου
356 3685 534 3755 μένως
552 3685 684 3741 ὄντα
712 3686 804 3741 τὸν
824 3687 1010 3759 νόμον,
1026 3690 1142 3753 τοῖς
1173 3689 1273 3759 μὲν
1300 3678 1481 3752 ἄλλοις
1502 3686 1825 3743 ἀπαιτοῦσιν

1929 3711 2054 3753 esse
2104 3695 2379 3751 fateamini
2416 3695 2609 3766 legem,
2656 3695 2776 3750 aliis
2814 3694 3033 3764 quidem
3063 3710 3183 3749 eam
3231 3693 3507 3764 postulan-

243 3776 435 3841 αὐτὸν,
475 3776 711 3832 θανάτου
744 3778 901 3851 δίκην
956 3780 1213 3850 ἐπάγετε,
1252 3780 1406 3833 αὐτοὶ
1448 3778 1504 3833 δὲ
1535 3778 1629 3833 τοῦ
1659 3780 1825 3850 νόμου

1929 3788 2074 3842 tibus
2114 3788 2307 3844 mortis
2334 3788 2656 3857 supplicium
2686 3786 2977 3842 inducitis:
3012 3786 3112 3856 ipsi
3152 3800 3278 3840 vero
3313 3800 3380 3840 ne
3424 3784 3505 3841 le—

242 3868 373 3923 οὐδὲ
403 3869 775 3940 προσψαύετε.

326 3961 435 4015 Καὶ
461 3962 692 4031 ὀμόσας
710 3963 781 4017 ἐν
806 3961 886 4029 τῷ
910 3961 1161 4033 οὐρανῷ,
1192 3962 1398 4032 ὀμνύει
1426 3962 1495 4014 ἐν
1527 3960 1606 4026 τῷ
1640 3962 1829 4029 θρόνῳ

243 4055 359 4110 τοῦ
381 4056 552 4121 Θεοῦ,
580 4057 681 4111 καὶ
706 4056 872 4122 ἐντῷ
898 4056 1215 4127 καθημένῳ
1240 4056 1443 4110 ἐπάνω
1472 4054 1684 4110 αὐτοῦ.

319 4147 422 4201 Διά
452 4148 613 4203 τοῦτο
633 4148 691 4202 δὲ
718 4137 1077 4220 θρόνονΘεοῦ
1098 4149 1191 4202 τὸν
1213 4147 1441 4218 οὐρανὸν
1469 4146 1827 4217 ὀνομάζουσιν

244 4239 306 4292 αῖ
327 4238 568 4310 Γραφαὶ,
591 4239 673 4292 ὅτι
717 4241 835 4302 ταῖς
870 4238 984 4292 ἀνω
1025 4238 1290 4309 δυνάμεσι
1319 4238 1451 4300 Θεὸς
1486 4235 1828 4290 ἐναναπαύε-

244 4348 365 4385 ται.
409 4331 498 4383 Ἐν
537 4328 755 4401 οὐρανῷ
787 4331 896 4399 γάρ
938 4331 1076 4382 εἰσιν
1114 4330 1164 4382 οἱ
1208 4329 1486 4391 ποιοῦντες
1521 4328 1579 4380 τὸ
1616 4326 1829 4397 θέλημα

241 4420 418 4474 αὐτοῦ
443 4420 687 4488 ἀγγελοι,
716 4421 812 4474 καὶ
851 4421 939 4473 ἀεὶ
964 4418 1280 4483 δοξάζοντες
1312 4419 1476 4471 αὐτόν
1498 4434 1512 4448 ·
1545 4417 1684 4487 αὕτη
1718 4416 1828 4486 γάρ

245 4512 405 4583 αὐτῷ
437 4512 763 4575 ἀνάπαυσις.
802 4511 869 4563 Ἠ
913 4510 971 4563 δὲ
1021 4510 1097 4579 γῆ
1152 4509 1445 4563 ὑποπόδιον
1496 4507 1604 4560 τῶν
1654 4506 1830 4559 ποδῶν

247 4604 424 4660 αὑτοῦ
446 4619 461 4633 ⁶
496 4606 555 4657 ἐν
581 4605 719 4674 αὐτῇ
747 4603 856 4673 γὰρ
882 4602 971 4655 διά
1000 4601 1203 4673 σαρκὸς
1227 4603 1338 4664 τοῖς
1362 4598 1670 4669 ἀνθρώποις
1709 4614 1831 4650 συν-

247 4696 591 4766 ανεστράφη.
626 4693 766 4757 Ποῦς
808 4693 864 4747 δὲ
897 4693 1033 4746 Θεοῦ
1093 4694 1125 4764 ή
1168 4692 1298 4761 άγία
1351 4690 1515 4745 αὐτοῦ
1557 4688 1696 4760 σὰρξ
1735 4690 1830 4743 καὶ

248 4785 527 4856 διαφόρως
550 4781 897 4853 ὀνομάζεται.
1073 4771 1076 4775 ’

1932 3894 2050 3950 gem
2082 3882 2295 3947 quidem
2331 3879 2624 3951 attingitis.

2002 3970 2194 4034 XXIII,
2226 3971 2316 4026 22.
2363 3970 2431 4024 Et
2473 3971 2562 4042 qui
2586 3970 2739 4040 jurat
2778 3970 2832 4023 iu
2876 3970 3028 4035 caelo,
3052 3969 3203 4039 jurat
3233 3969 3287 4021 in
3317 3969 3505 4021 throno

1932 4062 2048 4127 Dei,
2077 4072 2127 4116 et
2155 4064 2207 4115 in
2232 4079 2290 4117 ea
2317 4064 2406 4133 qui
2431 4062 2570 4116 sedet
2605 4078 2762 4125 super
2783 4078 2920 4115 eum.

2003 4155 2113 4225 78
2144 4153 2433 4222 Propterea
2478 4163 2657 4207 autem
2702 4154 2883 4207 sedem
2933 4151 3021 4205 Dei
3064 4151 3259 4205 cmlum
3309 4158 3508 4205 vocant

1932 4243 2245 4313 Scripturae,
2277 4258 2340 4299 eo
2372 4242 2517 4313 quod
2570 4243 2622 4295 in
2662 4242 2910 4311 supernis
2954 4240 3312 4311 potestatibus
3362 4238 3504 4294 Deus

1933 4337 2254 4406 requiescat.
2307 4333 2364 4389 In
2389 4334 2526 4390 caelo
2550 4334 2695 4388 enim
2721 4342 2867 4397 sunt,
2899 4332 2992 4401 qui
3021 4331 3224 4385 faciunt
3255 4330 3505 4384 volunta-

1933 4440 2038 4484 tem
2078 4429 2215 4499 ejus,
2248 4426 2445 4497 angeli,
2484 4439 2803 4494 semperque
2849 4438 2970 4477 eum
3018 4422 3338 4491 gloriﬁcant,
3394 4424 3509 4475 haec

1931 4521 2074 4573 enim
2101 4520 2149 4575 ei
2177 4518 2409 4588 requies.
2433 4515 2599 4570 Terra
2622 4526 2801 4568 autem
2824 4514 3116 4568 scabellum
3141 4514 3332 4582 pedum
3355 4512 3501 4580 ejus:

1934 4610 1986 4663 in
2022 4625 2084 4664 ea
2118 4609 2262 4664 enim
2295 4622 2418 4663 cum
2446 4608 2756 4663 hominibus
2786 4619 3034 4661 versatus
3064 4613 3167 4659 est.
3202 4604 3302 4659 Pes
3329 4616 3526 4660 autem,

1932 4701 2027 4755 Dei
2057 4712 2245 4755 sancta
2267 4700 2411 4755 illius
2447 4714 2576 4755 caro
2610 4700 2881 4769 praecipue
2918 4706 3278 4765 nuncupatur.

316 4850 468 4931 όὺαι
502 4850 658 4946 ὑμῖν-
687 4878 1060 4946 Γραμματεῖς
1090 4876 1187 4929 καὶ
1233 4874 1546 4943 Φαρισαῖοι
1585 4850 1828 4942 ὑποκρι-

2009 4860 2200 4927 XXIII,
2230 4862 2321 4918 25.
2388 4860 2479 4916 Va’
2514 4860 2677 4925 vobis,
2712 4858 2912 4913 Scriba:
2950 4866 3001 4914 et
3052 4856 3311 4911 Phariswi
3344 4858 3509 4927 hypo-

248 4972 375 5037 tal,
409 4970 500 5023 ὅτι
527 4969 969 5024 ἀποδεκατοῦτε
1000 4968 1067 5021 τὸ
1093 4967 1405 5037 ἡδύοσμον
1432 4966 1531 5019 καὶ
1573 4965 1638 5019 τὸ
1680 4963 1830 5032 ἄνη-

250 5066 389 5126 θον,
420 5059 519 5114 καὶ
548 5060 818 5129 ἀφήκατε
857 5059 926 5113 τὰ
955 5059 1149 5126 ,βαρέα
1184 5059 1290 5114 τοῦ
1320 5058 1530 5128 νόμου,
1554 5056 1669 5124 τὴν
1706 5056 1830 5123 κρί-

246 5168 384 5214 σιν,
404 5151 502 5205 καὶ
527 5153 635 5203 τὸν
665 5150 862 5213 ἔλεον,
905 5150 1004 5203 καὶ
1042 5150 1149 5216 τὴν
1201 5149 1441 5202 πίστιν·
1476 5146 1663 5200 ταῦτα
1708 5145 1829 5199 ἔδει

248 5239 534 5309 ποιῆσαι,
567 5236 818 5296 κάκεῖνα
838 5239 924 5311 μὴ
954 5240 1213 5310 ἀφιέναι.

330 5337 479 5404 Ὅρα
510 5334 611 5408 τὴν
650 5333 979 5405 ἐπίπληξινο
1014 5352 1033 5386 ι
1068 5335 1382 5387 ’Λπαιτεῖτε
1418 5331 1614 5402 φησιν,
1643 5322 1688 5384 ὦ
1725 5330 1824 5383 Φα-

252 5430 487 5501 ρισαῖοι,
514 5427 614 5491 τὰς
643 5426 877 5488 δεκάτας
908 5425 1045 5495 τάχα
1070 5441 1172 5492 που
1203 5424 1296 5477 καὶ
1318 5424 1566 5495 λαχάνων
1597 5420 1833 5488 λεπτῶν,

250 5521 530 5593 παρέντες
555 5519 655 5584 τὰς
701 5518 940 5582 ἐντολάς,
965 5517 1047 5587 ἐφ’
1088 5508 1175 5580 αἷς
1214 5519 1329 5571 ἐστι
1362 5516 1563 5587 μείζων
1594 5516 1627 5586 ὴ
1657 5514 1834 5585 παρά-

253 5616 441 5676 ϐασις.
477 5614 635 5667 Ποῖαι
660 5606 820 5666 αὗται
852 5613 907 5665 αἱ
957 5609 1199 5675 ἐντολαὶ;
1243 5609 1307 5662 'II
1353 5608 1554 5679 κρίσις,
1591 5606 1833 5659 τουτέστι

1936 4957 2083 5010 ενὶιιε
2116 4956 2206 5026 qui
2233 4954 2505 5009 decimatis
2534 4954 2799 5006 mentitam
2838 4960 2883 5004 et
2920 4952 3187 5013 anethum,
3222 4959 3272 5002 et
3298 4949 3510 5017 reliqui-

1936 5047 2031 5100 stis
2078 5061 2195 5116 quae
2242 5046 2483 5115 graviora
2531 5052 2651 5097 sunt
2700 5041 2867 5112 legis,
2904 5040 3168 5108 judicium
3206 5048 3254 5092 et
3302 5039 3509 5092 miseri-

1936 5136 2169 5191 cordiam
2198 5144 2247 5190 et
2287 5134 2479 5203 ﬁdem;
2510 5134 2621 5188 hare
2650 5131 2918 5201 oportebat
2968 5130 3159 5197 facere,
3190 5138 3236 5182 et
3272 5127 3364 5180 illa
3409 5142 3513 5180 nou

1936 5232 2194 5284 omittere.

2007 5321 2144 5377 Vide
2171 5322 2443 5393 quomodo
2476 5334 2571 5373 eos
2602 5316 2915 5388 percellatu
2951 5313 3199 5385 Exigitis,
3243 5311 3448 5381 inquit,
3478 5326 3513 5364 ο

1939 5415 2220 5479 Pharisaei,
2247 5412 2486 5468 decimas
2521 5408 2918 5480 quodammodo
2949 5407 3112 5461 etiam
3153 5404 3357 5458 olerum
3408 5403 3514 5455 mi-

1941 5508 2242 5572 nimorum,
2276 5511 2663 5574 praetereuntes
2707 5508 2973 5571 praecepta
3015 5498 3065 5551 in
3098 5495 3314 5566 quibus.
3340 5492 3513 5562 major

1942 5598 2097 5668 enipa
2125 5606 2224 5653 est.
2259 5596 2445 5664 Qualia
2490 5604 2664 5651 autem
2696 5593 2807 5647 haec
2850 5599 2975 5647 sunt
3021 5583 3331 5659 praecepta?
3364 5581 3514 5641 ludi-

334 5765 547 5838 (I)Iluc
605 5782 771 5838 usque
827 5767 1189 5837 Iragtncntum
1246 5778 1330 5833 ap.
1358 5762 1672 5817 Cramerqu
1738 5776 1783 5829 ιι.
1857 5756 1969 5811 [85.
