4094 6490
737 331 845 388 439
1728 332 1787 389 S.
1827 334 2104 393 CYRILLI
2139 336 2613 395 ALEXANDRINI
2649 339 2971 397 ARCHIEP.
3810 357 3883 414 illi

739 449 905 512 cium,
942 447 997 502 id
1026 456 1113 504 est
1135 447 1380 518 judicare
1408 462 1529 520 quae
1557 459 1702 509 recta
1732 466 1880 524 sunt,
1918 468 1974 515 et
2004 459 2315 517 misericor-
2341 476 2356 517 Α

2263 476 2315 515 ι·-
2341 461 2385 517 Α
2408 453 2467 506 τὸ
2503 455 2709 524 κρίνειν
2730 456 2888 527 ὀρθὰ,
2911 458 3008 512 καὶ
3036 458 3065 511 ὁ
3102 456 3273 523 ἔλεος,
3303 457 3398 513 καὶ
3425 459 3459 529 ἡ
3494 461 3663 528 πίστις
3687 464 3754 528 είς
3774 468 3880 527 Silv.

742 542 851 608 diu,
881 550 935 596 et
965 541 1099 598 fides
1125 542 1177 596 in
1210 541 1399 600 Deum.
1452 544 1579 602 Haec
1608 546 1752 602 enim
1785 548 2010 605 decimis
2042 565 2106 606 ac
2126 550 2313 620 primi-

2271 551 2313 606 i-
2409 545 2594 599 Ταῦτα
2620 547 2729 619 γὰρ
2771 548 2982 619 ἀμείνω
3012 549 3246 621 δεκάτης
3286 550 3378 604 καὶ
3419 552 3685 625 ἀπαρχῶν.
3724 558 3797 611 Arb
3819 563 3882 615 ui

746 631 833 685 tiis
864 629 1088 687 meliora
1131 641 1280 687 sunt.
1324 631 1559 704 Indeque
1590 650 1687 702 per
1719 638 2030 707 prophetam
2077 640 2153 693 ait
2193 640 2312 695 uni-

2270 640 2312 695 i.
2372 649 2387 657 "
2406 636 2496 689 διὰ
2523 637 2619 690 τοῦ
2639 642 2921 712 προφήτου
2952 642 3119 712 φησιν
3146 642 3175 693 ὁ
3196 641 3305 695 τῶν
3327 641 3465 696 ὅλων
3484 643 3631 707 Θεός·
3664 663 3681 696 ι
3699 646 3786 700 Καὶ
3803 650 3881 717 νῦν,

743 735 1022 777 versorum
1044 718 1333 777 Dominus:
1363 723 1458 779 cEt
1481 740 1645 789 nunc,
1672 725 1857 795 Israel,
1891 728 2020 798 quid
2054 729 2314 787 Dominus

2264 745 2314 787 is
2420 726 2654 800 Ἰσραὴλ,
2693 730 2748 781 τί
2778 731 2981 803 Κύριος
3009 732 3038 783 ὁ
3087 731 3218 796 Θεὸς
3246 731 3401 803 ζητεῖ
3440 733 3587 804 παρὰ
3616 734 3719 799 σοῦ,
3758 738 3881 815 ἀλλ’ἢ

742 810 887 867 Deus
922 812 1152 882 requirit
1177 828 1208 867 a
1236 821 1311 878 te,
1342 814 1444 870 nisi
1487 815 1664 871 facere
1690 817 1975 887 judicium,
2010 828 2065 875 et
2092 820 2315 891 diligere

2266 837 2315 878 re
2407 816 2501 870 τοῦ
2537 822 2710 872 ποιεῖν
2739 824 2937 892 κρῖμα,
2970 823 3066 876 καὶ
3092 823 3314 893 ἀγαπᾷν
3345 822 3441 877 καὶ
3468 822 3642 894 ζητεῖν
3660 826 3799 898 ἔλεον,
3818 810 3883 886 καί

744 916 807 956 ac
864 916 1106 970 quaerere
1158 904 1620 973 misericordiam,
1670 898 2025 980 paratumque
2071 924 2195 968 esse
2251 919 2315 967 ut

2263 919 2315 967 ut
2405 907 2624 981 ῑτοιμον
2655 908 2794 967 εἶναι
2826 912 2922 967 τοῦ
2953 913 3282 986 πορεύεσθαι
3314 912 3452 984 μετὰ
3477 914 3568 968 τοῦ
3598 916 3718 971 Θεοῦ
3741 937 3837 983 acu;
3869 944 3880 975 ι

743 990 986 1046 ambules
1013 1006 1134 1046 cum
1172 993 1280 1048 Deo
1311 1001 1403 1051 tuo
1430 994 1519 1049 "7
1552 1013 1574 1049 ι

816 1080 1003 1145 XXIII,
1040 1080 1132 1136 ‘26.
1165 1081 1435 1138 Phariswe
1462 1100 1617 1151 carcc,
1648 1088 1844 1141 munda
1874 1089 2022 1155 prius
2061 1091 2201 1161 quod
2228 1091 2316 1145 in-

2271 1108 2316 1145 ι-
2487 1086 2770 1155 Φαρισαῖε
2802 1086 3014 1155 τυφλέ,
3054 1086 3381 1155 καθάρισον
3428 1084 3648 1154 πρῶτον
3673 1089 3730 1142 τὸ
3773 1091 3888 1158 ἐντὸς

742 1184 827 1227 tas
864 1186 941 1229 est
975 1175 1155 1229 calicis
1187 1185 1235 1229 et
1272 1176 1585 1245 paropsidis,
1622 1187 1677 1231 ut
1718 1178 1812 1247 ﬁat
1856 1179 1912 1232 id
1944 1182 2081 1251 quod
2118 1182 2314 1252 deforis

2270 1186 2314 1243 ί.
2412 1176 2523 1229 ¹ιόῦ
2569 1175 2880 1244 ποτηρίου,
2927 1176 3025 1229 καὶ
3054 1174 3165 1243 τῆς
3201 1174 3554 1244 παροψίδος,
3584 1177 3676 1231 ἵνα
3716 1179 3887 1248 γένηται

740 1273 813 1316 est
839 1265 1113 1318 mundum.

2414 1267 2515 1320 καὶ
2546 1267 2611 1320 τὸ
2633 1266 2807 1333 ἐκτὸς
2833 1265 3031 1320 αὐτῶν
3056 1269 3337 1334 καθαρόν.

815 1355 924 1425 79
951 1354 1065 1409 Non
1109 1356 1175 1411 de
1206 1355 1371 1411 calice
1407 1370 1472 1411 ac
1507 1359 1795 1428 paropside
1826 1360 1979 1429 dicit,
2013 1379 2106 1420 seu
2136 1364 2312 1433 lance,

2270 1381 2312 1433 ε,
2485 1360 2561 1412 Οὐ
2594 1361 2723 1431 περὶ
2772 1359 3036 1428 ποτηρίου
3079 1357 3174 1412 καὶ
3212 1356 3506 1428 παροψίδος
3539 1355 3692 1424 λέγει,
3720 1360 3887 1430 {pomi

743 1451 837 1507 scd
867 1452 934 1506 de
980 1451 1162 1506 anima
1196 1468 1260 1506 ac
1289 1467 1517 1523 corpore
1556 1454 1796 1523 disserit,
1857 1472 2054 1528 corpus
2096 1461 2313 1531 quidem

2270 1476 2313 1516 ιη
2414 1468 2599 1514 νακος,
2638 1450 2775 1506 ἀλλὰ
2814 1451 2945 1523 περὶ
2985 1450 3162 1520 ψυχῆς
3208 1450 3304 1504 καὶ
3353 1446 3599 1519 σώματος
3624 1449 3887 1519 διαλέγεται·

743 1556 943 1598 vocans
980 1543 1122 1610 quod
1152 1540 1350 1600 deforis
1382 1552 1487 1611 est,
1515 1548 1657 1616 quod
1698 1563 1830 1604 vero
1862 1550 2029 1616 intus,
2052 1553 2310 1607 animam.

2272 1568 2310 1607 ι,
2412 1544 2474 1596 τὸ
2503 1544 2600 1613 μὲν
2625 1542 2729 1609 ἔξω
2763 1542 2945 1595 καλῶν
2976 1542 3038 1595 τὸ
3072 1541 3252 1611 σῶμα,
3279 1540 3350 1611 ,τὸ
3388 1539 3447 1593 δὲ
3491 1539 3630 1594 ἔνδον
3647 1540 3732 1611 τὴν
3753 1542 3889 1616 dum.

740 1634 797 1687 Si
817 1649 943 1689 vero
969 1634 1095 1690 illud
1119 1636 1263 1704 quod
1288 1636 1338 1689 in
1367 1638 1812 1707 paropsideintus
1839 1650 1944 1707 est,
1967 1644 2315 1701 mundatione

2273 1661 2315 1701 ie
2414 1637 2477 1689 Εί
2522 1634 2579 1688 δὲ
2626 1634 2719 1687 ἐπὶ
2768 1634 2868 1704 τῆς
2901 1632 3200 1704 παροψίδος
3240 1631 3336 1684 τοῦ
3374 1630 3522 1684 ἔνδον
3571 1630 3729 1701 χρεία,
3770 1634 3890 1705 πολλῷ

736 1738 871 1789 opus
904 1721 1084 1788 habet,
1120 1722 1287 1778 multo
1316 1725 1483 1795 magis
1509 1727 1651 1796 quod
1673 1728 1726 1782 in
1760 1738 1812 1784 te
1831 1739 1914 1785 est
1944 1748 1960 1787 :
2000 1746 2096 1789 vos
2124 1742 2302 1789 autem
2334 1791 2353 1798 _

2272 1750 2302 1789 η
2334 1791 2371 1798 _
2416 1725 2617 1796 μᾶλλον
2643 1724 2736 1777 ἐπὶ
2760 1724 2876 1779 σοῦ.
2917 1725 3106 1794 Ὑμεῖς
3129 1723 3187 1777 δὲ
3213 1723 3525 1778 τούναντίον
3570 1725 3762 1789 ποιεῖτε,
3786 1728 3889 1798 φησί,

737 1812 1104 1877 contrarium,
1168 1811 1375 1881 inquit,
1409 1791 1616 1871 'facitis
1681 1817 1874 1886 exigua
1929 1827 1986 1874 et
2033 1791 2354 1877 exterioral

2273 1837 2302 1877 a
2333 1791 2378 1849 Β
2415 1791 2483 1870 τὰ
2514 1817 2689 1887 μικρὰ
2731 1815 2827 1870 καὶ
2858 1815 2963 1882 ἔξω
2987 1791 3391 1884 φυλάττοντες,
3435 1813 3543 1868 τῶν
3588 1791 3803 1885 μεγάλων
3830 1791 3890 1869 καί

736 1903 1126 1968 observantes;
1159 1902 1362 1972 majora
1413 1913 1469 1960 et
1511 1904 1767 1961 interiora
1826 1908 2115 1980 negligitis,
2165 1912 2309 1969 unde

2271 1915 2309 1969 Le
2414 1906 2565 1961 ἔνδον
2612 1906 2899 1978 ὰμελεῖτε·
2946 1906 3070 1961 ὅθεν
3124 1905 3358 1977 μεγίστη
3425 1903 3627 1973 γίνεται
3665 1904 3888 1978 βλάδη(¹)ι

738 1992 1033 2069 maximum
1060 1994 1236 2050 oritur
1260 1996 1663 2052 detrimentum.
1716 1997 1878 2053 Hisce
1909 1998 2305 2057 Pharisaeorum

2273 2018 2305 2056 η
2413 1997 2514 2053 Διὰ
2534 1996 2739 2051 τούτων
2768 1996 2862 2050 τὸν
2886 1996 2997 2051 τῶν
3027 1995 3342 2069 Φαρισαίων
3372 1994 3655 2065 διαγράφει
3671 1994 3780 2064 βίον,
3797 2012 3890 2066 περ·

738 2082 904 2140 vitam
933 2059 1192 2157 depingit,
1224 2088 1517 2146 exhortans
1538 2102 1655 2156 eos,
1687 2097 1745 2144 ut
1771 2105 1878 2145 non
1906 2092 2161 2148 exteriori
2183 2108 2309 2164 spe.-

2271 2110 2309 2149 ι-
2413 2088 2579 2143 αινῶν
2606 2086 2680 2157 μὴ
2709 2088 2821 2150 τοῖς
2853 2085 3053 2151 ἔξωθεν
3086 2059 3805 2157 σάηματισμοῖςνπλήάττεσθαι

737 2172 822 2228 cie
862 2182 1066 2230 tantum
1096 2176 1206 2232 ficti
1249 2177 1380 2246 sint,
1405 2178 1501 2233 sed
1530 2177 1789 2234 interiora
1816 2181 2016 2237 munda
2044 2182 2303 2251 habeant,

2274 2192 2303 2251 ι,
2411 2196 2524 2243 νον,
2549 2177 2688 2232 ἀλλὰ
2717 2177 2861 2248 ἔχειν
2896 2177 2991 2231 καὶ
3022 2177 3089 2231 τὰ
3120 2175 3326 2230 ἔσωθεν
3365 2173 3602 2245 καθαρὰ,
3628 2173 3692 2227 τὰ
3726 2174 3792 2237 είς
3809 2172 3891 2229 νοῦν

736 2276 970 2322 mentem
1000 2268 1362 2338 animumque.

1168 2283 1362 2338 Imque.
2412 2270 2507 2324 καὶ
2539 2269 2785 2340 καρδίαν.

808 2357 997 2424 XXIII,
1026 2358 1115 2415 32.
1154 2358 1228 2414 Et
1257 2377 1345 2416 vos
1375 2361 1580 2431 implete
1620 2378 1926 2419 mensuram
1958 2372 2175 2435 patrum
2213 2383 2302 2426 ac-

2277 2396 2302 2408 -
2481 2359 2593 2412 Kal
2620 2359 2791 2429 ὑμεῖς
2820 2357 3181 2427 πληρώσατε
3210 2357 3277 2411 τὸ
3309 2356 3534 2427 μέτρον
3559 2353 3669 2409 τῶν
3695 2354 3890 2424 πατέρων

734 2460 983 2503 εινοῑιιηι.

977 2490 983 2503 .
2408 2447 2594 2518 ὑμῶν.

806 2541 1071 2608 Quidnam
1103 2557 1234 2611 ergo
1275 2542 1417 2598 dicat
1464 2544 1732 2611 Salvator,
1762 2545 2048 2617 diligenter
2078 2548 2304 2622 indage-

2274 2578 2304 2592 -
2480 2538 2545 2590 Τί
2570 2538 2636 2608 δὴ
2665 2538 2774 2606 ἄρα
2797 2535 2963 2607 φησιν
2991 2536 3021 2588 ὁ
3060 2538 3274 2609 Σωτὴρ,
3306 2534 3553 2608 ἀκριϐῶς
3576 2535 3888 2607 ἐρευνήσωμιν.

737 2647 877 2687 mus.
915 2630 1103 2687 Patres
1128 2632 1342 2703 quidem
1370 2632 1685 2690 'Judaeorum
1717 2635 1945 2692 diversis
1975 2641 2304 2708 temporibus

2270 2654 2304 2695 [ε
2408 2627 2473 2681 Οἱ
2512 2628 2609 2697 μὲν
2630 2626 2741 2680 τῶν
2770 2626 3037 2681 Ἰουδαίων
3065 2626 3306 2699 πατέρες
3331 2626 3653 2681 ἀπέκτειναν
3685 2625 3797 2681 κατὰ
3811 2642 3887 2678 και-

735 2729 952 2775 sanctos
982 2723 1269 2791 prophetas
1290 2722 1524 2778 divinam
1557 2724 1728 2797 legem
1753 2727 2130 2783 annuntiantes
2153 2729 2301 2784 occi-

2274 2758 2301 2770 -
2412 2719 2537 2789 pob;
2564 2717 2693 2781 τοὺς
2724 2716 2913 2785 ἁγίους
2964 2717 3284 2787 προφήτας,
3318 2716 3411 2771 τὸν
3446 2716 3585 2770 θεῖον
3624 2716 3777 2777 αὐτοῖς
3815 2714 3889 2768 δια-

733 2810 964 2876 derunt;
1001 2811 1091 2880 qui
1117 2819 1295 2868 tamen
1321 2828 1385 2868 ex
1415 2814 1483 2868 iis
1509 2818 1620 2869 nati
1648 2826 1793 2882 sunt,
1820 2817 2139 2875 confitentes
2178 2834 2303 2888 pro-

2269 2840 2303 2870 ,..
2407 2807 2822 2879 πορθμεύοντας
2853 2807 3011 2877 λόγον
3037 2824 3051 2839 ο
3091 2808 3208 2875 οἵγε
3240 2806 3348 2877 μὴν
3387 2806 3448 2873 ἐξ
3475 2806 3645 2860 αὐτῶν
3665 2803 3886 2874 γεγονότες,

732 2901 925 2969 phetas
953 2902 1288 2958 venerandos
1318 2903 1482 2960 fuisse
1508 2919 1571 2960 ac
1596 2906 1962 2975 honorandos,
1986 2923 2217 2965 coronas
2238 2911 2302 2965 iis

2275 2925 2302 2965 ε
2406 2899 2797 2969 ὁμολογοῦντες
2836 2900 2918 2953 ὅτι
2946 2900 2997 2952 oi
3048 2898 3329 2970 προφῆται
3378 2899 3629 2967 γεγόνασι
3661 2896 3889 2952 «malui

735 2993 1093 3060 adaptarunt,
1161 3008 1257 3049 seu
1332 3005 1710 3063 monumenta,
1771 2999 2029 3054 honorem
2093 3001 2299 3057 sanctis

2272 3016 2299 3056 ε
2406 2990 2598 3061 τίμιοι,
2626 2990 3009 3061 περιήρμοσαν
3038 2991 3225 3055 αὐτοῖς
3252 2990 3381 3055 τοὺς
3415 2988 3716 3057 στεφάνους,
3739 2988 3829 3057 ἢτοι
3846 2985 3888 3037 τὰ

735 3084 970 3139 maxime
1020 3085 1549 3144 convenientem'eis
1601 3089 1918 3156 tribuentes,
1970 3089 2070 3159 ipsi
2119 3100 2297 3146 autem
2335 3143 2352 3159 ,

2271 3106 2297 3144 η
2335 3142 2377 3159 _
2411 3081 2672 3148 μνημεῖα,
2701 3078 2868 3149 τιμὴν
2909 3079 3309 3150 ἁπονείμαντες
3354 3078 3457 3150 τὴν
3490 3080 3596 3142 τοῖς
3620 3077 3770 3146 ἁγίοις
3800 3091 3888 3146 aps-

734 3172 1026 3241 prophetas
1060 3188 1181 3229 esse
1212 3175 1496 3233 credentes
1536 3193 1599 3233 ac
1630 3179 1777 3235 viros
1807 3189 2047 3246 sanctos,
2092 3179 2302 3250 judiccs
2331 3143 2351 3204 ί

2331 3142 2378 3205 c
2409 3142 2781 3239 πωδεστάτην,
2803 3142 2959 3222 αὐτοὶ
2989 3168 3046 3221 δὲ
3085 3142 3373 3240 προφήτας
3413 3142 3558 3222 ἐἶναι
3589 3142 3887 3227 πιστεύσαντες

734 3263 858 3320 facti
885 3274 1010 3321 sunt
1041 3280 1224 3322 eorum
1251 3268 1342 3337 qui
1370 3284 1464 3325 eos
1492 3270 1808 3326 occiderunt
1841 3287 1855 3324 :
1884 3286 1981 3343 per
2009 3287 2129 3337 qua:
2150 3273 2295 3327 enim

2270 3289 2295 3327 η
2406 3260 2501 3313 καὶ
2524 3258 2727 3329 ἄνδρας
2762 3259 2975 3329 ἁγίους,
3008 3260 3194 3331 κριταὶ
3210 3260 3472 3329 γεγόνασι
3493 3258 3598 3312 τῶν
3621 3258 3887 3311 ἀποκτεινάν-

732 3353 998 3411 honorare
1020 3356 1401 3412 existimarunt
1420 3373 1536 3423 eos,
1583 3360 1672 3429 qui
1701 3362 1874 3415 necati
1902 3361 2136 3426 fuerant,
2156 3361 2304 3417 hisce

2269 3376 2304 3417 ,θ
2402 3369 2513 3405 των
2562 3353 2780 3417 αὐτούς.
2825 3354 2906 3407 Δι’
2941 3348 3016 3408 ὧν
3049 3353 3156 3426 γὰρ
3193 3355 3361 3424 τιμᾷν
3397 3353 3660 3422 ἐγνώκασι
3696 3351 3797 3412 τοὺς
3826 3351 3886 3402 ἀν-

730 3446 1001 3500 occisores
1020 3456 1270 3516 tanquam
1300 3448 1390 3518 qui
1416 3449 1578 3520 impie
1610 3452 1836 3520 egerint,
1867 3461 2144 3509 accusant.
2197 3454 2301 3509 Sed

2269 3455 2301 3508 d
2404 3461 2512 3517 ῃρη
2523 3444 2735 3516 μένους,
2774 3443 2863 3497 διὰ
2887 3443 3093 3497 τούτων
3122 3443 3303 3497 αὐτῶν
3331 3442 3713 3515 κατηγοροῦσιν
3733 3441 3791 3503 ὠς
3809 3441 3886 3507 ἡπι

729 3534 824 3603 qui
858 3536 972 3590 suis
993 3538 1233 3606 patribus
1264 3538 1315 3591 iu
1352 3540 1499 3595 hisce
1527 3543 1660 3595 adeo
1678 3541 1925 3598 nefandis
1941 3545 2303 3600 cmdibussuf-

2269 3545 2303 3599 Γ.
2407 3535 2677 3605 δηκότων.
2723 3535 2865 3588 Ἀλλ’
2885 3536 2933 3589 οί
2960 3535 3072 3590 τῶν
3097 3535 3244 3589 ίδίων
3271 3535 3531 3607 πατέρων
3569 3535 3653 3587 ἐπὶ
3675 3535 3774 3595 ταῖς
3794 3530 3886 3583 οὕτω

733 3623 1038 3694 fragantur,
1087 3628 1384 3696 aequalibus
1434 3629 1588 3685 malis
1637 3632 1855 3687 obnoxii
1905 3644 2060 3688 erant
2106 3634 2298 3701 futuri,

2268 3638 2298 3701 ί,
2402 3625 2602 3689 δειναῖς
2672 3625 3010 3697 μιαιφονίαις
3078 3625 3624 3696 καταψηφισάμενοι,
3667 3625 3762 3683 τοῖς
3799 3620 3885 3680 iam;

732 3720 844 3773 imo
890 3718 1003 3789 80
1048 3735 1193 3783 vero,
1224 3721 1384 3775 etiam
1430 3721 1724 3792 pejoribus.
1778 3723 2104 3781 Occiderunt
2157 3727 2299 3783 enim

2265 3742 2299 3783 η
2402 3719 2629 3790 ἔμελλον
2651 3718 2854 3773 ἁλῶναι
2888 3718 3098 3783 κακοῖς,
3136 3716 3337 3787 μᾶλλον
3368 3715 3429 3769 δὲ
3460 3718 3573 3780 τοῖς
3600 3715 3674 3769 ἔτι
3698 3712 3882 3783 χείροσιν.

730 3810 855 3863 vitae
902 3819 1209 3875 auctorem;
1238 3812 1599 3881 adjuuxerunt
1646 3826 1824 3870 autem
1871 3819 2214 3874 exsecrandis
2245 3820 2299 3874 in

2268 3836 2299 3874 η
2415 3812 2767 3868 Ἀπέκτειναν
2794 3813 2894 3884 μὲν
2928 3813 3035 3883 γὰρ
3066 3812 3158 3866 τὸν
3197 3812 3297 3883 τῆς
3339 3811 3489 3883 ζωῆς
3518 3809 3754 3883 ἀρχηγόν.
3774 3807 3885 3877 11pm-

731 3912 851 3950 eum
880 3899 1175 3954 sceleribus
1203 3901 1304 3954 alia
1340 3918 1555 3972 quoque
1592 3916 1783 3960 contra
1816 3905 2028 3963 divinos
2065 3908 2184 3979 ejus
2217 3910 2300 3965 di—

2267 3913 2300 3964 {-
2401 3903 2680 3957 τεθείκασι
2729 3903 2787 3957 δὲ
2828 3905 2945 3966 ταῖς
2979 3904 3099 3958 κατ’
3130 3900 3295 3955 αὐτοῦ
3345 3901 3695 3964 δυσσεϐείαις,
3731 3912 3884 3968 μιαιφο-

729 3988 963 4057 scipulos
995 4006 1012 4044 :
1044 3991 1308 4060 siquidem
1364 4008 1643 4064 quousque
1672 3996 1867 4067 aliquis
1912 3998 2141 4055 aliorum
2190 4002 2297 4057 ini-

2274 4032 2297 4044 -
2399 3995 2521 4059 νίας
2556 3995 2751 4066 ἑτέρας
2796 3995 2939 4049 κατὰ
2978 3994 3087 4049 τῶν
3131 3994 3439 4049 θεσπεσίων
3480 3992 3639 4049 αὐτοῦ
3668 3988 3883 4064 μαθητῶν

727 4080 961 4147 quitales
1010 4084 1239 4139 naturali
1293 4086 1504 4140 ratione
1538 4087 1811 4154 judicans,
1865 4090 2104 4159 inquirit,
2153 4091 2300 4147 videt

2267 4102 2300 4147 et
2399 4087 2506 4150 ἔως
2540 4086 2640 4157 μὲν
2670 4086 2779 4157 γάρ
2806 4104 2890 4150 τις
2926 4085 3028 4147 τὰς
3055 4084 3256 4156 ἑτέρων
3279 4084 3493 4148 ἀδικίας
3514 4083 3721 4154 ἐξετάζῃ
3737 4076 3884 4147 φυσιιιῷ

726 4173 867 4241 quod
922 4172 1118 4228 malum
1171 4185 1272 4242 est,
1310 4186 1363 4231 et
1404 4179 1613 4249 arguit;
1654 4180 1769 4248 ipse
1802 4195 1929 4235 vero
1975 4183 2043 4237 ad
2079 4184 2295 4240 eosdem

2268 4201 2295 4240 η
2399 4174 2643 4246 λογισμῷ
2672 4175 2894 4247 κρίνων.
2936 4175 3041 4245 ὁρᾷ
3070 4174 3129 4227 τὸ
3164 4173 3368 4244 φαῦλον
3397 4174 3495 4228 καὶ
3527 4170 3798 4243 μέμφεταιο
3828 4164 3885 4217 αὐ·

726 4262 985 4317 adductus
1015 4262 1256 4331 allectus,
1288 4267 1441 4335 quasi
1469 4283 1646 4323 caicus
1672 4269 1739 4324 ad
1772 4269 1873 4325 ista
1902 4271 2092 4328 fertur.

2397 4264 2489 4328 τὸς
2518 4265 2574 4317 δὲ
2607 4266 2687 4329 είς
2723 4262 2793 4317 τὰ
2826 4263 2915 4317 ίσα
2966 4263 3115 4334 πάθη
3144 4263 3544 4333 προαγόμενος,
3578 4261 3722 4314 οἱονεὶ
3747 4253 3884 4325 τυφλὸς

2399 4354 2491 4409 ἐπὶ
2514 4356 2686 4409 ταῦτα
2720 4354 2962 4425 φέρεται.
3158 4354 3161 4355 ⁷

797 4436 989 4505 XXIII,
1022 4439 1111 4493 57.
1156 4439 1608 4506 Quemadmodum
1638 4442 1839 4514 gallina
1862 4458 2138 4518 congregat
2166 4449 2289 4517 ραι·
2323 4494 2369 4550 D

2267 4480 2289 4489 -
2323 4494 2369 4550 υ
2475 4449 2578 4500 “Or
2618 4445 2846 4514 τρόπον
2881 4444 3235 4516 ἐπισυνάγει
3260 4444 3426 4515 ὄρνις
3460 4445 3531 4501 τὰ
3568 4442 3763 4498 νοσσία
3789 4439 3884 4491 ἐαυ-

726 4529 803 4583 los
830 4546 951 4584 suos
981 4530 1075 4583 sub
1100 4531 1234 4586 alas.
2323 4529 2343 4550 ¹

2323 4529 2368 4550 ⁸³
2399 4533 2509 4601 τῆς
2528 4535 2649 4588 ὑπὸ
2675 4532 2784 4596 τὰς
2811 4533 3127 4603 πτέρυγας.

798 4619 908 4676 Hoc
938 4621 1124 4676 dicens
1151 4624 1518 4680 characterem
1571 4625 1870 4682 divinitatis
1905 4626 1956 4683 in
2004 4642 2065 4683 se
2110 4638 2292 4683 osten-

2271 4658 2292 4670 -
2470 4624 2657 4679 Είπὼν
2690 4625 2768 4694 (2)
2801 4624 2960 4677 τοῦτο
2991 4624 3264 4677 δείκνυσιν
3299 4624 3494 4678 ἑαυτοῦ
3539 4625 3597 4678 τὸ
3638 4617 3881 4690 θεοπρεπὲς.

722 4714 821 4777 dit,
864 4714 1112 4782 quamvis
1152 4715 1205 4768 in
1243 4716 1417 4771 lorma
1467 4717 1704 4772 humana
1749 4719 1839 4773 sit.
1889 4719 1963 4773 De
1993 4718 2103 4774 Deo
2148 4718 2291 4773 enim

2265 4734 2291 4772 η
2403 4714 2495 4768 καὶ
2524 4716 2582 4768 ἔν
2609 4713 2920 4785 ἀνθρωπίνῃ
2956 4717 3134 4785 μορφῇ
3162 4714 3259 4770 ῶν.
3294 4715 3403 4769 Καὶ
3429 4716 3535 4787 γὰρ
3559 4714 3676 4786 περὶ
3697 4709 3774 4765 τοῦ
3792 4705 3882 4761 θεοῦ

719 4804 856 4857 dixit
875 4805 941 4837 '9‘
963 4806 1179 4876 Moyses
1226 4823 1239 4859 :
1278 4824 1296 4858 ι
1330 4805 1649 4876 Expendens
1670 4808 1784 4864 alas
1832 4824 1959 4863 suas
2002 4810 2295 4879 assumpsit

2264 4812 2295 4861 it
2393 4803 2547 4861 εἶπεν
2584 4806 2824 4877 Μωῦσῆς
2846 4821 2860 4837 ·
2891 4826 2910 4857 ι
2938 4807 3081 4870 Διε“ις
3121 4806 3221 4870 τὰς
3251 4806 3528 4879 πτέρυγας
3561 4804 3710 4859 αὐτοῦ
3729 4799 3881 4863 ἐδέξατο

720 4908 845 4960 cos;
878 4911 896 4944 ι
921 4904 974 4948 et
1000 4894 1164 4950 David
1184 4895 1307 4950 ³⁸⁵⁴ε
1341 4914 1359 4947 ι
1381 4894 1503 4952 Filii
1537 4898 1812 4953 hominum
1832 4898 1884 4952 in
1917 4898 2148 4967 tegmine
2183 4899 2293 4954 ala-

2263 4927 2293 4952 ,-
2392 4898 2589 4962 αὐτούς
2610 4915 2625 4928 ·
2658 4916 2675 4949 ι
2715 4898 2808 4950 καὶ
2839 4897 3002 4951 πάλιν
3046 4897 3210 4951 Δαὸίδ
3229 4912 3243 4927 ο
3277 4917 3295 4949 ι
3326 4899 3388 4951 Ol
3410 4898 3467 4952 δὲ
3493 4898 3596 4950 υἱοὶ
3621 4896 3716 4949 τῶν
3734 4887 3880 4960 ἀνθρώ-

720 5000 841 5039 rum
874 4994 1085 5039 tuarum
1119 4988 1431 5057 sperabunt.
1466 5008 1485 5040 ι

2393 5005 2511 5042 πων
2543 4990 2599 5041 ὲν
2625 4988 2803 5061 σκέπῃ
2832 4986 3239 5059 τῶνπτερύγων
3263 5006 3355 5042 σου
3391 4988 3674 5043 ἐλπιοῦσιν.
3718 5005 3734 5038 ι

790 5075 980 5147 XXIV,
1010 5078 1059 5132 5.
1106 5077 1262 5132 Multi
1282 5082 1418 5135 enim
1450 5082 1646 5135 venient
1672 5083 1727 5136 in
1753 5082 1958 5137 nomine
1983 5097 2094 5136 meo
2115 5082 2291 5136 dicen-

2265 5111 2291 5122 -
2464 5080 2694 5135 Πολλοὶ
2732 5082 2843 5150 γὰρ
2877 5080 3238 5135 ἐλεύσονται
3283 5080 3384 5135 ἐπι
3426 5079 3505 5146 τῷ
3535 5076 3755 5149 ὀνόματί
3780 5088 3878 5141 μου.

721 5178 816 5233 (cs,
846 5167 956 5237 Ego
982 5185 1097 5221 sum
1130 5168 1390 5237 Christus,
1417 5182 1466 5225 et
1500 5173 1689 5228 multos
1710 5173 1977 5227 seduccnt.

2398 5172 2675 5240 λέγοντες
2694 5187 2708 5203 ο
2768 5169 2908 5240 Ἐγώ
2957 5172 3075 5240 ειμι
3123 5174 3157 5226 ὀ
3208 5171 3484 5240 Χριστὸς,
3535 5169 3627 5226 καί
3676 5161 3880 5224 πολλοὺς

2396 5261 2847 5331 πλανήσουσιν.

790 5342 965 5413 Scopo
986 5344 1421 5417 interrogationis
1464 5349 1879 5418 przucedentium
1929 5349 2183 5405 Dominus
2206 5351 2289 5405 iu-

2268 5381 2289 5393 -
2469 5351 2703 5407 Ἔπεται
2731 5353 2806 5424 τῷ
2833 5351 3020 5423 σκοπῷ
3064 5352 3172 5405 τῶν
3208 5355 3583 5423 προσαγόντων
3623 5350 3709 5420 τὴν
3741 5340 3878 5399 πεῦσιν

787 5496 831 5529 ⁸⁸
874 5497 1131 5566 Μίοιι.νι,
1164 5501 1218 5558 8.
1293 5501 1355 5532 ³⁸⁸
1392 5501 1546 5557 Deut.
1582 5517 1754 5568 xxxn,
1791 5505 1875 5559 Η.
1954 5500 2042 5537 ³⁹’⁹
2078 5499 2221 5558 Psal.
2265 5517 2426 5571 xxxv,
2459 5504 2511 5560 8.

788 5650 1016 5776 (:é‘llic
1088 5654 1273 5725 incipit
1333 5658 1686 5731 fragmentum
1764 5661 1904 5729 apud
1974 5660 2283 5716 Cramerum

718 5737 754 5791 p
915 5762 930 5776 .

2116 5674 2283 5715 rerum
2464 5661 2540 5728 (‘2)
2571 5661 2770 5715 Εἰπὼν
2799 5692 2869 5702 -
2904 5660 3243 5717 ἐλπιοῦσιν.
3272 5661 3509 5717 Cramer.
3540 5673 3587 5729 p.
3631 5653 3733 5711 ιιι.
