4094 6508
222 355 325 409 Ml

1398 347 1750 404 COMMENT.
1787 349 1855 403 IN
1900 350 2259 425 MATTHA'JVU
2272 355 2340 413 Μ.

3368 362 3477 418 ΗΞ

221 472 257 522 6
288 469 514 539 Κύριος,
554 469 648 521 καὶ
683 467 811 539 περὶ
852 465 1159 528 συντελείας
1187 464 1323 528 τέως
1361 469 1495 536 φησὶ
1532 466 1624 520 τοῦ
1658 481 1800 536 παρ-

1916 469 2064 536 ῑίειίῑ,
2111 486 2177 526 ac
2216 473 2281 527 de
2314 475 2776 531 consummatione
2817 476 2989 531 adhuc
3037 474 3150 546 agit
3193 447 3474 543 praesentis

223 560 385 624 όντος
406 559 619 622 αἰῶνος.
649 560 784 630 Πρὶν
807 557 914 630 γὰρ
943 557 1039 628 τὴν
1064 555 1123 620 ἐξ
1159 557 1404 626 οὐρανῶν
1421 557 1672 626 γενέσθαι
1703 557 1798 610 αὑ-

223 651 328 703 τοῦ
373 650 618 714 κάθοδον,
653 648 956 719 πρόδρομοι
988 664 1134 710 τινες
1161 646 1585 714 ἀναφανοῦνται,
1616 647 1801 718 ψευδό-

227 757 449 810 χριστοι
505 739 599 792 καὶ
643 735 1121 808 ψευδοπροφῆται,
1178 735 1240 788 τὸ
1279 735 1444 789 αὐτοῦ
1507 737 1800 806 πρόσωπον

228 832 448 893 ἑαυτοῖς
520 829 1000 898 περιπλάττοντες.
1045 824 1208 878 Ἀλλὰ
1252 825 1328 897 μὴ
1374 826 1799 896 ἀκολουθήσητε,

228 923 422 992 φησιν,
447 921 651 984 αὐτοῖς.

305 1013 726 1081 Προσεύχεσθε
750 1011 839 1075 δὲ,
869 1009 1070 1078 ἵναμὴ
1100 1006 1342 1079 γένηται
1372 1008 1409 1076 ἠ
1445 1008 1606 1080 φυγὴ
1637 1009 1805 1080 ὑμῶν

227 1102 541 1172 χειμῶνος,
559 1102 714 1172 μηδὲ
745 1102 814 1156 ἐν
837 1100 1133 1166 Σαϐϐάτῳ.

306 1195 478 1248 Τοῦτο
507 1195 801 1248 αἰνίττεται
830 1193 857 1244 6
880 1189 1134 1260 Χριστός·
1158 1188 1414 1259 εὔχεσθαι
1439 1190 1589 1260 ἡμᾶς
1617 1190 1692 1260 μὴ
1719 1208 1803 1260 γε·

230 1284 424 1338 νέσθαι
457 1287 515 1336 ὲν
547 1283 780 1353 ἔκδημίᾳ
797 1281 889 1334 τοῦ
912 1279 1186 1349 σώματος,
1219 1280 1355 1348 μήτε
1372 1281 1428 1333 ὲν
1454 1280 1620 1350 ἀργίᾳ
1643 1280 1803 1343 ὄντας

228 1375 346 1427 τῶν
385 1375 482 1444 τῆς
527 1373 727 1443 ἀρετῆς
781 1371 990 1442 ἔργων,
1021 1369 1049 1420 ὃ
1096 1369 1460 1438 ὑποσημαίνει
1501 1370 1561 1421 τὸ
1599 1370 1804 1424 Σάὸὅα·

231 1480 330 1515 τον
351 1479 366 1491 ·
403 1464 539 1533 μήτε
580 1449 996 1530 ἐνοχλουμένους
1025 1459 1081 1509 ὲν
1110 1459 1228 1519 ταῖς
1263 1456 1543 1526 βιωτικαῖς
1575 1459 1804 1529 τύρῦαις

229 1571 297 1606 τε
333 1555 428 1606 καὶ
460 1555 759 1623 ταραχαῖς·
791 1550 926 1621 ὅπερ
951 1549 1100 1619 δηλοῖ
1132 1548 1160 1599 ὁ
1185 1546 1414 1618 χειμών.

1907 565 2108 620 smculi.
2163 565 2478 635 Priusquam
2521 569 2663 622 enim
2695 570 2988 626 descensus
3019 569 3161 624 illius
3197 568 3310 634 fiat,
3337 582 3476 636 prato

1907 669 2156 709 cursores
2209 657 2424 726 quidam
2488 659 2875 713 annuntiautur
2941 660 3356 729 pseudochristi,
3408 673 3473 712 ac

1908 747 2382 817 pseudoprOpheta:
2423 767 2436 802 :
2476 749 2618 804 illius
2665 765 2945 819 personam
2985 751 3084 807 sibi
3139 750 3474 819 alﬁngentes,

1907 841 2001 894 sed
2031 853 2096 894 ne
2117 842 2438 910 sequamini,
2478 842 2671 910 inquit,
2709 857 2825 898 eos.

1975 1016 2082 1086 81
2110 1015 2298 1084 XXIV,
2317 1017 2407 1072 20.
2434 1015 2596 1071 Orate
2625 1026 2799 1071 autem
2826 1027 2882 1071 ut
2906 1033 3008 1071 non
3039 1017 3134 1088 ﬁat
3165 1016 3290 1088 fuga
3309 1025 3476 1071 uestra

1910 1106 1964 1160 in
1999 1109 2184 1173 hieme,
2213 1109 2290 1161 vel
2313 1107 2564 1164 Sabbato.

1980 1199 2096 1253 Hoc
2121 1199 2387 1268 signiﬁcat
2421 1201 2670 1255 Christus
2697 1201 2779 1256 his
2809 1200 2988 1255 verbis
3021 1216 3036 1254 :
3070 1200 3336 1257 orandum
3373 1214 3472 1252 no-

1911 1290 1994 1343 his
2016 1305 2154 1354 esse,
2193 1305 2259 1343 ne
2287 1292 2554 1348 discessus
2586 1301 2771 1346 noster
2797 1307 2826 1346 e
2846 1306 3074 1361 corpore
3117 1293 3389 1360 contingat
3413 1304 3480 1346 eo

1912 1389 2152 1451 tempore
2178 1398 2284 1452 quo
2308 1385 2538 1438 cessatio
2577 1385 2716 1454 apud
2744 1399 2840 1438 nos
2864 1384 2967 1439 erit
2988 1398 3210 1452 operum
3241 1381 3474 1436 virtutis.

1911 1475 2062 1531 Hanc
2098 1477 2238 1529 enim
2286 1477 2638 1530 cessationem
2685 1477 2890 1532 indicat
2936 1475 3250 1530 Sabbatum.
3297 1471 3480 1541 Neque

1914 1582 2098 1619 rursus
2150 1576 2273 1620 tunc
2323 1581 2420 1620 nos
2459 1566 2725 1634 opprimat
2773 1578 2920 1619 mors
2959 1579 3082 1619 cum
3129 1562 3479 1618 secularibus

1916 1654 2086 1709 turbis
2119 1662 2173 1709 et
2211 1654 2707 1724 perturbationibus
2749 1652 3092 1723 iactabimur,
3125 1667 3260 1723 quas
3304 1650 3481 1706 hiems

1915 1746 2176 1817 designat.

314 1832 472 1892 Ἴσως
527 1827 621 1882 καὶ
669 1827 901 1896 αἴνιγμα
948 1823 1060 1894 ἔχει
1105 1825 1132 1878 6
1163 1822 1340 1891 λόγος,
1373 1822 1512 1876 ὥστε
1555 1823 1807 1894 εὔχεσθαι

1978 1839 2088 1908 82
2125 1838 2376 1892 Fortasse
2413 1838 2575 1892 etiam
2605 1838 2830 1906 aenigma
2876 1835 3036 1891 habet
3065 1834 3152 1888 hic
3193 1847 3392 1895 sermo,
3423 1839 3483 1884 ut

233 1923 386 1989 ἡμᾶς
427 1919 502 1991 μὴ
549 1917 859 1987 ἐκδημῆσαι
903 1915 1011 1970 ἀπὸ
1061 1913 1154 1967 τοῦ
1204 1912 1476 1983 σώματος,
1517 1916 1576 1967 ὲν
1639 1915 1808 1987 ἀργίᾳ

233 2013 401 2074 ὄντας
429 2010 592 2079 ἔργου
637 2007 866 2075 ἀγαθοῦ,
911 2007 938 2060 ὃ
979 2006 1340 2077 ὑποσημαίνει
1393 2007 1454 2060 τὸ
1496 2007 1802 2062 Σάϐϐατον·

237 2105 383 2173 μήτε
415 2105 474 2156 ὲν
517 2099 787 2171 ἀκαρπίᾳ,
822 2099 850 2152 ὃ
882 2100 1033 2169 δηλοῖ
1062 2098 1290 2169 χειμών.
1330 2098 1672 2169 Σημειωτέον
1701 2099 1809 2169 γὰρ

233 2199 322 2249 ὅτι
362 2195 607 2266 χειμῶνα
651 2193 836 2247 κακῶν
860 2195 888 2246 6
928 2191 1060 2255 Θεὸς
1102 2191 1202 2244 οὐκ
1241 2191 1516 2261 ἐποίησεν.
1565 2191 1652 2242 Ἕν
1701 2208 1811 2260 χει-

238 2288 384 2357 μῶνι
405 2287 461 2340 δέ
487 2289 674 2357 ὲσμεν,
707 2287 835 2338 ὅταν
864 2283 932 2338 τὰ
964 2283 1113 2355 πάθη
1142 2283 1239 2353 τῆς
1279 2282 1479 2354 σαρκὸς
1514 2282 1812 2356 δυναστεύῃ

235 2383 297 2432 ὲν
325 2379 478 2449 ἡμῖν.

311 2470 550 2537 Εὐθέως
571 2468 639 2522 δὲ
669 2468 818 2540 μετὰ
849 2467 964 2537 τὴν
997 2468 1210 2538 θλῖψιν
1242 2470 1360 2524 τῶν
1395 2468 1631 2540 ἡμερῶν
1659 2469 1812 2524 ἐκεί-

233 2577 362 2614 νων
409 2563 441 2614 ὀ
481 2559 652 2628 ἣλιος
687 2559 1173 2627 σκοτισθήσεται,
1231 2561 1329 2615 καί
1381 2561 1419 2628 ὴ
1460 2561 1692 2628 σελήνη
1741 2561 1811 2615 οὐ

233 2652 421 2706 δώσει
450 2651 514 2704 τὸ
545 2649 762 2720 φέγγος
791 2649 1003 2718 αὐτῆς,
1047 2649 1144 2704 καί
1173 2653 1226 2704 οἱ
1265 2651 1515 2719 ἀστέρες
1552 2649 1813 2705 πεσοῦν-

232 2761 334 2798 ται
359 2744 478 2798 ἀπὸ
508 2743 614 2797 τοῦ
653 2742 935 2813 οὐρανοῦ,
964 2741 1061 2795 καί
1091 2745 1149 2796 al
1180 2741 1464 2812 δυνάμεις
1497 2741 1616 2796 τῶν
1639 2743 1814 2811 οὐρα·

232 2835 365 2890 νῶν
387 2833 892 2898 σαλευθήσονται.

311 2926 440 2989 Πῶς
473 2927 536 2979 οὐ
575 2925 855 2996 φρίξουσιν
884 2923 1437 2994 ἀναστοιχειουμένων
1459 2922 1688 2993 ούρανοῦ
1719 2923 1813 2977 καὶ

233 3019 346 3088 γῆς
373 3016 508 3088 πρὸς
532 3016 594 3069 τὸ
617 3014 808 3069 δοκοῦν
839 3014 914 3085 τῷ
946 3014 1102 3086 Θεῷ;
1143 3015 1390 3086 Ἀκριϐὲς
1420 3016 1525 3084 γάρ
1547 3032 1601 3068 τι
1632 3014 1813 3084 λέγειν

235 3111 297 3158 ὲν
327 3109 440 3168 τοῖς
467 3105 729 3168 τοιούτοις
757 3103 856 3157 οὐκ
890 3102 992 3158 ἔνι.
1034 3104 1091 3156 Ὀ
1120 3104 1219 3174 μὲν
1240 3105 1392 3174 ἥλιος
1420 3105 1513 3158 καὶ
1542 3107 1574 3175 ἡ
1615 3105 1810 3177 σελήνη

235 3195 740 3268 ἀμαυρωθήσονται
765 3212 779 3224 ·
832 3193 900 3246 τὰ
932 3193 989 3246 δὲ
1028 3191 1203 3265 ἄστρα
1243 3193 1320 3257 ὡς
1370 3193 1505 3264 ἄνθη
1544 3196 1811 3260 πεσεῖται,

238 3288 340 3342 τοῦ
371 3289 887 3360 Δημιουργήσαντος
907 3284 1047 3338 αὐτὰ
1068 3285 1231 3338 πάλιν
1264 3284 1816 3355 μεταστοιχειοῦντος,

241 3380 429 3443 καθὼς
458 3379 601 3432 θέλει
622 3395 636 3409 ο
669 3377 1138 3450 θορυϐηθήσονται
1170 3377 1264 3430 καὶ
1295 3375 1434 3429 αὐτὰ
1467 3376 1536 3428 τὰ
1559 3377 1816 3446 στοιχεῖα.

253 3469 775 3541 ’Λνακαινιζομένης
801 3469 907 3540 γὰρ
945 3470 1046 3539 τῆς
1081 3467 1519 3538 ἀνθρωπότητος,
1542 3467 1819 3535 ἀνακεφα-

240 3563 498 3617 λαιοῦται
526 3562 622 3616 καὶ
649 3558 1100 3624 συνανακτίζεται
1130 3560 1226 3616 καὶ
1254 3560 1287 3628 ἡ
1314 3557 1401 3611 διὰ
1419 3558 1510 3610 τὸν
1531 3556 1820 3628 ἄνθρωπον

240 3656 718 3727 δημιουργηθεῖσα
750 3653 948 3716 κτίσις.

321 3748 462 3815 Περὶ
518 3745 586 3799 δὲ
635 3742 742 3812 τῆς
788 3744 1014 3816 ἡμέρας
1060 3743 1296 3812 ἐκείνης
1336 3741 1374 3812 ἢ
1413 3740 1569 3812 ὧρας
1621 3739 1821 3808 οὐδεὶς

244 3838 434 3891 οἶδεν.

332 3926 553 3996 Ἐπειδὴ
596 3924 664 3977 τὰ
717 3923 857 3995 ὑπὲρ
912 3922 1142 3987 ἑαυτοὺς
1196 3923 1387 3994 ἤθελον
1429 3921 1719 3994 μανθάνειν
1771 3924 1820 3976 οἱ

246 4018 512 4088 μαθηταὶ,
537 4017 792 4087 ἀφορμὴν
825 4014 1070 4086 εὑρίσκει
1093 4013 1189 4067 τοῦ
1226 4012 1455 4068 κωλύειν
1481 4013 1679 4075 αὐτοὺς
1710 4013 1822 4066 τῶν

239 4111 506 4162 τοιούτων
526 4150 541 4175 ,
567 4108 630 4160 τὸ
659 4107 736 4178 μὴ
758 4107 979 4170 εἰδέναι,
1004 4105 1142 4159 καθὸ
1167 4105 1471 4179 ἄνθρωπος.
1497 4104 1607 4159 Καί
1633 4123 1820 4176 φησιν,

247 4199 393 4269 μηδὲ
424 4198 548 4260 τοὺς
581 4199 700 4249 κατ’
755 4196 984 4267 οὐρανὸν
1015 4195 1204 4264 ἁγίους
1252 4196 1520 4266 ἀγγέλους
1563 4195 1823 4250 δύνασθαι

239 4289 424 4342 ταῦτα
450 4288 671 4341 εἰδέναι.

239 4406 554 4474 Κυραλου
589 4403 660 4456 ἐν
689 4403 912 4474 ὀμιλιςι
943 4400 1412 4474 ἐπείτεγριψμένπ
1435 4404 1523 4474 sic
1551 4402 1639 4474 τῤ,
1671 4421 1690 4454 ι
1714 4403 1825 4456 Εὑ-

313 4471 464 4539 θέως
494 4473 562 4525 δὲ
596 4473 748 4542 μετὰ
777 4472 891 4542 τὴν
918 4471 1127 4540 θλῐψιν
1154 4472 1274 4542 τῶν
1305 4472 1542 4542 ἡμερῶν
1577 4472 1823 4542 ἐκείνων

315 4549 349 4598 ό
390 4544 560 4610 ἣλιος
589 4539 1090 4607 σκοτισθήσεται,
1132 4541 1229 4593 καί
1274 4539 1507 4608 σελήνη
1548 4543 1618 4595 οὐ
1644 4541 1822 4594 δώσει

314 4613 385 4666 τὸ
409 4613 627 4681 φέγγος
657 4610 862 4677 αὐτῆς,
898 4611 996 4664 καί
1023 4614 1079 4681 al
1118 4610 1370 4678 ἀστέρες
1397 4611 1724 4681 πεσοῦνται
1753 4612 1821 4681 εκ

315 4678 424 4738 τοῦ
451 4678 731 4749 οὐρανοῦ.
754 4681 895 4750 Περὶ
913 4680 981 4733 δὲ
1006 4678 1114 4747 τῆς
1142 4681 1366 4750 ἡμέρας
1393 4681 1634 4749 ἐκείνης
1654 4680 1693 4748 ἢ
1717 4679 1824 4748 τῆς

314 4753 476 4820 ὧρας
500 4747 696 4817 οὐδεὶς
717 4747 882 4804 οἶδεν
910 4751 1006 4821 (ί).
1024 4770 1042 4800 ο

329 4856 482 4911 Ἀλλ’
505 4857 633 4910 ὅταν
662 4856 755 4908 καὶ
783 4853 939 4906 τοῦτο
977 4853 1134 4926 λέγῃ.
1165 4853 1226 4906 ού
1259 4852 1476 4916 πάντως
1502 4851 1696 4907 ἑαυτὸν
1728 4869 1825 4920 ση-

243 4948 453 5016 μαίνει.
488 4944 624 4999 Οὔτε
652 4944 759 5014 γὰρ
789 4942 1132 5014 προσέθηκεν
1162 4942 1427 5015 ἀκριϐῶς,
1461 4943 1594 4996 Οὐδὲ
1620 4945 1648 4996 6
1696 4943 1823 5009 Υίὺς

251 5041 352 5092 τοῦ
413 5037 547 5092 Θεοῦ
574 5077 588 5102 ,
629 5035 742 5089 ἀλλ’
800 5034 1256 5104 ἀπολελυμένως,
1312 5054 1331 5087 ι
1372 5034 1508 5088 Οὐδὲ
1551 5037 1579 5088 6
1629 5034 1776 5099 Υἱὸς,
1801 5053 1819 5086 ι

241 5135 422 5204 φησίν
439 5151 450 5164 ·
479 5134 567 5187 ἵνα
594 5130 833 5185 τοιοῦτόν
856 5147 908 5183 τι
931 5132 1085 5199 νοῇςο
1118 5127 1480 5193 Ἐσπούδαζον
1506 5128 1646 5182 κατὰ
1677 5127 1828 5200 ἀκρί-

240 5229 406 5278 ϐειαν
439 5225 616 5278 πάντα
652 5221 944 5293 μανθάνειν
973 5222 1021 5273 οἱ
1059 5219 1320 5290 μαθηταὶ,
1353 5221 1446 5274 καὶ
1485 5220 1825 5291 ἐπεχείρουν,

243 5319 336 5369 ἶνα
381 5315 553 5376 οὕτως
574 5315 732 5376 εῐπω,
778 5311 872 5364 καὶ
913 5310 1054 5363 αὐτὰ
1084 5310 1538 5382 περιεργάζεσθαι
1580 5311 1650 5364 τὰ
1688 5311 1825 5381 βάθη

238 5406 340 5460 τοῦ
383 5405 608 5476 Κυρίου.
649 5404 808 5457 Ἀλλὰ
841 5397 910 5473 ἦν
939 5401 1001 5454 τὸ
1031 5402 1261 5472 πρᾶγμα
1283 5401 1404 5454 λξαν
1431 5402 1570 5472 ὑπὲρ
1603 5403 1822 5466 αὐτούς·

243 5501 338 5550 ἵνα
398 5497 577 5548 τοίνυν
604 5495 678 5565 μὴ
712 5492 1096 5562 ἀπαγορεύσας
1137 5492 1236 5562 τὴν
1261 5492 1517 5565 ἐξήγησιν
1544 5493 1618 5557 ὡς
1660 5495 1824 5564 ἠϐού-

1909 1945 2126 1985 oremus
2147 1945 2176 1984 e
2202 1945 2430 2000 corpore
2451 1945 2556 1985 non
2579 1930 2840 1984 excedere
2871 1941 2902 1981 a
2922 1926 3062 1980 bono
3089 1939 3250 1991 Opere
3273 1921 3478 1986 feriati,

1909 2022 2050 2092 quod
2092 2021 2384 2076 Sabhatum
2433 2022 2669 2084 indicat,
2695 2032 2869 2087 neque
2906 2019 2958 2072 iu
3002 2015 3305 2090 sterilitate,
3337 2013 3480 2081 quod

1912 2115 2104 2169 hiems.
2132 2113 2432 2168 Notandum
2459 2124 2542 2168 est
2579 2111 2724 2168 enim
2758 2112 2987 2166 hiemem
3014 2106 3278 2163 malorum
3313 2106 3478 2159 Deum

1911 2222 2017 2260 non
2054 2205 2262 2261 fecisse.
2298 2205 2355 2260 In
2389 2206 2564 2261 hieme
2596 2216 2773 2258 autem
2791 2216 3002 2268 sumus,
3041 2214 3166 2256 cum
3202 2198 3482 2270 passiones

1912 2298 2090 2352 carnis
2121 2299 2467 2354 dominantur
2493 2297 2546 2353 in
2573 2295 2751 2353 nobis.

1978 2474 2170 2540 XXIV,
2189 2475 2277 2530 29.
2307 2471 2500 2528 Statim
2526 2483 2698 2526 autem
2717 2479 2831 2540 post
2857 2468 3247 2522 tribulationem
3270 2465 3478 2519 dierum

1911 2568 2146 2631 illorum,
2176 2567 2257 2621 to!
2294 2565 2680 2630 obscurabitnr,
2713 2575 2758 2618 et
2791 2562 2918 2616 luna
2966 2577 3071 2614 non
3111 2560 3256 2612 dabit
3303 2558 3479 2612 lumen

1911 2668 2153 2722 suum,et
2184 2658 2348 2714 stella:
2397 2658 2580 2712 cadent
2625 2657 2688 2710 de
2719 2655 2870 2721 cwlo,
2902 2662 2952 2709 et
2982 2652 3194 2709 virtutes
3230 2649 3478 2706 caelorum

1910 2752 2382 2806 commovebuntur.

1984 2930 2268 2997 Quomodo
2301 2946 2405 2986 non
2435 2931 2822 2986 exhorrescent
2851 2928 3124 2984 renovatis
3158 2929 3226 2983 ad
3257 2926 3349 2982 Dei
3384 2926 3483 2982 beo

1914 3023 2236 3091 neplacitum
2261 3023 2384 3078 cmli
2411 3033 2676 3092 terraeque
2699 3021 3017 3079 elementis?
3042 3019 3303 3076 Exactum
3333 3017 3477 3072 enim

1918 3115 2116 3183 aliquid
2157 3116 2223 3170 de
2255 3115 2404 3170 hisce
2433 3115 2615 3169 dicere
2645 3128 2749 3168 non
2784 3128 3092 3182 possumus.
3144 3111 3235 3167 Sol
3265 3109 3482 3179 quidem

1917 3214 1971 3260 et
1994 3204 2116 3258 luna
2133 3203 2602 3270 obscurabuntur;
2639 3203 2806 3258 stella:
2838 3211 3016 3258 autem
3045 3211 3296 3269 tauquam
3324 3199 3484 3256 ﬂores

1917 3298 2188 3363 decident,
2218 3297 2473 3352 Creatore
2515 3311 2608 3352 eas
2639 3303 2798 3366 prout
2837 3295 3083 3360 voluerit,
3119 3294 3479 3348 immolante:

1921 3388 2281 3443 turbabuntur
2325 3388 2486 3441 etiam
2536 3387 2647 3442 haec
2693 3387 2804 3455 ipsa
2855 3384 3141 3440 elementa.
3197 3383 3485 3440 Hominum

1922 3480 2063 3536 enim
2086 3494 2284 3551 genere
2309 3480 2581 3543 innovate,
2603 3479 2909 3533 summatim
2947 3485 3282 3539 recensetur,
3300 3471 3488 3527 simul-

1923 3587 2027 3641 que
2085 3581 2418 3628 restauratur
2464 3573 2627 3626 etiam
2678 3579 2895 3640 propter
2944 3567 3216 3624 hominem
3269 3563 3488 3621 condita

1920 3675 2192 3721 creatura.

1995 3754 2182 3823 XXIV,
2217 3755 2305 3812 36.
2345 3756 2423 3811 De
2453 3756 2536 3811 die
2565 3764 2740 3811 autem
2767 3753 2862 3810 illa
2887 3764 2934 3809 et
2967 3754 3096 3809 liora
3125 3768 3273 3807 nemo
3295 3751 3415 3806 scit.

1996 3921 2259 3988 Quoniam
2293 3935 2412 3990 quae
2444 3933 2606 3990 supra
2648 3920 2792 3989 ipsos
2822 3927 2982 3975 erant
3024 3917 3213 3972 audire
3242 3914 3494 3986 discipuli

1922 4011 2211 4078 volebant,
2268 4011 2516 4068 idoneam
2578 4013 2840 4067 rationem
2915 4010 3119 4065 invenit
3184 4007 3496 4063 coercendas

1923 4102 2163 4172 ipsorum
2211 4102 2566 4168 curiositatis,
2625 4103 2811 4158 dicens
2858 4115 2918 4156 se
2968 4100 3201 4161 nescire,
3228 4107 3499 4166 quatenus

1923 4196 2085 4253 homo
2129 4203 2248 4250 erat
2298 4194 2567 4250 videlicet.
2603 4194 2742 4262 Quin
2787 4192 2936 4248 addit
2974 4207 3041 4247 ne
3093 4191 3238 4259 ipsos
3277 4189 3494 4259 quidem

1923 4288 2014 4358 qui
2051 4289 2104 4342 in
2138 4287 2295 4342 cmlis
2328 4287 2527 4355 degunt
2553 4294 2767 4340 sanctos
2795 4282 3014 4354 angelos
3050 4295 3211 4352 posse
3241 4278 3293 4333 id
3327 4277 3494 4334 scire.

1925 4400 2111 4471 Cyrilli
2135 4417 2198 4456 ea:
2226 4401 2460 4455 Homilia
2493 4401 2548 4452 in
2573 4401 2682 4453 haec
2701 4397 2891 4471 uerba:
2917 4414 2934 4446 ι
2963 4395 3156 4471 Statim
3189 4402 3364 4471 autem
3385 4399 3498 4471 post

2001 4471 2392 4526 tribulationem
2437 4471 2640 4523 dierum
2673 4468 2887 4522 illorum
2923 4465 3002 4520 sol
3033 4463 3414 4527 obscurabitur,
3450 4470 3498 4514 et

1859 4511 1904 4567 θ
2001 4511 2903 4601 iliJE'B'JZ'YEbii'ilﬁh'éri"@255;
2923 4511 3200 4589 maia;
3219 4511 3414 4586 ἓιὶᾶἑιὲί
3438 4511 3500 4586 ἀὲ

1997 4611 2145 4665 calo.
2166 4611 2243 4664 De
2262 4613 2344 4664 die
2371 4619 2545 4664 autem
2578 4608 2676 4664 illa
2699 4615 2748 4662 et
2779 4609 2910 4661 hora
2940 4621 3091 4660 nemo
3122 4605 3239 4657 scit.
3279 4621 3299 4655 ι

1998 4855 2386 4914 Verumtamen
2423 4855 2532 4926 83
2563 4871 2689 4911 cum
2709 4855 2814 4911 hoc
2830 4854 2984 4919 dicit,
3004 4851 3152 4908 haud
3172 4850 3398 4906 omnino
3415 4863 3501 4902 se-

1931 4945 2110 5016 ipsum
2125 4945 2369 5002 denotat.
2404 4947 2524 5001 Non
2540 4947 2687 5002 enim
2706 4945 2910 5001 diserte
2926 4944 3161 5009 addidit,
3192 4958 3369 5013 neque
3412 4940 3500 4996 Fi-

1929 5036 2037 5091 lius
2053 5037 2170 5102 Dei,
2193 5037 2289 5092 sed
2306 5039 2607 5108 generatim
2627 5057 2645 5089 (
2675 5053 2854 5108 neque
2871 5038 3036 5104 (ilius,
3058 5056 3076 5088 ι
3105 5035 3263 5091 dixit.
3293 5034 3500 5102 Nempe

1932 5135 1993 5182 ut
2013 5128 2324 5198 huiusmodi
2347 5129 2554 5199 aliquid
2585 5130 2856 5200 intelligas
2879 5147 2892 5183 :
2914 5128 3211 5199 cupiebant
3238 5125 3499 5180 nimirum

1925 5219 2178 5290 discipuli
2201 5232 2397 5277 cuncta
2421 5229 2678 5278 accurate
2713 5222 2947 5287 rescire;
2977 5222 3314 5282 nitebantur,
3339 5223 3401 5270 ut
3423 5215 3498 5268 ita

1925 5311 2135 5375 dicam,
2182 5312 2453 5382 profunda
2494 5329 2714 5382 quoque
2749 5313 2964 5367 Domini
2995 5326 3194 5366 arcana
3239 5306 3496 5364 scrutari.

1925 5404 2126 5458 Verum
2167 5420 2231 5460 ea
2263 5421 2365 5471 res
2403 5407 2646 5474 ipsorum
2671 5405 2953 5460 modulum
2982 5404 3141 5458 valde
3169 5401 3495 5457 excedebat.

1924 5495 2000 5550 Nc
2039 5496 2201 5568 igitur
2233 5497 2314 5552 rei
2346 5498 2784 5568 explanationem
2819 5495 3171 5566 denegando,
3208 5509 3370 5563 quam
3416 5491 3496 5547 illi

321 5672 398 5739 (Ι)
427 5671 613 5726 Exstat
650 5669 796 5742 inter
836 5668 1134 5742 fragmenta
1167 5667 1351 5738 Cyrilli
1391 5668 1444 5722 in
1488 5668 1800 5726 .‘lattlneum
1844 5688 1962 5742 qum
2001 5689 2064 5728 cx
2103 5673 2386 5729 Anastasio
2431 5673 2684 5728 Vaticano
2727 5672 2896 5729 edidit
2941 5672 3042 5728 Mai
3070 5673 3122 5727 in
3157 5669 3497 5736 Bibliotheca,

237 5749 354 5814 iam
385 5738 555 5798 citato
583 5750 730 5794 tomo
757 5740 819 5804 ιι,
855 5754 908 5809 p.
941 5738 1060 5794 481.
