4094 6496
702 343 808 401 “'3

1682 360 1736 415 S.
1780 361 2048 418 CYRILLI
2090 361 2552 417 ALEXANDRINI
2592 363 2909 422 ARCIIIEP.
3800 379 3873 434 ιιι

701 478 1035 534 cognoscere
1067 469 1320 537 avebant,
1357 472 1555 529 charos
1592 491 1721 533 suos
1749 480 2034 536 videretur
2069 483 2276 537 contri-
2307 518 2318 544 λ

2257 514 2276 522 -
2307 487 2352 544 Α
2380 482 2531 535 λοντο
2560 484 2770 554 μαθεῖν,
2817 486 2945 558 δόξῃ
2981 506 3096 552 πως
3131 487 3317 542 λυπεῖν
3362 489 3487 552 τοὺς
3526 493 3874 560 γνησιεύοντας,

703 562 869 622 stare,
897 559 1130 616 obscure
1161 563 1333 618 dicit:
1367 584 1387 615 ς
1433 566 1509 620 De
1535 567 1625 622 die
1665 579 1849 625 autem
1895 573 1984 627 illa
2031 583 2086 629 et
2142 575 2276 630 hora

702 661 867 703 nemo
907 651 1030 715 scit,
1064 669 1240 723 neque
1272 657 1479 727 angeli,
1520 675 1699 729 neque
1751 661 1943 727 Filius,
1984 667 2089 720 nisi
2126 668 2276 721 solus

703 736 886 794 Pater.
920 760 939 792 ι
994 742 1064 798 Ut
1115 745 1282 799 verba
1326 747 1407 803 sic
1467 748 1788 822 intelligas:
1844 755 2069 810 Etiamsi
2114 757 2277 813 homo

703 829 772 884 ad
797 832 1148 902 adoptionem
1190 848 1418 893 vocatus
1456 849 1561 907 cst,
1605 842 1857 915 ﬁliusque
1894 862 2070 902 novus
2093 848 2275 904 decla-

708 929 878 988 ratus,
913 924 1059 980 haud
1084 927 1288 984 idcirco
1313 947 1434 1001 qua:
1458 950 1621 1005 supra
1664 946 1914 992 naturam
1940 948 2066 993 sunt
2095 941 2276 1011 inqui-

706 1022 812 1080 rat,
841 1031 1020 1087 neque
1047 1035 1106 1075 se
1146 1020 1371 1092 dignum
1401 1039 1464 1079 ea
1508 1041 1836 1097 cognoscere
1871 1039 2024 1099 putet
2054 1048 2175 1101 qure
2210 1050 2277 1088 ne

707 1107 1174 1179 angelis-quidem
1241 1116 1506 1171 revelavit
1553 1118 1734 1173 Pater.
1779 1121 1897 1174 Jam
1959 1123 2005 1176 si
2053 1125 2278 1193 angelus

709 1200 898 1263 nescit,
929 1217 998 1255 ne
1040 1202 1204 1258 homo
1232 1206 1455 1274 quidem
1499 1208 1657 1274 sciet,
1689 1210 1905 1265 etiamsi
1931 1212 1998 1267 ad
2026 1213 2277 1283 adoptio-

707 1304 831 1343 nem
858 1303 1084 1347 vocatus
1116 1295 1206 1347 sit.
1388 1306 1391 1307 '

774 1379 888 1451 84
912 1381 1022 1435 Mos
1056 1395 1173 1439 erat
1202 1385 1420 1443 Christo
1460 1390 1768 1464 Servatoril
1797 1390 2103 1457 hujusmodi
2151 1395 2279 1462 quid

702 1482 868 1536 agere
910 1472 1145 1527 maxime
1180 1475 1232 1528 in
1260 1478 1462 1530 sanctis
1503 1479 1617 1532 suis
1646 1480 1946 1549 discipulis,
1976 1482 2021 1536 si
2049 1484 2281 1538 interro-

706 1568 898 1625 garent
924 1561 1126 1633 aliquid
1154 1580 1365 1633 eorum,
1397 1584 1517 1638 quae
1542 1571 1778 1638 speciem
1810 1573 2004 1628 habent
2039 1574 2277 1630 discendi

705 1652 1037 1723 cupiditatis,
1073 1657 1252 1713 altiori
1290 1668 1468 1714 tamen
1504 1665 1839 1719 scrutatione
1873 1674 2080 1731 carent,
2105 1668 2277 1737 expli-

707 1743 976 1798 cationem
1032 1747 1312 1817 indulgere
1385 1760 1439 1804 et
1498 1764 1687 1807 exacte
1741 1756 1902 1809 etiam
1954 1758 2137 1811 conari
2196 1756 2279 1813 vel

708 1834 945 1893 maxime
980 1838 1195 1894 minuta
1239 1856 1557 1911 exponere;
1608 1847 1691 1899 sin
1738 1857 1914 1901 autem
1967 1850 2170 1918 aliquid
2214 1866 2278 1904 ex
2313 1821 2353 1874 Β

706 1928 1081 1994 superioribus
1145 1946 1547 2003 supervacanee
1604 1938 1810 1992 discere
1872 1941 2088 2009 cupiant
2140 1942 2282 2011 quod

709 2016 927 2070 modum
975 2017 1185 2073 illorum
1240 2024 1504 2090 excedat,
1551 2027 1902 2095 acquiescere
1925 2028 2109 2095 jubet,
2156 2045 2281 2098 per-

707 2110 1011 2180 suadetque
1040 2127 1237 2168 curare
1270 2114 1448 2184 potius
1469 2130 1532 2171 ea
1564 2131 1682 2186 quae
1713 2120 1929 2174 utiliora
1970 2121 2100 2189 ipsis
2133 2133 2277 2176 sunt.

706 2200 842 2253 Cum
897 2202 1078 2270 itaque
1115 2219 1236 2273 quae
1275 2220 1434 2275 supra
1486 2223 1547 2263 se
1593 2218 1749 2263 erant
1785 2210 1997 2266 discere
2028 2210 2281 2268 volebant

705 2293 975 2361 discipuli,
1022 2296 1228 2351 utiliter
1268 2299 1570 2355 dissimulat
1603 2316 1663 2356 se
1698 2310 1951 2372 tanquam
2004 2286 2279 2361 hominem

705 2382 865 2445 scire,
896 2398 962 2437 ac
989 2399 1055 2439 ne
1086 2385 1232 2454 ipsos
1274 2388 1490 2456 quidem
1522 2398 1737 2445 sanctos
1770 2392 1994 2463 angelos
2027 2394 2080 2449 in
2125 2395 2280 2452 cmlis

704 2474 847 2528 scire
886 2476 979 2541 ait,
1016 2492 1085 2531 ne
1113 2478 1527 2546 contristentur,
1562 2492 1817 2552 tanquam
1851 2499 2012 2555 supra
2057 2487 2278 2543 modum

705 2565 1031 2622 diﬂldentes.
1072 2568 1150 2623 Ac
1180 2569 1307 2625 vide
1339 2586 1499 2640 quam
1536 2574 1959 2631 accommodatis
1979 2577 2279 2632 rationibus

706 2659 933 2713 suadeat
961 2660 1044 2715 eis
1073 2669 1133 2715 ut
1175 2661 1246 2716 ab
1276 2663 1377 2717 ista
1413 2664 1765 2733 inquisitione
1790 2667 2093 2736 quiescant,
2123 2684 2279 2725 vere-

704 2750 1065 2820 cundiamque
1095 2752 1162 2806 iis
1198 2753 1382 2817 faciat,
1415 2756 1566 2823 quasi
1595 2756 1737 2811 scire
1767 2757 2022 2813 atl'ecteut
2055 2760 2106 2814 id
2135 2760 2276 2830 quod

704 2857 772 2897 ne
801 2843 1006 2913 angelis
1041 2843 1257 2912 quidem
1306 2845 1565 2901 revelavit
1610 2846 1790 2913 Pater,
1850 2862 1949 2905 nec
1994 2850 2096 2920 ipsi
2140 2850 2278 2909 Filio

705 2942 890 2987 notum
917 2934 1130 2988 fecerit.

921 3021 1108 3092 (Συνῖηὶ
1126 3038 1192 3078 ea:
1218 3022 1602 3079 Commentario
1630 3026 1683 3080 in
1710 3025 2040 3083 Matt/ratum.

774 3202 1064 3272 lgnorasse
1112 3202 1211 3267 ait,
1245 3201 1391 3272 atqui
1430 3217 1538 3257 non
1581 3202 1849 3273 ignoravit
1879 3204 2040 3260 Deus.
2080 3203 2187 3262 Sed
2215 3218 2273 3261 et

703 3294 839 3364 ipse,
869 3308 1176 3365 quanquam
1221 3303 1366 3349 esset
1406 3295 1546 3349 Deus
1596 3295 1852 3364 Verbum,
1887 3305 2063 3352 tamen
2099 3298 2272 3354 factus

702 3396 785 3442 est
815 3397 871 3441 et
918 3395 1037 3442 erat
1084 3387 1264 3450 homo,
1301 3387 1388 3454 qui
1437 3388 1652 3456 quidem
1706 3390 1772 3443 ad
1820 3403 1971 3443 suam
2026 3398 2272 3445 naturam

701 3478 844 3548 quod
876 3478 1070 3533 attinet
1105 3486 1159 3532 et
1192 3477 1542 3533 humanitatis
1571 3493 1902 3545 mensuram,
1942 3493 2027 3534 res
2063 3477 2276 3534 futuras

704 3571 957 3637 ignorat,
993 3569 1086 3624 sed
1129 3583 1192 3623 ex
1249 3568 1344 3623 Dei
1400 3568 1726 3624 revelatione
1780 3583 1922 3638 saepe
1977 3571 2273 3640 cognoscit.

702 3662 888 3731 Neque
922 3676 1051 3716 vero
1081 3661 1291 3715 mireris
1313 3699 1329 3725 ,
1357 3662 1402 3716 si
1430 3660 1747 3731 ignorantize
1792 3660 2149 3717 humilitatem
2180 3662 2279 3718 ad-

703 3753 893 3808 mittit.
949 3750 1082 3805 Nam
1136 3752 1180 3805 si
1231 3755 1391 3807 herus
1427 3766 1549 3806 cum
1608 3750 1683 3806 sit
1727 3761 1946 3822 propter
2002 3751 2275 3807 hominem

704 3857 893 3898 servus
943 3842 1279 3911 appellatur;
1331 3852 1386 3898 et
1441 3858 1562 3897 cum
1611 3842 1683 3897 sit
1734 3842 1919 3912 gloria:
1973 3842 2276 3908 Dominus,

702 3930 814 4003 85
836 3930 1059 4001 gloriam
1083 3947 1180 3986 ceu
1210 3946 1313 3986 non
1338 3931 1559 3987 haberet
1591 3949 1621 3986 a
1641 3933 1799 3987 Patre
1830 3932 1995 4002 petit;
2021 3943 2277 4001 praeterea

702 4025 749 4077 si
779 4038 902 4077 cum
941 4024 1057 4093 ipse
1085 4037 1210 4077 vere
1231 4023 1302 4078 sit
1333 4022 1440 4077 vita
1473 4032 1529 4078 et
1552 4023 1728 4079 omnia
1759 4022 2060 4089 viviﬁcans,
2096 4031 2276 4079 tamen

702 4115 936 4185 potentia
992 4113 1227 4182 Spiritus
1274 4116 1638 4170 resurrexisse
1690 4115 1925 4181 dicitur;
1962 4116 2007 4169 si
2045 4116 2279 4185 denique

701 4223 823 4263 cum
854 4207 924 4262 sit
950 4205 1097 4262 Patri
1155 4215 1487 4270 coaeternus,
1524 4206 1871 4261 nihilominus
1919 4206 2073 4275 quasi
2101 4210 2278 4277 primo

702 4300 769 4354 ad
808 4299 1171 4355 exsistendum
1196 4307 1500 4363 vocaretur,
1531 4314 1635 4367 quo
1672 4307 1914 4367 tempore
1960 4300 2139 4355 factus
2193 4309 2279 4355 est

702 4390 880 4452 homo,
910 4390 1062 4444 audis
1088 4389 1350 4444 dicentem
1376 4388 1588 4443 Patrem
1623 4406 1638 4443 :
1681 4409 1700 4441 ι
1739 4390 1909 4445 Filius
1934 4402 2084 4453 meus
2106 4404 2165 4445 es
2197 4398 2275 4457 tu,

2379 575 2825 647 ὲπεσκιασμένως
2859 581 3011 649 φησὶ,
3050 600 3067 632 ‹
3103 584 3236 652 Περὶ
3262 583 3316 635 δὲ
3350 588 3451 652 τῆς
3489 584 3685 654 ἡμέρας
3719 586 3875 660 ἐκείνης

2378 667 2411 737 ἢ
2436 668 2533 738 τῆς
2558 668 2705 742 ὥρας
2724 670 2899 734 οὐδεὶς
2928 666 3089 736 οἶδεν,
3121 673 3240 725 οὐδὲ
3262 675 3309 726 οἱ
3333 674 3574 741 ἄγγελοι,
3598 674 3705 727 οὐδὲ
3726 678 3750 727 6
3769 678 3874 742 Υἱὸς,

2378 759 2426 811 εἰ
2456 758 2529 829 μὴ
2557 760 2584 812 6
2608 761 2817 832 Πατήρ.
2854 782 2871 812 ι
2906 764 3022 815 Ἵνα
3047 764 3244 835 νοήσῃς
3267 764 3461 830 οὕτως’
3490 764 3549 818 ΕΞ
3571 767 3657 819 καὶ
3678 768 3875 840 κέκληται

2380 850 2517 920 πρὸς
2541 851 2811 905 υἱοθεσίαν
2841 854 2869 905 6
2908 853 3193 924 ἄνθρωπος
3219 857 3310 909 καὶ
3338 856 3453 919 υἱὸς
3482 857 3737 929 ἀνεδείχθη
3772 864 3875 927 νέος,

2378 939 2514 993 ἀλλὰ
2553 941 2627 1013 μὴ
2661 943 2890 1014 ζητείτω
2930 944 3000 997 τὰ
3031 945 3172 1017 ὑπὲρ
3215 948 3310 1018 τὴν
3345 948 3527 1017 φύσιν,
3560 949 3681 1018 μηδὲ
3703 950 3875 1015 ἀξιούτω

2382 1032 2572 1101 μαθεῖν
2605 1034 2747 1105 ἅπερ
2780 1036 2913 1105 μηδὲ
2937 1039 3049 1100 τοῖς
3087 1038 3343 1106 ἀγγέλοις
3386 1040 3719 1109 ἀπεκάλυψεν
3753 1046 3774 1094 ὁ
3804 1046 3875 1097 Πα-

2378 1126 2503 1194 τήρ.
2538 1126 2599 1177 Εἰ
2620 1126 2676 1178 δὲ
2699 1126 2926 1195 ἄγγελος
2948 1128 3046 1181 οὐκ
3072 1125 3231 1193 οἶδεν,
3263 1130 3382 1183 οὐδὲ
3412 1131 3505 1183 ἄνθ
3517 1148 3682 1194 οωπος
3709 1134 3875 1199 εἴσεται,

2380 1214 2483 1267 κᾶν
2516 1217 2565 1269 εἰ
2593 1216 2851 1287 κέκληται
2885 1218 3019 1290 πρὸς
3048 1220 3371 1277 υἱοθεσίανμ

2458 1391 2617 1455 Ἕθος
2644 1387 2710 1463 ἦν
2740 1393 2816 1462 τῷ
2852 1394 3065 1465 Σωτῆρι
3099 1395 3320 1465 Χριστῴ
3354 1394 3594 1448 τοιοῦτον
3618 1413 3667 1449 τι
3694 1396 3797 1469 δρᾷν
3816 1404 3875 1455 ἐπὶ

2380 1483 2492 1545 τοῖς
2524 1483 2702 1550 ἁγίοις
2735 1484 2971 1554 μάλιστα
3003 1485 3293 1556 μαθηταῖς,
3326 1488 3373 1539 εί
3411 1486 3810 1543 διαπυνθανοιντό
3839 1511 3874 1545 τι

2381 1571 2489 1623 τῶν
2522 1572 2623 1626 ὅσα
2650 1568 2717 1643 ἦν
2745 1573 3103 1643 φιλομαθείας
3136 1575 3231 1644 μὲν
3261 1574 3457 1645 ἔχοντα
3486 1576 3655 1640 δόξαν,
3683 1579 3875 1649 ὑψηλοτέ-

2385 1677 2486 1730 ρας
2508 1678 2572 1729 γε
2614 1660 2721 1731 μὴν
2756 1662 2986 1733 ὲρεύνης
3032 1663 3453 1734 ἀπηλλαγμένα,
3508 1666 3789 1734 χαρίζεσθαι
3812 1672 3875 1741 τὴν

2383 1750 2681 1821 ἀφήγησιν,
2746 1752 2840 1807 καὶ
2886 1751 3211 1824 ἐξακριϐοῦν
3258 1757 3339 1809 ὅτι
3387 1757 3620 1826 parum
3655 1764 3874 1831 πειρᾶσθαι

2384 1840 2597 1903 λεπτῶς
2620 1855 2633 1869 ’
2665 1842 2712 1893 εἰ
2742 1841 2799 1894 δὲ
2830 1843 2891 1912 δή
2924 1860 2975 1895 τι
3018 1844 3291 1914 βούλοιντο
3316 1846 3426 1899 τῶν
3458 1846 3698 1901 ἐπέκεινα
3730 1852 3874 1921 μέτρου

2383 1929 2478 1983 τοῦ
2534 1932 2672 1986 κατὰ
2706 1934 2847 2000 σφᾶς
2891 1935 3088 1997 αὐτοὺς
3142 1936 3413 2007 περιττῶς
3451 1937 3724 2007 ἀναμαθεῖν
3768 1959 3872 2011 περι-

2386 2021 2626 2074 στέλλειν
2655 2024 2853 2095 ἡσυχῆ,
2886 2027 2981 2079 καὶ
3021 2026 3369 2096 μεταπείθειν
3402 2025 3461 2080 εὖ
3502 2029 3641 2098 μάλα
3666 2029 3873 2100 πολυπρα-

2384 2117 2604 2182 γμονεῖν
2653 2115 2869 2170 ἑλέσθαι
2912 2116 2980 2170 τὰ
3024 2117 3476 2189 πρεπωδέστερα.
3514 2120 3712 2190 Ἐπειδὴ
3740 2116 3872 2174 σῦντὲ

2384 2203 2522 2276 ὑπὲρ
2553 2205 2750 2267 αὐτοὺς
2786 2205 2976 2277 ἤθελον
3009 2208 3302 2278 μανθάνειν
3337 2211 3386 2263 οἱ
3419 2210 3671 2279 μαθηταὶ,
3696 2213 3871 2280 σκήπτε-

2376 2312 2471 2348 ται
2493 2296 2780 2366 χρησίμως
2811 2296 2872 2348 τδ
2896 2296 2969 2367 μὴ
2998 2297 3199 2350 εἰδέναι
3221 2297 3358 2351 καθὸ
3380 2297 3675 2369 ἄνθρωπος,
3690 2298 3765 2351 καί
3781 2317 3868 2367 eqs:

2386 2385 2522 2456 μηδὲ
2551 2386 2748 2448 αὐτοὺς
2784 2386 2980 2440 εἰδέναι
3015 2388 3142 2452 τοὺς
3181 2387 3323 2441 κατά
3360 2388 3453 2440 τὸν
3496 2390 3706 2459 οὐρανὸν
3739 2390 3869 2456 ἁγίους

2381 2476 2663 2545 ἀγγέλους,
2722 2478 2807 2531 ἵνα
2844 2477 2918 2549 μὴ
2954 2477 3232 2533 λυπῶνται
3267 2480 3343 2543 ὡς
3381 2480 3454 2550 μὴ
3494 2479 3805 2551 θαρῤηθέντες
3830 2482 3870 2533 τὸ

2384 2565 2623 2637 μέτριον.
2660 2567 2771 2619 Καὶ
2797 2569 2898 2638 ὅρα
2931 2567 3049 2631 πῶς
3098 2569 3327 2639 ἠρεμεῖν
3359 2569 3637 2623 ἀναπείθει
3665 2570 3868 2640 λογισμοῖς

2378 2658 2633 2723 οἰκείοις,
2665 2659 2757 2711 καὶ
2790 2658 3115 2724 ὲκδυσωπεῖ,
3154 2660 3235 2713 ὅτι
3275 2660 3413 2731 μηδὲ
3456 2661 3691 2729 ἀγγέλοις
3723 2662 3870 2715 ἀπεκά-

2378 2747 2545 2818 λυψεν
2572 2748 2600 2801 ὁ
2633 2749 2845 2819 Πατὴρ,
2880 2748 3016 2820 μηδὲ
3058 2748 3209 2821 αύτῷ
3238 2748 3315 2820 τῷ
3352 2748 3469 2822 Υίῷ
3495 2749 3752 2804 καθίστατο
3772 2750 3867 2817 γνῶ·

2383 2856 2564 2910 ριμον.

2378 3018 2680 3087 Κυρίλλου
2721 3019 2787 3070 ἐκ
2832 3018 2935 3072 τοῦ
3003 3020 3091 3085 εἷς
3143 3019 3206 3071 τὸ
3275 3019 3430 3075 κατὰ
3467 3018 3740 3075 Ματθαῒον
3771 3020 3869 3075 ὑπο-

2996 3109 3325 3179 μνήματος.

2458 3202 2811 3272 Ἦγνοηκέναι
2831 3201 2907 3270 (ι)
2926 3200 2982 3252 δέ
3008 3218 3171 3271 φησιν
3192 3218 3207 3229 ο
3230 3202 3331 3254 ούκ
3359 3200 3592 3272 ἠγνόηκε
3619 3200 3746 3264 Θεός.
3777 3201 3872 3252 Ἀλλ’

2376 3294 2425 3347 εἰ
2481 3294 2575 3347 καὶ
2618 3292 2779 3355 αὐτὸς
2811 3290 2989 3344 καίτοι
3020 3282 3153 3355 Θεδς
3185 3291 3261 3344 ὢν
3293 3292 3490 3361 Λόγος,
3519 3292 3693 3360 γέγονέ
3733 3308 3778 3344 τε
3810 3293 3869 3344 καὶ

2376 3385 2783 3455 κεχρημάτικεν
2817 3384 3123 3454 ἄνθρωπος,
3163 3381 3222 3445 ὃς
3258 3384 3448 3452 ἀγνοεῖ
3471 3384 3536 3437 τά
3560 3383 3761 3453 ἐσόμενα
3779 3382 3870 3434 κατά

2376 3491 2441 3543 γε
2471 3475 2570 3545 τὴν
2596 3473 2732 3527 ἰδίαν
2757 3473 2918 3543 φύσιν
2947 3474 3042 3528 καὶ
3072 3472 3133 3531 τὸ
3162 3475 3261 3544 τῆς
3288 3474 3692 3546 ἀνθρωπότητος
3715 3474 3867 3543 μέτρον,

2375 3562 2587 3635 δέχεται
2624 3564 2681 3617 δὲ
2714 3565 2971 3628 πολλάκις
3006 3564 3064 3631 ἐξ
3108 3564 3507 3635 ἀποκαλύψεως
3541 3563 3683 3620 Θεοῦ.
3715 3565 3797 3617 Καὶ
3821 3562 3868 3631 μή

2376 3676 2457 3713 τοι
2496 3657 2780 3728 θαυμάσῃς
2813 3658 2861 3709 εἰ
2899 3658 2960 3709 τδ
2985 3657 3085 3728 τῆς
3111 3657 3334 3726 ἀγνοίας
3370 3658 3711 3729 καταδέχεται
3737 3671 3869 3726 μικρο-

2379 3751 2586 3822 πρεπὲς
2627 3750 2704 3821 (2)
2729 3767 2743 3780 ο
2784 3751 2832 3803 εί
2877 3749 2988 3820 γὰρ
3037 3749 3314 3819 Δεσπότης
3364 3750 3637 3821 ὑπάρχων,
3681 3746 3870 3815 κέκληται

2376 3843 2560 3906 δοῦλος
2591 3842 2678 3895 διὰ
2706 3841 2796 3895 τὸν
2819 3842 3124 3914 ἄνθρωπον,
3156 3842 3251 3895 καὶ
3282 3841 3487 3912 Κύριος
3518 3840 3591 3895 ὣν
3627 3840 3711 3909 τῆς
3741 3837 3868 3903 665%

2376 3934 2533 3999 δόξαν
2556 3934 2630 3998 ὡς
2663 3934 2762 3987 οὐκ
2786 3932 2926 4004 ἔχων
2957 3934 3102 3987 αἰτεῖ
3131 3932 3284 4004 παρά
3312 3932 3548 4003 Πατρδς,
3574 3931 3661 3984 καὶ
3679 3927 3805 3988 αὐτὸς
3822 3925 3870 3975 ὢν

2380 4024 2521 4078 κατὰ
2553 4024 2809 4092 ἀλήθειαν
2840 4025 2874 4094 ἡ
2922 4022 3035 4093 ζωὴ
3074 4023 3169 4076 καὶ
3215 4023 3394 4078 πάντα
3428 4020 3707 4090 ζωογονῶν,
3740 4018 3783 4069 ἐν
3809 4015 3870 4067 δυ-

2378 4117 2539 4186 νάμει
2566 4115 2659 4168 τοῦ
2688 4114 3002 4185 Πνεύματος
3033 4113 3336 4184 ὲγηγέρθαι
3368 4114 3601 4183 λέγεται,
3630 4111 3711 4165 καὶ
3739 4106 3867 4161 συναί-

2378 4207 2485 4270 διος
2523 4207 2597 4260 ὣν
2626 4205 2704 4276 τῷ
2733 4206 3023 4277 Πατρὶ,’ὠς
3057 4207 3137 4268 είς
3169 4204 3345 4276 ἀρχὰς
3375 4206 3470 4259 τοῦ
3507 4199 3637 4257 εἰναι
3667 4197 3869 4269 κεκλημέ-

2379 4315 2489 4362 νος,
2539 4298 2630 4351 ὅτε
2679 4297 2773 4351 καὶ
2821 4296 2942 4350 καθ’
2973 4295 3121 4364 ἡμᾶς
3157 4294 3379 4363 γέγονεν
3429 4295 3711 4365 ἄνθρωπος,
3758 4290 3870 4343 ἄκουε

2380 4389 2625 4458 λέγοντος
2665 4386 2831 4442 αὐτοῦ
2856 4404 2869 4418 ·
2910 4407 2928 4438 «
2971 4387 3096 4450 Υίός
3124 4403 3226 4457 μου
3249 4380 3302 4438 εἶ
3334 4386 3421 4450 σὺ,
3455 4384 3562 4453 ἐγὼ
3596 4384 3793 4453 σήμερον
3813 4393 3871 4443 γε·

703 4498 805 4551 ego
839 4481 997 4537 hodie
1034 4482 1195 4553 genui
1236 4491 1287 4537 te
1315 4481 1382 4547 ⁸ο,
1424 4501 1443 4536 ι
1490 4482 1698 4537 etiamsi
1747 4481 2065 4537 vocabulum
2116 4481 2320 4539 hodie]

2254 4499 2273 4537 ε
2304 4483 2348 4539 D
2376 4480 2616 4551 γέννηκά
2650 4496 2731 4544 σε,
2774 4497 2792 4530 ι
2830 4476 3005 4531 καίτοι
3040 4475 3135 4529 τοῦ
3194 4468 3463 4545 σήμερον
3509 4475 3595 4528 τὸν
3624 4467 3871 4535 ἐνεστηκότα

703 4588 941 4643 praesens
981 4581 1191 4642 tempus
1229 4572 1541 4643 signiﬁcat;
1576 4587 1673 4626 cur
1702 4573 1897 4627 mirum
1927 4572 2022 4637 sit,
2056 4572 2101 4628 si
2131 4573 2275 4643 quod

706 4676 895 4731 reapse
954 4663 1153 4717 homini
1216 4662 1533 4719 naturaliter
1597 4665 1758 4731 inest,
1817 4679 2013 4735 nempe
2060 4672 2120 4719 ut
2175 4664 2276 4719 ali-

703 4769 866 4822 quam
917 4754 1267 4810 exsisteutem
1314 4770 1425 4811 rem
1477 4756 1703 4821 nesciat,
1752 4756 1892 4811 hanc
1940 4757 2106 4812 etiam
2150 4771 2272 4811 cum

702 4845 916 4898 caeteris
947 4846 1363 4915 proprietatibus
1395 4848 1496 4903 sibi
1529 4863 1747 4904 sumere
1790 4849 2047 4920 dignatus
2073 4848 2275 4905 fuerit?

703 4938 864 4991 Certe
895 4936 937 4990 si
974 4937 1026 4991 in
1052 4937 1242 4991 harum
1273 4954 1382 4993 una
1407 4940 1858 5006 scandalizentur,
1901 4949 2109 4996 eceterae
2137 4955 2276 5010 quo-

705 5044 810 5094 que
854 5028 971 5098 pari
1026 5031 1187 5085 modo
1231 5031 1498 5087 excident.
1556 5034 1696 5099 Quid
1750 5034 1908 5087 inde?
1959 5033 2279 5088 Destruetur

706 5121 960 5189 deinceps
988 5120 1372 5178 incarnationis
1416 5123 1575 5190 ratio,
1596 5134 1650 5178 et
1676 5124 1987 5194 mysterium
2012 5138 2120 5193 quo
2145 5122 2279 5177 salvi

710 5227 899 5266 sumus
918 5220 1211 5268 evertetur.
1240 5212 1453 5270 Etenim
1478 5229 1575 5270 nos
1603 5213 1731 5269 iacti
1761 5229 1947 5270 sumus
1970 5214 2020 5269 ei
2045 5212 2277 5277 similes,

786 5387 831 5420 ⁸ο
858 5387 1002 5445 Psal.
1035 5402 1097 5455 ιι,
1117 5388 1173 5444 7.

714 5615 755 5669 Π
784 5542 1284 5669 (Ἀέῌγνοηκέναι
1312 5577 1379 5587 -
1408 5542 1506 5600 καὶ
1543 5544 1721 5614 φύσει
1761 5544 1925 5611 Θεός.
1959 5540 2062 5598 Mai
2104 5542 2169 5597 Β.
2201 5540 2276 5597 Ν.

792 5684 871 5753 (2)
910 5684 1053 5756 Lege
1097 5686 1238 5756 apud
1284 5669 1381 5741 nos
1410 5686 1668 5756 Cyrillum
1705 5682 2195 5756 inigcommcutario
2219 5680 2284 5756 ad
2394 5669 3052 5756 diif'e'Mediolaneusi'in
3094 5690 3180 5745 cp.
3233 5675 3299 5729 ad
3340 5672 3494 5730 Hebr.

2381 4574 2571 4645 καιρὸν
2600 4571 2954 4642 σημαίνοντος
2981 4570 3079 4639 t5),
3111 4568 3163 4621 τί
3190 4568 3253 4621 τὸ
3278 4565 3653 4639 παράδοξον,εί
3681 4562 3756 4616 καὶ
3780 4561 3872 4625 ὅπερ

2382 4666 2641 4736 πρόσεστι
2675 4662 2817 4716 κατὰ
2846 4661 3027 4730 φύσιν,
3077 4658 3324 4713 τουτέστι
3356 4660 3418 4712 τὸ
3457 4652 3703 4725 ἀγνοῆσαι
3736 4668 3777 4702 τι
3800 4646 3872 4699 τῶν

2380 4756 2569 4817 ὄντων,
2602 4752 2763 4822 τυχὸν
2796 4750 2933 4822 μετὰ
2961 4750 3069 4803 τῶν
3108 4749 3282 4803 ἄλλων
3329 4749 3503 4818 αὐτῆς
3538 4742 3797 4813 ἰδιωμάτων
3820 4737 3871 4787 οἱ·

2380 4844 2713 4900 κειώσασθαι
2758 4842 3127 4913 κατηξίωσεν;
3162 4842 3226 4894 Εἰ
3272 4839 3378 4911 γὰρ
3414 4840 3497 4908 ἐφ’
3531 4837 3607 4889 ἑνὶ
3643 4834 3700 4903 δὴ
3728 4828 3871 4883 τούτων

2376 4936 2859 5007 σκανδαλιζόμεθα,
2882 4935 3126 4987 λελύσθω
3158 4932 3299 5004 μετὰ
3320 4932 3509 4986 τούτου
3539 4928 3626 4983 καὶ
3649 4925 3709 4979 τὰ
3730 4922 3870 5017 ἑτέρας

2376 5032 2472 5087 καὶ
2522 5030 2574 5083 τί
2626 5028 2689 5083 τὸ
2735 5026 3023 5093 ὲντεῦθενς
3078 5026 3375 5096 Οίχήσεται
3422 5021 3605 5076 λοιπὸν
3652 5017 3749 5103 τῆς

2378 5119 2580 5193 σαρκὸς
2626 5117 2937 5202 οἰκονομίας
2988 5119 3018 5171 6
3069 5093 3263 5184 λόγος,
3312 5115 3411 5169 καὶ
3452 5093 3871 5202 ἀνατετράςιθωτξ

2381 5210 2679 5284 μυστήριον
2706 5207 2776 5262 δι’
2806 5198 2867 5261 οὗ
2887 5206 2983 5261 καὶ
3010 5204 3349 5276 σεσώσμεθα.
3368 5202 3660 5274 Γεγόναμεν
3683 5194 3771 5263 γὰρ
3787 5199 3855 5240 κατ

2385 5537 2583 5595 Christi
2630 5536 2715 5591 adi
2751 5535 3048 5606 theologos,
3079 5542 3134 5590 et
3158 5531 3509 5606 Petaviumqin
3539 5524 3719 5606 primig-

2469 5611 2546 5679 (δ)
2573 5606 2771 5688 Confer
2802 5593 3100 5686 fragmenta
3130 5620 3159 5657 a
3197 5604 3353 5659 nobis
3379 5603 3517 5658 edita
3541 5593 3706 5723 CJrilli
3728 5604 3777 5641 ex
3802 5598 3864 5677 to;

2469 5695 2511 5733 ~e
2560 5676 2937 5731 Mediolaneust
2999 5691 3052 5728 In
3094 5690 3180 5741 cp.
3233 5675 3299 5729 ad
3340 5672 3494 5730 Hebr.
3545 5676 3562 5741 (
3612 5680 3683 5734 pp.
3729 5653 3865 5727 CW”

722 5743 925 5812 Lucani
959 5743 1025 5822 1r,
1074 5743 1148 5814 η
1191 5755 1359 5826 (infra
1416 5743 1518 5813 col.
1571 5756 1720 5825 H3).
1756 5754 1889 5809 Tum
1952 5743 2284 5809 de‘scientia
2393 5752 2521 5805 edit.
2554 5764 2702 5804 nova:
2735 5756 2860 5800 tom.
2905 5743 3055 5815 VII).
