4094 6504
151 358 291 416 445
1379 360 1737 417 COMMENT.

1884 362 2318 421 MATTHIEUM.
3342 369 3448 426 ιιε

153 473 354 527 αὑτὸν
387 474 572 545 ἡμεῖς,
602 472 790 544 ἐπειδὴ
819 472 1009 543 γέγονε
1040 473 1161 528 καθ’
1190 475 1336 545 ἡμᾶς
1364 476 1393 527 6
1419 475 1599 538 αὐτός.
1646 476 1765 546 Ὀρυ

1868 491 1930 530 ex
1962 491 2071 546 quo
2105 477 2219 546 ipse
2271 474 2426 529 nobis
2460 472 2656 528 similis
2709 473 2885 531 factus
2936 486 3039 532 est.
3077 476 3243 535 Recte
3289 465 3450 552 igitur

156 562 297 627 Θῶς
335 562 625 634 τοιγαροῦν
661 564 943 630 νοοῦντες,
983 564 1182 618 εἰδέναι
1232 564 1341 637 γὰρ
1385 565 1629 635 φήσομεν
1675 566 1765 618 τὸν

1870 564 2196 635 cogitantes,
2248 562 2391 619 scire
2446 562 2684 617 dicemus
2742 562 2935 619 Filium
2990 578 3257 635 quatenus
3309 572 3449 627 Deus

162 655 316 709 Υἰδν
348 656 472 709 καθ’
504 656 533 709 ὂ
563 658 658 710 καὶ
682 661 884 710 νοεῖται
917 657 1010 711 καὶ
1050 655 1164 710 ἐστι
1197 656 1328 720 Θεός
1347 673 1359 686 ο
1389 658 1511 711 ὅσον
1545 657 1602 711 δὲ
1634 652 1766 728 ἧκεν

157 746 259 809 εἰς
307 747 600 818 ἀνθρώπου
631 746 815 816 φύσιν,
853 747 1040 817 ἐπειδὴ
1080 748 1174 801 καὶ
1205 747 1428 815 γέγονεν
1461 746 1766 817 ἄνθρωπος,

158 836 588 910 ψευδομυθήσει
627 839 877 910 οὐδαμῶς
924 840 1053 891 ὅταν
1093 838 1225 909 λέγῃ
1267 839 1361 892 καὶ
1412 840 1486 910 μὴ
1536 838 1762 891 εἰδέναι·

160 928 275 981 καὶ
308 930 431 998 οὐχί
457 931 567 993 τοῖς
594 933 692 999 τῆς
713 930 966 999 θεότητος
996 929 1267 1000 ἀξιώμασι
1290 930 1349 984 τὸ
1382 930 1572 1000 χρῆμα
1599 946 1767 999 προσ-

162 1020 420 1089 άψομεν,
465 1021 603 1074 ἀλλὰ
645 1025 708 1091 τῇ
758 1020 852 1075 τοῦ
900 1022 1085 1075 δούλου
1124 1025 1327 1093 μορφῇ,
1383 1022 1475 1075 καὶ
1528 1024 1593 1092 τῇ
1645 1020 1765 1074 καθ’

165 1113 334 1181 ἡμᾶς
400 1112 663 1182 πτωχείᾳ.
712 1114 1030 1184 Περιτίθησι
1078 1114 1155 1184 τῷ
1198 1114 1317 1184 Θεῷ
1359 1114 1517 1184 Λόγῳ
1557 1115 1624 1166 τὰ
1670 1115 1768 1167 ἁν-

164 1202 473 1271 θρώπιναο
505 1204 696 1271 γέγονε
744 1204 853 1273 γὰρ
896 1206 995 1259 οὐκ
1036 1207 1095 1259 ὲν
1139 1204 1411 1276 ἀνθρώπῳ
1446 1206 1573 1270 τινὶ,
1623 1204 1769 1258 κατά

165 1295 284 1363 τήν
314 1312 477 1346 τινων
500 1294 777 1361 ἀδουλίαν,
807 1296 924 1349 ἀλλ’
946 1297 1108 1362 αὐτὸς
1136 1299 1255 1352 κατ’
1280 1286 1768 1368 ἀλήθειανάνθρω-

167 1403 309 1449 πος,
346 1386 486 1455 μετὰ
515 1386 608 1438 τοῦ
640 1382 780 1441 εἶναι
806 1389 902 1441 καὶ
929 1388 1091 1457 φύσει
1118 1390 1271 1454 Θεός.

256 1480 407 1532 Τότε
429 1478 539 1533 δύο
565 1479 811 1535 ἔσονται
848 1482 918 1535 ἐν
941 1480 1021 1547 τῷ
1052 1481 1211 1553 ἀγρῷ
1230 1497 1243 1511 °
1281 1485 1314 1538 ὀ
1340 1476 1427 1550 εἷς
1457 1483 1769 1551 παραλαμ-

167 1567 455 1634 ϐάνεται,
490 1569 589 1623 καί
622 1572 654 1623 ό
682 1566 769 1637 εἷς
797 1571 1054 1640 ἀφίεται.

258 1662 410 1730 Ὅρα
450 1662 532 1716 ὅτι
574 1664 653 1727 είς
702 1661 797 1716 δύο
833 1665 1093 1735 τάγματα
1138 1666 1340 1737 διαιρεῖ
1368 1668 1397 1719 6
1430 1666 1590 1737 λόγος
1641 1667 1767 1730 τοὺς

169 1752 538 1823 ἀνθρώπους,
567 1754 648 1819 είς
673 1772 733 1808 τε
774 1755 884 1810 τῶν
920 1756 1239 1827 σωζομένων
1273 1759 1366 1811 καὶ
1398 1759 1506 1812 τῶν
1536 1758 1767 1812 ἀπολλυ-

175 1814 396 1914 μένων.
418 1814 534 1899 καὶ.
560 1814 689 1909 τοῦς
714 1847 813 1913 μὲν
855 1814 1196 1918 σωζομένους
1224 1848 1373 1917 λέγει
1398 1850 1767 1920 παραλαμὸά-
1799 1814 1838 1868 Β

171 1935 402 2002 νεσθαι,
429 1937 557 2001 τοὺς
585 1938 642 1991 δὲ
671 1938 1079 2008 ἀπολλυμένους
1117 1940 1396 2009 ἀφίεσθαι,
1431 1942 1600 2011 ἥγουν
1629 1943 1770 1995 ἀπο-

171 2026 606 2096 δοκιμάξεσθαι.
658 2029 854 2100 Ἀγρὸν
886 2030 943 2083 δὲ
995 2032 1216 2102 νοητέον
1256 2025 1361 2088 ὧδε
1394 2034 1487 2087 τὸν
1526 2033 1767 2105 κόσμονο

172 2116 319 2170 ἔνθα
370 2120 400 2172 6
444 2119 546 2190 μὲν
601 2121 684 2184 είς
714 2120 776 2174 τὸ
822 2120 1041 2192 πνεῦμα
1094 2123 1333 2194 σπείρων
1373 2125 1577 2196 θερίζει
1623 2128 1769 2199 ζωὴν

173 2208 411 2263 αἰώνιον
430 2227 444 2240 ·
473 2213 502 2264 ὁ
542 2211 599 2264 δὲ
628 2213 709 2275 είς
744 2212 844 2283 τὴν
868 2213 1066 2285 σάρκα,
1101 2214 1329 2287 φθοράν.
1380 2218 1513 2281 Ταῖς
1542 2218 1599 2272 δὲ
1634 2219 1771 2290 ἀλη-

174 2297 418 2364 θούσαις
460 2302 788 2372 παρεικάζει
830 2306 956 2371 τοὺς
986 2305 1360 2375 διδασκάλους,
1395 2310 1591 2375 οἵτινες
1639 2315 1772 2383 196-

174 2407 288 2444 πον
315 2395 443 2446 τινὰ
469 2393 933 2460 ἀπολεπτύνοντες
960 2395 1059 2461 τὰς
1094 2400 1370 2469 γραφικάς
1404 2402 1636 2468 ἐννοίας,
1676 2403 1769 2458 εὑ.

172 2483 511 2554 παράδεκτα
557 2486 653 2540 καὶ
689 2487 922 2559 εὐνόητα
958 2491 1070 2553 τοῖς
1099 2489 1410 2561 ἀνθρώποις
1440 2492 1509 2546 τὰ
1540 2492 1658 2546 θεῖα
1683 2494 1772 2549 λόο

174 2589 284 2641 για
315 2575 696 2644 προστιθέασι.
726 2576 836 2630 Καὶ
860 2577 969 2648 γὰρ
992 2578 1157 2649 νόμος
1179 2578 1415 2633 κελεύων
1447 2581 1522 2652 μὴ
1556 2581 1766 2653 λαμϐάε

174 2665 496 2730 νεσθαι.είς
536 2667 790 2738 ἐνέχυρον
823 2668 1011 2739 μύλον,
1049 2670 1083 2741 ἢ
1119 2670 1431 2742 έπιμύλιον,
1464 2673 1551 2725 ἵνα
1597 2673 1672 2745 μὴ
1701 2675 1772 2731 τά

173 2758 287 2828 τῆς
317 2759 530 2829 τροφῆς
568 2760 827 2831 ἐργαλεῖα
873 2761 1054 2816 λαϐών
1091 2780 1175 2827 τις
1204 2764 1470 2836 ὲμποδίσῃ
1500 2769 1612 2830 τοῖς
1646 2784 1772 2839 τρε-

176 2849 450 2920 φομένοις
487 2851 555 2906 δι’
590 2852 789 2920 αὐτῶν,
825 2854 1237 2924 αἰνιγματωδῶς
1266 2856 1392 2921 τοὺς
1420 2856 1771 2925 διδασκάλους

179 2944 584 3015 ὑποσημαίνει.

255 3035 373 3091 Καὶ
401 3037 788 3107 διχοτομήσει
815 3042 1024 3095 αὐτόν.

1866 670 1985 711 esse
2012 654 2329 725 intelligitur
2362 661 2416 709 et
2443 661 2526 708 est
2562 667 2577 707 :
2617 663 2882 723 quatenus
2913 666 3097 712 autem
3143 658 3209 711 ad
3258 660 3448 713 huma-

1868 762 1990 802 nam
2022 756 2266 800 naturam
2324 744 2576 809 accessit,
2614 759 2709 800 seu
2760 745 2920 800 homo
2953 747 3273 813 factus-est,
3305 749 3446 803 haud

1869 835 2003 890 falso
2030 835 2172 905 loqui
2209 833 2479 888 videbitur
2507 848 2628 888 cum
2664 833 2740 887 ait
2766 848 2825 888 se
2855 836 3087 888 nescire.
3140 832 3292 889 Hanc
3321 850 3449 889 vero

1869 910 1981 983 rem
2007 929 2145 982 haud
2176 928 2474 983 divinitatis
2504 928 2877 998 prterogativis
2897 928 3328 993 accensebimus,
3354 931 3447 984 sed

1868 1021 2008 1075 servi
2045 1020 2229 1074 forma:
2274 1034 2336 1074 ac
2366 1030 2565 1075 nostra:
2596 1020 2921 1089 paupertati.
2956 1019 3110 1075 Nunc
3133 1020 3241 1075 lteo
3268 1019 3447 1076 Verbo

1871 1112 2101 1165 humana
2159 1111 2455 1165 attribuit:
2494 1110 2637 1179 quod
2696 1112 2907 1179 quidem
2961 1128 3067 1166 non
3124 1113 3175 1166 in
3228 1112 3443 1191 homine

1868 1206 2070 1273 aliquo.
2103 1206 2397 1261 secundum
2429 1204 2808 1259 nonnullorum
2846 1204 3069 1260 stultam
3095 1206 3445 1271 sententiam,

1870 1305 2137 1353 versatum
2171 1306 2291 1359 est,
2327 1298 2421 1352 sed
2464 1312 2627 1352 verus
2673 1296 2814 1351 idem
2848 1299 3010 1354 homo
3055 1299 3280 1364 exstitit,
3317 1298 3463 1355 dum.

1869 1388 2026 1443 simul
2053 1398 2106 1443 et
2134 1395 2324 1457 suapte
2356 1400 2544 1443 natura
2569 1401 2715 1444 esset
2757 1391 2919 1445 Deus.

1942 1478 2131 1542 XXIV,
2161 1479 2252 1534 40.
2291 1478 2435 1532 Tunc
2459 1480 2563 1532 duo
2589 1488 2742 1533 erunt
2770 1481 2824 1533 in
2858 1497 2984 1550 agro
3006 1496 3024 1533 :
3053 1498 3186 1534 unus
3211 1497 3459 1536 αδδιιηιεο,

1869 1582 1957 1626 tur
1991 1581 2036 1625 et
2068 1588 2204 1624 unus
2229 1571 2575 1640 relinquetur.

1939 1661 2175 1716 Attende
2210 1662 2353 1729 quod
2381 1662 2433 1716 in
2466 1665 2602 1717 duos
2632 1664 2852 1718 ordines
2879 1664 3123 1719 homines
3160 1667 3245 1720 hic
3268 1682 3446 1721 sermo

1870 1755 2197 1824 distinguat,
2231 1755 2282 1808 in
2315 1768 2410 1809 eos
2444 1755 2535 1823 qui
2578 1756 2829 1809 servandi
2875 1766 3019 1819 sunt,
3055 1768 3108 1810 et
3149 1758 3199 1810 in
3231 1774 3323 1812 eos
3354 1760 3443 1826 qui

1869 1848 2117 1917 perituri.
2158 1849 2238 1902 Ac
2282 1862 2377 1903 eos
2409 1848 2626 1917 quidem
2673 1849 2763 1917 qui
2815 1849 3069 1903 servandi
3118 1859 3263 1915 sunt,
3296 1866 3448 1904 assu-

1870 1941 2092 1994 mendus
2118 1940 2290 2004 dicit;
2325 1955 2420 1994 eos
2451 1953 2580 1993 vero
2617 1939 2708 2008 qui
2750 1939 3002 2009 perituri,
3037 1940 3445 2009 relinquendos,

1871 2032 1925 2087 id
1967 2040 2050 2087 est
2111 2032 2495 2100 reprobandos.
2575 2029 2721 2098 Ager
2794 2039 2976 2085 autem
3065 2032 3448 2101 intelligendus

1872 2132 1955 2178 est
1990 2122 2077 2177 hic
2107 2122 2360 2187 mundus,
2386 2121 2499 2191 86
2522 2121 2609 2175 ubi
2636 2120 2774 2175 alius
2802 2121 3019 2190 quidem
3048 2123 3136 2190 qui
3172 2122 3221 2175 in
3251 2124 3446 2190 spiritu

1870 2215 2125 2282 seminat,
2170 2215 2325 2269 metit
2355 2214 2518 2268 vitam
2569 2224 2831 2268 aeternam
2864 2228 2877 2267 :
2908 2214 3048 2269 alius
3092 2230 3221 2269 vero
3265 2216 3353 2284 qui
3392 2216 3445 2269 iu

1870 2320 2057 2371 carne,
2099 2305 2525 2375 corruptionem.
2569 2304 2898 2361 Molentibus
2941 2316 3122 2361 autem
3161 2309 3448 2377 magistros

1872 2398 2153 2464 assimilat,
2186 2398 2277 2467 qui
2301 2398 2534 2467 quodam
2563 2398 2724 2452 modo
2752 2398 3090 2454 excutientes
3136 2400 3439 2467 scriptura~

1871 2488 1953 2544 les
2004 2489 2412 2558 intelligendas,
2461 2496 2691 2557 acceptu
2746 2487 2925 2544 facilia
2975 2505 3039 2545 ac
3087 2489 3445 2560 intelligihiliz.

1870 2580 2530 2651 proponunt-hominibus
2580 2580 2760 2635 divina
2806 2589 3095 2651 praecepta.
3144 2579 3253 2653 Lex
3299 2580 3442 2633 enim

1867 2672 2063 2742 iubens
2095 2686 2205 2726 non
2235 2672 2486 2741 accipere
2526 2671 2725 2725 molam
2758 2673 2809 2725 in
2843 2674 3056 2741 pignus,
3085 2680 3179 2725 aut
3208 2671 3352 2725 aliud
3377 2670 3444 2725 ad

1872 2764 2065 2820 molam
2091 2765 2390 2834 pertinens,
2424 2778 2491 2819 ne
2517 2764 2638 2834 quis
2664 2763 2909 2819 alimenti
2957 2764 3316 2819 instrumenta
3356 2780 3447 2817 au-

1871 2854 2072 2916 ferens.
2098 2854 2332 2910 olTendat
2367 2870 2463 2911 eos
2495 2856 2588 2925 qui
2641 2855 2710 2911 iis
2734 2856 3071 2921 nutriuntur,
3104 2854 3446 2925 aeuigmatice

1871 2948 2162 3015 magistros
2195 2947 2455 3005 insinuat.

1942 3035 2135 3103 XXIV,
2166 3036 2255 3091 51.
2298 3037 2364 3091 Et
2401 3038 2595 3092 dividet
2628 3054 2765 3093 eum.

254 3128 326 3182 Τί
356 3129 414 3181 δέ
444 3131 562 3183 ἐστι
598 3132 660 3184 16
713 3131 1156 3204 διχοτομηθῆναι,
1201 3133 1572 3206 ἐξετάσωμεν.
1597 3135 1767 3190 Ὅταν

1943 3129 2211 3196 Quidnam
2266 3139 2444 3185 autem
2509 3131 2639 3185 illud
2690 3129 2858 3185 dividi
2913 3132 3025 3194 sit,
3084 3129 3441 3199 inquiramus.

176 3224 414 3290 γέγονεν
442 3224 500 3277 ὲν
541 3223 738 3294 ἀρχαῖς
763 3226 791 3278 6
819 3224 1012 3296 Ἀδὰμ,
1047 3225 1110 3280 16
1141 3226 1527 3282 ὲντελέστατον
1572 3229 1769 3293 κάλλος

176 3312 479 3377 ἀποδιδοὺς
498 3316 564 3385 τῇ
595 3314 755 3383 φύσει
794 3317 823 3369 6
852 3315 1005 3383 Θεὸς,
1044 3315 1268 3388 μέτοχον
1309 3319 1476 3374 αὐτὸν
1514 3320 1770 3375 ἀποτελεῖ

176 3403 284 3457 τοῦ
316 3405 453 3459 ἰδίου
482 3406 814 3476 πνεύματος.
845 3428 863 3460 ι
894 3409 1226 3482 Ἐνεφύσησε
1254 3410 1366 3482 γὰρ
1404 3413 1485 3476 είς
1512 3412 1574 3466 16
1603 3413 1771 3483 πρόσ-

176 3513 340 3551 ωπον
368 3497 535 3551 αὑτοῦ
563 3498 731 3570 πνοὴν
764 3501 932 3570 ζωῆς.
961 3520 981 3552 ι
1029 3501 1104 3554 Τὸ
1139 3500 1249 3573 γάρ
1283 3502 1500 3574 ἀληθῶς
1532 3503 1769 3567 ζωοποι-

179 3585 284 3640 οῦν
313 3585 378 3641 16
417 3589 637 3660 πνεῦμά
687 3592 803 3645 ἐστι
840 3591 938 3662 τῆς
991 3590 1174 3662 ζωῆς,
1212 3594 1457 3648 τουτέστι
1505 3596 1767 3666 Χριστοῦ.

192 3679 424 3753 Ἐπειδὴ
467 3681 526 3736 δὲ
568 3682 912 3755 παρώλισθεν
965 3684 1025 3749 ἐξ
1079 3685 1298 3756 ἀπάτης
1334 3687 1414 3751 είς
1472 3688 1767 3760 ἁμαρτίαν,

180 3772 574 3845 ἀπενοσφίσθη
606 3773 669 3827 16
702 3775 953 3846 πνεῦμα·
986 3777 1374 3850 εὐδοκήσαντος
1409 3777 1466 3831 δὲ
1492 3778 1589 3832 τοῦ
1630 3779 1767 3833 Θεοῦ

180 3863 285 3916 καὶ
330 3864 547 3937 Πατρὸς
592 3867 1185 3936 ἀνακεφαλαιώσασθαι
1233 3869 1300 3925 τά
1352 3870 1529 3925 πάντα
1574 3872 1633 3926 ἐν
1689 3870 1770 3942 τῷ

178 3956 433 4027 Χριστῷ,
465 3958 559 4011 καὶ
592 3960 673 4022 είς
698 3959 760 4012 16
800 3962 1029 4032 ἀρχαῖον
1058 3962 1389 4034 ἀνακομίσαι
1430 3962 1627 4027 κάλλος
1656 3964 1757 4036 τὴν

179 4042 299 4097 τῶν
323 4044 632 4115 ἀνθρώπων
672 4048 867 4118 φύσιν⁹
896 4051 1247 4122 ἁπελάὸομεν
1279 4052 1366 4106 διὰ
1394 4055 1495 4123 τῆς
1518 4053 1765 4123 χάριτος,

179 4133 326 4204 ὅπερ
352 4135 386 4206 ἡ
409 4135 510 4205 τῆς
537 4137 813 4209 ἁμαρτίας
837 4142 1213 4213 παρεισδρομὴ
1242 4144 1389 4213 ἡμᾶς
1421 4143 1727 4213 ἐζημίωσεν
1748 4159 1762 4174 ·

178 4224 491 4298 ἐνεφύσησε
531 4230 641 4300 γὰρ
670 4231 699 4283 6
724 4232 961 4302 Χριστὸς
990 4235 1122 4304 ἡμῖν
1155 4234 1290 4305 μετά
1313 4235 1415 4307 τὴν
1443 4235 1762 4302 ἀνάστασιν,

181 4318 280 4372 καὶ
312 4320 396 4383 εἰς
423 4319 485 4372 16
516 4322 744 4391 ἀρχαῖον
772 4323 922 4393 ἡμᾶς
947 4324 1314 4389 ἀνακαινίζων
1354 4326 1550 4390 κάλλος
1569 4366 1586 4393 ,
1614 4345 1631 4377 ι
1656 4327 1767 4381 Λά-

180 4409 352 4475 ϐετε,
401 4411 566 4482 φησι,
621 4412 849 4494 Πνεῦμα
895 4416 1070 4485 ἆγιον.
1111 4435 1131 4469 ι
1185 4417 1430 4472 Ἐνοῦται
1477 4418 1766 4490 τοιγαροῦν

1868 3222 2003 3278 Cum
2057 3221 2323 3291 principio
2374 3233 2655 3279 crearetur
2684 3224 2879 3289 Adam,
2912 3222 3359 3292 perfectissimam
3393 3221 3443 3275 ei

1869 3325 2075 3372 naturae
2115 3317 2573 3389 pulchritudinem
2613 3317 2755 3371 Deus
2788 3316 2996 3380 tribuit,
3026 3314 3341 3384 participem
3383 3314 3444 3368 il-

1868 3406 1976 3460 lum
2011 3407 2093 3462 sui
2134 3409 2358 3477 spiritus
2385 3407 2643 3462 reddens.
2698 3424 2719 3458 ι
2749 3405 3042 3475 lnspiravit
3083 3404 3228 3460 enim
3277 3405 3329 3458 in
3362 3403 3443 3457 fa-

1868 3498 2008 3552 ciem
2032 3499 2150 3568 ejus
2182 3499 2513 3569 spiraculum
2546 3497 2671 3553 vita:
2694 3497 2762 3551 ⁵³.
2793 3517 2812 3550 ι
2847 3495 2987 3552 Vere
3014 3496 3161 3552 enim
3193 3495 3442 3550 vivilicus

1869 3589 2093 3659 spiritus
2122 3590 2245 3645 vita:
2273 3600 2381 3657 est,
2418 3590 2471 3644 id
2493 3598 2598 3654 est,
2632 3587 2860 3644 Christi.
2892 3588 3028 3643 Cum
3064 3594 3245 3643 autem
3279 3601 3443 3643 exor-

1868 3683 2065 3738 bitavit
2092 3696 2189 3753 per
2233 3682 2610 3752 deceptionem
2655 3683 2710 3736 in
2746 3692 3054 3751 peccatum,
3095 3682 3321 3752 Spiritus
3354 3682 3444 3736 de-

1870 3771 2150 3827 fraudatus
2174 3778 2301 3837 est;
2358 3769 2758 3839 beneplacitum
2789 3778 2973 3823 autem
3022 3767 3118 3822 Dei
3163 3782 3227 3821 ac
3268 3766 3445 3822 Patris

1868 3862 1991 3930 fuit,
2035 3862 2352 3917 summatim
2382 3862 2565 3915 omnia
2614 3860 2887 3916 recenseri
2923 3860 2975 3914 iu
3011 3859 3253 3924 Christo,
3284 3866 3341 3913 et
3377 3858 3445 3911 ad

1867 3956 2144 4024 antiquam
2175 3953 2634 4026 pulchritudinem
2681 3963 2929 4007 naturam
2963 3952 3242 4006 hominum
3287 3948 3447 4004 redu—

1866 4048 1937 4102 ci.
1996 4046 2100 4101 Per
2142 4047 2371 4116 gratiam
2414 4046 2596 4116 itaque
2635 4045 2974 4114 suscepimus
3036 4043 3111 4109 id,
3149 4055 3258 4111 quo
3309 4054 3439 4109 pec-

1865 4138 1972 4193 cati
2005 4139 2115 4209 87
2156 4138 2411 4193 incursus
2461 4153 2559 4193 nos
2617 4136 2908 4207 spoliavit;
2956 4131 3250 4189 insuﬂlavit
3299 4131 3444 4185 enim

1868 4228 2116 4284 Christus
2175 4228 2332 4283 nobis
2382 4235 2504 4296 post
2545 4227 3030 4291 resurrectionem,
3080 4233 3136 4279 et
3182 4223 3251 4276 ad
3299 4221 3436 4275 anti-

1868 4335 2029 4391 quam
2071 4320 2532 4390 pulchritudinem
2591 4334 2862 4374 renovans
2912 4333 3011 4373 nos
3054 4336 3070 4372 :
3108 4336 3128 4368 σ
3159 4316 3401 4385 Accipite
3427 4354 3442 4378 ,

1868 4412 2063 4482 inquit,
2103 4412 2364 4482 Spiritum
2403 4420 2651 4466 sanctum
2673 4410 2757 4478 “;
2790 4429 2809 4461 ι
2856 4412 3045 4464 unitur
3074 4410 3256 4478 itaque
3289 4409 3445 4462 nobis

183 4504 321 4573 ἡμῖν
349 4502 410 4556 16
442 4504 667 4575 Πνεῦμα
689 4521 703 4535 ·
725 4507 754 4559 6
778 4506 1118 4577 κολλώμενος
1140 4509 1248 4580 γὰρ
1287 4509 1432 4581 αὐτῷ
1454 4510 1513 4564 ἓν
1544 4511 1766 4584 πνεῦμά

1869 4503 2093 4573 spiritus
2124 4519 2139 4557 :
2170 4503 2261 4571 qui
2308 4502 2455 4557 enim
2512 4500 2588 4556 illi
2645 4501 2967 4570 conjunctus
3026 4510 3134 4565 est,
3178 4514 3316 4553 unus
3362 4508 3446 4551 est

182 4592 361 4645 ἔστιν.
405 4591 615 4646 Οὐκοῦν
650 4594 709 4647 ὲν
754 4597 868 4659 τοῖς
900 4598 1021 4650 κατ’
1071 4598 1352 4653 εὐσέϐειαν
1384 4601 1765 4671 σπουδάσμασι

184 4680 711 4754 κατειλη[φ]θέντες,
734 4686 844 4740 ἀπὸ
866 4688 961 4741 τοῦ
990 4689 1176 4754 τέλους
1196 4694 1256 4745 16
1281 4693 1491 4765 πλῆρες
1517 4695 1765 4768 ἀπολαμ-

184 4773 450 4843 δάνομεν,
482 4775 559 4838 ὠς
615 4778 672 4828 ὲν
712 4779 1033 4850 ἀρῤαὸῶνος
1075 4783 1227 4850 τάξει
1276 4785 1336 4838 16
1389 4787 1613 4858 Πνεῦμα
1668 4789 1764 4845 νῦν

183 4866 424 4936 ἔχοντες.
453 4870 936 4941 Κατηγορούμενοι
961 4873 1018 4927 δὲ
1046 4876 1103 4928 ὲν
1125 4877 1446 4947 ἁμαρτίαις,
1475 4881 1570 4933 καὶ
1601 4880 1764 4936 αὐτὸν

186 4958 539 5030 ζημιούμεθα
571 4961 662 5014 τὸν
699 4963 998 5035 ἀρραϐῶνα
1023 4965 1118 5019 τοῦ
1156 4966 1493 5038 Πνεύματος.
1542 4969 1765 5024 Ἀποτέ-

187 5067 391 5122 μνεται
420 5051 554 5125 γὰρ,
602 5055 698 5107 καὶ⁸
736 5056 1105 5111 ἀπανίσταται
1130 5057 1321 5131 ὥσπερ
1354 5061 1499 5115 κατά
1540 5056 1637 5115 τὸν
1664 5063 1764 5133 τῆς

186 5143 426 5213 κρίσεως
456 5145 648 5215 καιρόν
669 5163 683 5177 ο
718 5146 816 5200 καὶ
837 5148 1039 5221 ταύτην
1062 5145 1202 5204 εἷναί
1236 5168 1441 5223 φαμεν,
1480 5153 1547 5224 ἣν
1572 5153 1761 5208 ἐνθάδε

182 5234 327 5305 φησὶ
356 5236 707 5309 διχοτόμησιν
731 5257 747 5272 ο
772 5242 833 5294 οὺ
864 5241 973 5313 γὰρ
1006 5237 1118 5297 οἷόν
1150 5262 1210 5297 τε
1251 5246 1349 5300 σὺν
1374 5246 1451 5317 τῷ
1480 5245 1766 5317 Πνεύματι

182 5325 412 5396 δοθῆναί
441 5343 565 5383 τινα
591 5331 671 5393 είς
702 5330 948 5385 κόλασιν.

256 5418 646 5485 Χρονίζοντος
663 5420 731 5474 δὲ
750 5422 859 5477 τοῦ
877 5424 1162 5495 νυμφίου,
1184 5426 1531 5493 ἐνύσταξαν
1551 5428 1764 5497 πᾶσαι,

180 5509 284 5564 καί
316 5510 668 5567 ἐκάθευδον.

260 5593 454 5665 Ὕπνῳ
492 5599 818 5667 παρεικάζει
866 5601 960 5656 καὶ
1004 5604 1319 5675 νυσταγμὺν
1354 5605 1625 5661 ἀποκαλεῖ
1667 5607 1760 5664 τὸν

254 5768 299 5801 ⁸⁸
328 5768 464 5825 Gen.
494 5785 553 5839 tt,
587 5771 641 5839 7,
718 5774 758 5806 δ’
791 5772 943 5832 Joan.
975 5794 1065 5847 xx,
1088 5781 1178 5834 '22.

1869 4596 2114 4667 spiritus.
2149 4597 2332 4667 Itaque
2385 4598 2437 4651 in
2480 4598 2697 4667 pietatis
2734 4598 2930 4653 studiis
2968 4598 3174 4652 detenti
3222 4597 3436 4651 demum

1868 4689 2256 4760 plenitudinem
2294 4688 2614 4759 accipimus,
2654 4699 2908 4759 tauquam
2950 4688 3067 4743 loco
3096 4689 3274 4742 arrha:
3314 4686 3435 4755 Spi~

1870 4782 2034 4835 ritum
2078 4796 2223 4834 nunc
2264 4780 2546 4836 habentes.
2587 4781 2845 4836 Accusati
2888 4789 3068 4835 autent
3112 4781 3165 4834 in
3214 4792 3437 4848 peccatu

1869 4872 2030 4927 etiam
2059 4872 2230 4941 ipsam
2266 4872 2506 4940 Spiritus
2526 4873 2750 4927 arrham
2779 4873 3078 4943 perdimus.
3100 4872 3446 4927 Exscinditur

1869 4962 2034 5027 enim,
2065 4971 2118 5016 et
2152 4972 2209 5015 ut
2241 4971 2482 5033 tempore
2514 4961 2706 5032 judicii
2755 4964 3154 5020 exterminatur
3199 4978 3231 5017 a
3266 4963 3440 5029 nobis,

1870 5064 2034 5123 atque
2066 5054 2205 5109 hanc
2236 5069 2357 5110 esse
2384 5056 2636 5122 dicimus,
2661 5057 2729 5112 de
2765 5073 2870 5127 qua
2916 5058 3005 5113 hic
3044 5058 3179 5126 agit,
3222 5057 3445 5111 divisio-

1873 5160 2030 5211 nem;
2082 5161 2186 5199 non
2244 5147 2388 5202 enim
2434 5163 2559 5203 cum
2609 5148 2814 5219 Spiritu
2859 5150 2998 5205 tradi
3047 5163 3338 5219 possumus
3386 5148 3441 5201 in

1871 5235 2214 5306 supplicium.

1939 5421 2106 5489 XXV,
2138 5423 2194 5479 5.
2235 5422 2443 5479 Moram
2475 5436 2651 5481 autem
2683 5426 2909 5497 faciente
2936 5441 3146 5495 sponso,
3179 5424 3440 5481 dormita-

1848 5525 2044 5569 vverunt
2078 5531 2275 5581 omnes,
2307 5527 2356 5571 et
2386 5517 2738 5573 dormierunt.

1847 5636 1853 5642 ν
1935 5606 2136 5663 Somno
2174 5617 2453 5679 comparat
2482 5609 3008 5680 etpdormitationetn
3051 5621 3209 5666 vocat
3242 5624 3431 5680 corpo-
