4094 6502
754 334 860 395 MT

1789 348 1848 405 8.
1893 346 2170 408 CYRILLI
2209 351 2676 411 ALEXANDRINI
2714 355 3035 412 ARCHIEP.
3828 380 3897 440 ιη

758 465 905 506 ream
967 460 1195 510 mortem
1239 473 1255 511 :
1302 470 1423 527 quae
1478 473 1544 516 ex
1596 467 1923 523 necessitate
1975 471 2322 538 prudentibus

2432 471 2533 539 τῆς
2561 471 2762 541 σαρκὸς
2795 471 3058 527 θάνατον’
3090 470 3151 537 ὃς
3182 472 3241 539 ἐξ
3271 473 3510 546 ἀνάγκης
3542 480 3784 550 ευμδαίνει
3807 506 3897 559 φρο-

759 542 905 611 iuxta
932 544 1224 617 stuitisque
1248 551 1535 621 contingit.
1559 554 1637 611 Ae
1662 556 1929 612 malorum
1952 560 2166 628 quidem
2194 560 2328 614 nihil

756 648 942 687 secum
976 634 1263 694 ferentium
1296 641 1486 713 incipit
1512 644 1806 703 dormitare
1853 650 2053 717 anima,
2090 659 2144 705 et
2172 652 2328 720 quasi

756 724 1052 796 exstingui,
1088 739 1249 799 atque
1290 733 1341 788 in
1378 737 1670 791 amentiam
1713 739 1900 805 abire;
1951 750 2183 811 tuncque
2212 742 2329 797 exi-

758 815 985 872 stimare
1034 834 1154 876 sese
1184 825 1552 895 suppleturam
1594 831 1870 900 proprium
1901 830 2003 886 olei
2054 832 2324 903 defectum

757 908 907 962 velut
942 922 1128 967 mutuo
1158 919 1418 973 sumenda
1448 920 1649 977 virtute
1677 922 1928 977 aliorum.
1965 925 2325 991 Quamobrem

756 998 812 1052 hi
851 1000 1065 1067 quidem
1096 1007 1476 1076 reprobantur,
1510 1016 1865 1071 renuentibus
1914 1029 2158 1072 mutuum
2197 1019 2327 1074 dare

756 1089 934 1145 oleum
969 1096 1351 1166 prudentibus,
1396 1111 1453 1165 et
1486 1101 1793 1161 dicentibus
1822 1124 1835 1162 :
1865 1123 1884 1156 ι
1915 1106 1994 1162 Ne
2036 1107 2175 1163 forte
2219 1123 2325 1165 non

756 1177 985 1234 sulliciat
1045 1184 1199 1240 nobis
1253 1198 1307 1241 et
1350 1188 1523 1245 vobis.
1559 1209 1579 1243 ο
1636 1192 1738 1247 Vix
1786 1194 1932 1249 enim
1982 1197 2048 1251 ad
2096 1196 2325 1252 salutem

755 1270 950 1327 animae
999 1288 1097 1327 sua
1149 1277 1436 1362 unicuique
1483 1281 1713 1337 suliiciet
1769 1284 1974 1350 virtus,
2036 1294 2324 1355 proplel‘ea

753 1364 897 1429 quod
936 1365 1018 1419 vel
1047 1367 1078 1419 ii
1109 1369 1271 1422 etiam
1304 1371 1395 1439 qui
1429 1373 1582 1427 valde
1614 1377 1787 1430 sancti
1835 1386 1982 1441 sunt,
2016 1379 2212 1446 saepius
2239 1378 2324 1433 of-

2434 563 2612 633 νίμοις
2635 580 2693 616 τε
2722 563 2815 618 καὶ
2842 563 3128 628 άσυνέτοις
3147 579 3162 597 ο
3185 564 3294 618 τῶν
3319 565 3424 637 γὰρ
3447 568 3647 637 φαύλων
3668 576 3801 645 μηδὲν
3819 583 3899 637 ἐπι.

2433 653 2751 724 φερομένων
2807 651 3035 724 ἄρχεται
3068 653 3416 726 νυστάζεινὴ
3462 654 3629 729 ψυχὴ,
3672 663 3752 715 καὶ
3792 668 3901 723 olom

2435 743 2903 798 κατασσέννυσθαι
2923 785 2938 810 ,
2976 744 3072 798 καὶ
3105 747 3187 809 είς
3214 748 3624 820 παραφροσύνην
3642 757 3818 823 χωρεῖν,
3842 763 3901 814 καὶ

2434 834 2683 905 οἰηθῆναι
2716 835 2895 889 ἔλαιον
2934 835 3120 890 λαϐεῖν
3169 836 3258 890 διὰ
3297 838 3396 907 τῆς
3424 839 3613 910 ἐτέρων
3644 844 3821 916 ἀρετῆς.
3842 852 3902 904 Διὸ

2433 926 2929 997 άποδοκιμάζονται
2948 966 2963 989 ,
2998 926 3271 1010 λεγόντων.
3298 929 3545 984 ἐκείνωνο
3586 951 3602 983 ι
3625 934 3809 1003 Μήποτε
3838 942 3901 1010 ἀρ-

2435 1016 2571 1087 κέσῃ
2616 1018 2749 1088 ἡμῖν
2778 1034 2837 1070 τε
2881 1018 2973 1071 καὶ
3019 1018 3170 1088 ὑμῖν.
3207 1037 3226 1071 ι
3257 1008 3427 1081 Μόλις
3453 1019 3558 1091 γὰρ
3593 1023 3783 1092 ἀρκέσει
3814 1008 3903 1099 api;

2434 1107 2711 1176 σωτηρίαν
2738 1107 2918 1179 ψυχῆς
2959 1110 2992 1180 η
3048 1109 3279 1163 ἑκάστου
3326 1110 3490 1181 ἀρετή
3518 1127 3532 1140 ⁸
3579 1112 3658 1166 διὰ
3701 1115 3752 1167 τὸ
3790 1118 3903 1172 πολλὰ

2430 1198 2649 1252 πταίειν
2671 1199 2769 1263 καὶ
2799 1200 2927 1262 τοὺς
2951 1199 3092 1268 ἄγαν
3114 1200 3396 1263 ἐπιεικεῖς.
3421 1203 3482 1256 Ol
3502 1202 3559 1256 δὲ
3593 1204 3843 1271 πωλοῦντες
3864 1213 3903 1265 τὸ

2431 1289 2613 1344 ἔλαιον
2639 1290 2748 1343 εἰσὶ
2801 1290 3102 1361 προφῆται,
3130 1290 3439 1356 ἀπόστολοι,
3490 1292 3843 1361 εὐαγγελισταί·
3866 1301 3904 1365 ἐξ

2431 1373 2507 1434 ὧν
2531 1397 2616 1443 τις
2652 1380 2912 1450 μανθάνει
2941 1379 3039 1449 τὴν
3065 1380 3266 1451 ἀρετὴν
3297 1380 3637 1452 ἐργάζεσθαι.

753 1451 993 1508 tendant.
1046 1455 1214 1512 Porro
1266 1461 1357 1529 qui
1423 1465 1665 1519 vendunt
1710 1466 1911 1533 oleum,
1978 1468 2094 1539 88
2147 1478 2274 1524 sunt
2343 1471 2640 1541 pr0pbette,
2699 1471 2951 1541 apostoli,
2998 1451 3368 1541 evangelistte,
3426 1486 3492 1529 ex
3536 1474 3712 1543 quibus
3753 1479 3903 1536 cuilibet

755 1546 976 1601 discere
1014 1562 1319 1619 promptum
1366 1558 1635 1623 quomodo
1673 1559 1745 1614 sit
1790 1561 1965 1617 virtus
1998 1562 2327 1618 exercenda.

826 1636 959 1690 Cum
989 1636 1289 1710 Scriptum
1330 1659 1446 1699 mos
1484 1647 1557 1700 sit
1580 1649 1748 1701 vitam
1786 1658 1952 1705 totam
1997 1652 2051 1706 in
2086 1652 2326 1722 quinque

2517 1650 2736 1723 Ἐπειδὴ
2766 1650 2856 1705 τὸν
2887 1651 3104 1707 ἅπαντα
3132 1652 3248 1723 βίον
3274 1651 3394 1716 ἔθος
3418 1656 3484 1724 τῇ
3510 1654 3681 1725 Γραφῇ
3712 1656 3775 1720 είς
3797 1659 3902 1713 πέντε

752 1734 995 1796 tempora
1041 1732 1303 1799 dividere,
1349 1737 1639 1806 unicuique
1666 1743 1894 1811 tempori
1928 1753 2147 1800 sanctas
2196 1746 2322 1800 stul-

2431 1742 2680 1815 διαιρεῖν,
2714 1743 2932 1809 ἑκάστῳ
2957 1743 3134 1814 καιρῷ
3156 1743 3421 1813 ἀπονέμει
3449 1744 3543 1797 καὶ
3563 1745 3717 1810 όσίας,
3736 1749 3809 1800 καὶ
3830 1767 3902 1819 μυ.

753 1824 944 1886 tasque
996 1822 1203 1879 animas
1250 1827 1517 1895 assignat,
1575 1830 1626 1883 in
1678 1847 1786 1901 quo
1840 1848 2030 1890 omnes
2076 1836 2322 1893 exierunt

2435 1834 2537 1906 ρὰς
2555 1835 2733 1905 ψυχάς
2757 1848 2773 1864 °
2794 1836 2852 1890 ὲν
2876 1829 2919 1903 ᾧ
2940 1835 2997 1890 δὲ
3020 1837 3191 1889 πᾶσαι
3216 1835 3441 1905 ἐξῆλθον
3467 1836 3560 1889 σὺν
3583 1839 3689 1901 ταῖς
3712 1838 3902 1909 λαμπάσι,

750 1920 874 1957 cum
918 1907 1256 1978 lampadibus
1294 1930 1307 1967 :
1340 1923 1397 1968 ut
1436 1919 1688 1973 ostendat
1738 1923 1978 1978 omnium
2035 1925 2246 1982 animas
2294 1943 2325 1983 a

754 1996 867 2051 Deo
925 1997 1090 2055 fuisse
1143 2002 1515 2071 illuminatas,
1560 2012 1789 2066 naturali
1834 2014 2144 2086 scriptaque
2186 2017 2322 2088 lege.

755 2086 985 2153 Quidam
1025 2100 1201 2147 tamen
1250 2095 1343 2150 Dei
1398 2097 1593 2164 lucem,
1645 2104 1888 2160 modeste
1931 2106 2165 2164 vivendo
2214 2086 2325 2165 non

752 2179 1130 2249 admiserunt;
1161 2184 1380 2253 quidam
1418 2203 1548 2246 vero
1585 2190 1741 2247 bouis
1766 2197 2027 2263 operibus
2053 2197 2326 2255 illumina-

755 2270 920 2324 tivam
967 2272 1061 2327 Dei
1118 2278 1350 2344 gratiam
1400 2281 1503 2337 sibi
1552 2298 1871 2341 concessam
1919 2291 2196 2345 cumulate
2246 2308 2327 2348 re-

750 2359 1127 2425 splendescere
1158 2366 1381 2438 faciunt,
1408 2386 1473 2427 ac
1498 2387 1620 2430 sese
1654 2376 1820 2431 etiam
1843 2377 2056 2448 juvant,
2081 2381 2328 2453 aliosque

706 2448 719 2518 ζ
753 2452 819 2543 ad
860 2452 952 2509 Dei
994 2456 1244 2525 gloriam.
1295 2460 1484 2519 Oleum
1536 2476 1719 2522 autem
1764 2469 2171 2543 intelligendum
2218 2448 2321 2543 est,

708 2566 715 2617 ε
752 2541 890 2595 bona
932 2548 1137 2601 amoris
1167 2554 1431 2618 operatio,
1467 2570 1573 2625 qua
1625 2574 1731 2615 non
1762 2541 2079 2629 exsistente,
2122 2566 2190 2621 ad
2222 2541 2327 2622 im?-

753 2635 1045 2700 puritatem
1106 2643 1299 2697 transit
1339 2644 1520 2701 lumen
1559 2646 1677 2714 Dei,
1735 2653 1876 2720 quod
1919 2653 1971 2707 in
2023 2656 2180 2710 uobis
2216 2665 2321 2711 est.

756 2723 959 2780 Somno
976 2739 1154 2783 autem
1176 2745 1270 2786 seu
1293 2734 1660 2795 dortuitationi
1686 2742 1953 2797 assimilat
1981 2746 2163 2799 carnis
2179 2760 2324 2801 mor-

758 2827 864 2873 tem
891 2835 1012 2888 qua:
1040 2837 1107 2876 ex
1133 2826 1721 2887 necessitateomnibus
1750 2833 2034 2901 incumbit,
2056 2835 2325 2907 89quos

753 2912 1042 2968 resuscitat
1098 2923 1409 2987 angelorum
1463 2923 1613 2989 tuba,
1676 2940 1706 2978 a
1768 2934 1942 2982 morte
2004 2930 2320 2996 exinanita,

753 3017 1047 3075 omnesque
1106 3011 1173 3063 ad
1229 3024 1444 3066 causam
1487 3013 1771 3070 dicendam
1830 3022 2322 3090 prmparabuutur:

2432 1925 2706 1981 δείκνυσιν
2735 1926 2819 1979 ὅτι
2869 1928 3041 1979 πᾶσαι
3077 1929 3131 1982 αί
3166 1926 3338 1995 ψυχαὶ
3378 1928 3814 1998 κατεφωτίσθησαν
3837 1933 3904 1986 ὑπὸ

2430 2015 2566 2070 Θεοῦ
2597 2016 2679 2086 τῷ
2711 2016 2925 2086 φυσικῷ
2960 2017 3055 2071 καὶ
3082 2015 3159 2088 τῷ
3200 2016 3430 2087 γραπτῷ
3479 2016 3642 2087 νόμῳ,
3669 2020 3783 2089 πλήν
3812 2039 3903 2086 τινες

2430 2107 2520 2161 τὸν
2544 2108 2609 2160 ἐκ
2635 2106 2768 2161 Θεοῦ
2796 2108 3079 2178 φωτισμὸν
3106 2108 3209 2161 οὐκ
3237 2107 3526 2178 ἠνέσχοντο
3551 2109 3775 2174 ἐπιεικῶς
3792 2112 3902 2178 ζήσα-

2433 2211 2555 2249 σαι·
2589 2196 2734 2260 τινὲς
2770 2196 2828 2250 δὲ
2871 2197 2940 2251 δι’
2978 2197 3154 2268 ἔργων
3185 2197 3408 2266 ἀγαθῶν
3453 2197 3697 2252 ὲπιπλέον
3737 2201 3903 2262 ποιοῦσιν

2431 2286 2734 2357 ἐκλάμπειν
2767 2286 2864 2358 τὴν
2901 2289 2969 2342 ὲκ
3016 2287 3151 2341 Θεοῦ
3178 2286 3425 2342 δοθεῖσαν
3463 2288 3636 2351 αὐτοξ
3659 2293 3904 2360 φωτιστικὴν

2431 2379 2611 2451 χάριν,
2640 2380 2734 2434 καὶ
2760 2379 3029 2450 ὠφελοῦσι
3068 2380 3164 2434 καὶ
3191 2379 3422 2446 ἑαυτοὺς
3452 2380 3546 2433 καὶ
3566 2379 3756 2450 ἐτέρους
3777 2382 3834 2442 εἰς
3854 2382 3905 2434 66-

2431 2470 2703 2540 €av_9605.
2729 2473 2949 2527 Ἕλαιον
2969 2472 3027 2527 δὲ
3050 2472 3293 2545 νοητέον,
3322 2473 3424 2543 τὴν
3448 2470 3652 2542 ἀγαθὴν
3674 2472 3899 2543 φιλεργίαν,

2429 2556 2497 2633 ἧς
2543 2563 2619 2633 μὴ
2650 2560 2838 2633 οὔσης,
2860 2563 2951 2618 ἐπὶ
2984 2562 3047 2617 τὸ
3080 2561 3481 2635 ἀκαλλέστερον
3529 2562 3801 2633 μεταϐαίνει
3829 2563 3906 2614 ὀὲν

2430 2657 2564 2726 ἡμῖν
2598 2655 2739 2720 θεῖος
2779 2655 3079 2725 φωτισμός,
3111 2655 3303 2725 Ὕπνῳ
3334 2654 3394 2708 δὲ
3428 2654 3461 2724 ἢ
3492 2653 3756 2723 cuna-mg,
3780 2669 3905 2722 παρει.

2429 2746 2588 2811 κάζει
2613 2746 2705 2801 τὸν
2730 2746 2827 2816 τῆς
2854 2748 3056 2817 σαρκὸς
3098 2745 3347 2808 θάνατον,
3371 2744 3432 2810 ὃς
3466 2744 3526 2811 ἐξ
3555 2744 3770 2815 ἀνάγκης
3797 2745 3905 2795 πᾶσιν

2429 2842 2663 2917 ἔπεισιν,
2685 2841 2778 2904 οὓς
2802 2842 3084 2910 ἀνίστησιν
3112 2841 3146 2910 ὴ
3175 2838 3283 2892 τῶν
3308 2838 3561 2907 ἀγγέλων
3589 2836 3805 2905 σάλπιγξ,
3823 2851 3906 2890 κατ-

2431 2934 2769 3005 αργηθέντος
2800 2932 2892 2987 τοῦ
2915 2931 3169 2996 θανάτου,
3206 2931 3301 2984 καὶ
3335 2930 3542 2993 πάντες
3577 2926 3907 3001 εὐτρεπίζονται

2430 3028 2511 3090 εἰς
2540 3024 2838 3093 ἀπολογίαν
2857 3040 2873 3057 ο
2910 3022 3070 3077 τοῦτο
3099 3023 3210 3093 γάρ
3239 3024 3356 3075 ἐστι
3386 3021 3448 3074 τὸ
3498 3019 3817 3090 διακοσμῆσαι
3850 3020 3905 3079 τὰς

758 3094 862 3147 hoc
894 3098 1037 3152 enim
1089 3111 1171 3155 est
1220 3117 1415 3159 ornare
1456 3105 1753 3176 lampades,
1790 3126 2115 3180 unoquoque
2159 3115 2322 3170 vitam

2431 3118 2732 3189 λαμπάδας,
2780 3108 3011 3173 ἑκάστου
3061 3115 3154 3168 τὸν
3188 3114 3320 3168 ἴδιον
3372 3112 3792 3183 ἀναλογιζόμενον
3820 3110 3906 3182 βίον.

752 3204 905 3243 suam
938 3203 1275 3279 recensente.
1308 3193 1681 3266 lmproborum
1712 3211 1893 3255 autem
1926 3203 2204 3258 hominum
2235 3220 2328 3275 ge-

755 3298 905 3338 utere
932 3284 1121 3356 incipit
1144 3288 1347 3355 anima,
1374 3301 1429 3345 et
1451 3293 1851 3362 quodammodo
1870 3295 1939 3350 ad
1963 3296 2325 3366 insipientiam

704 3392 709 3415 ι
755 3387 998 3443 vergere,
1042 3378 1177 3433 adeo
1212 3389 1273 3434 ut
1308 3391 1502 3450 putent
1530 3396 1650 3437 sese
1678 3398 1775 3453 per
1800 3383 2033 3439 aliorum
2070 3385 2326 3442 virtutem

756 3465 1187 3523 misericordiam
1231 3474 1489 3543 consequi
1531 3490 1712 3544 posse,
1758 3477 1988 3548 ideoque
2024 3481 2327 3548 reproban-

757 3565 883 3621 tur;
938 3560 1026 3612 vix
1068 3561 1213 3615 enim
1272 3564 1701 3637 uniuscujusque
1747 3570 1922 3625 virtus
1979 3570 2207 3626 sufﬁciet
2260 3572 2327 3627 ad

756 3649 1008 3717 salutem,
1047 3666 1113 3706 eo
1148 3656 1288 3723 quod
1342 3656 1395 3710 iu
1447 3658 1628 3712 multis
1673 3661 1870 3714 cadant
1906 3660 2176 3731 nimisque
2218 3664 2328 3718 sint

757 3739 991 3795 remissi.
1023 3740 1328 3800 Vendentes
1358 3756 1537 3803 autem
1560 3758 1687 3805 sunt
1709 3760 1983 3808 rectorum
2015 3755 2324 3826 dogmatum

763 3830 1030 3897 magistri,
1076 3846 1173 3901 per
1199 3849 1335 3903 quos
1367 3836 1563 3907 aliquis
1607 3840 1771 3895 discit
1811 3842 2100 3898 virtutem.
2134 3845 2326 3902 Emere

759 3931 961 3986 autem,
1005 3923 1119 3979 sive
1166 3926 1348 3981 doceri
1395 3937 1605 3998 tempus
1653 3946 1756 3985 non
1801 3933 2073 4001 permisit,
2133 3950 2323 3991 eorum

754 4026 876 4079 qua:
913 4014 964 4066 in
1011 4015 1118 4069 vita
1167 4027 1288 4072 acta
1330 4030 1455 4075 sunt
1486 4020 1690 4077 faciens
1735 4023 2162 4093 inquisitionem,
2216 4043 2323 4084 non

754 4105 891 4159 dans
917 4107 1239 4178 principium
1271 4114 1624 4180 operationis.
1652 4115 1995 4186 Operationis
2014 4120 2160 4175 enim
2191 4137 2327 4190 pra:—

753 4209 878 4248 seus
911 4206 1117 4266 tempus
1147 4209 1249 4264 est,
1287 4201 1527 4258 futurum
1556 4214 1735 4260 autem
1776 4209 2252 4265 remunerationis.

826 4285 989 4352 XXV,
1024 4289 1105 4344 ﬂ.
1150 4290 1298 4346 Sicut
1322 4295 1461 4348 enim
1482 4297 1634 4352 homo
1656 4312 1870 4368 peregre
1896 4299 2252 4368 proﬁciscens.

827 4374 995 4432 Homo
1030 4380 1249 4448 quidem
1282 4386 1671 4454 paterfamilias
1698 4388 1856 4456 hujus
1884 4390 2121 4445 universi
2152 4389 2321 4446 Crea-

2431 3206 2552 3262 Τῶν
2584 3207 2641 3263 δὲ
2698 3205 2918 3275 φαύλων
2967 3204 3202 3277 ἄρχεται
3246 3202 3629 3273 στυγνάζεινὴ
3671 3201 3816 3271 ψυχὴ,
3850 3198 3907 3251 ul
3990 3266 3993 3269 Α

2428 3298 2599 3352 οἱονεὶ
2628 3298 2713 3361 εἰς
2747 3296 3180 3368 παραφροσύνην
3216 3298 3437 3365 χωρεῖν,
3473 3293 3610 3348 ὥστε
3632 3292 3833 3363 οἰηθῆναι
3851 3290 3907 3343 si-

2426 3391 2555 3454 τοὺς
2595 3390 2685 3444 διὰ
2714 3390 2811 3460 τῆς
2848 3390 3051 3457 ἐτέρων
3090 3387 3290 3459 ἀρετῆς
3342 3386 3658 3458 ἐλεηθῆναι·
3693 3384 3760 3438 διὸ
3784 3382 3909 3436 ἀποδο-

2428 3481 2793 3552 κιμάζονται·
2851 3481 3005 3550 μόλις
3050 3478 3161 3548 γὰρ
3209 3477 3437 3550 ἀρκέσει
3486 3477 3619 3549 πρὸς
3666 3473 3909 3547 σωτηρίανῄ

2426 3576 2659 3631 ἑκάστου
2687 3573 2878 3646 ἀρετὴ,
2909 3572 2996 3626 διὰ
3024 3571 3086 3624 τὸ
3115 3570 3288 3624 πολλά
3322 3570 3542 3623 πταίειν
3578 3568 3665 3622 καὶ
3704 3567 3803 3628 τοὺς
3820 3564 3908 3630 ἄγαν

2426 3667 2711 3729 ἐπιεικεῖς.
2746 3667 2811 3720 Ol.
2847 3666 2905 3719 δὲ
2934 3662 3244 3726 πωλοῦντες
3281 3661 3426 3715 είσὶν
3476 3662 3526 3715 οἱ
3559 3648 3662 3715 τῶν
3693 3658 3833 3729 ὀρθῶν
3855 3655 3909 3707 ἂρ

2424 3760 2654 3829 γμάτων
2675 3755 3008 3823 διδάσκαλοι,
3034 3754 3100 3809 δι’
3135 3771 3211 3809 ων
3244 3770 3327 3817 τις
3370 3752 3631 3824 μανθάνει
3654 3751 3739 3820 τὴν
3758 3748 3907 3819 ἀρετήν.

2439 3846 2765 3918 Ὠνήσασθαι
2792 3846 2869 3910 δὲ,
2900 3846 3016 3917 ἦτοι
3044 3843 3386 3916 διδαχθῆναι,
3415 3844 3444 3895 ὁ
3481 3840 3667 3921 καιρὸς
3688 3841 3773 3894 οὐκ
3794 3839 3909 3897 εἴασε.

2424 3936 2534 3991 τῶν
2582 3936 2928 4006 βεϐιωμένων
2979 3932 3306 4003 ποιούμενος
3356 3931 3643 3998 ἐξέτασιν,
3678 3929 3763 3982 οὐκ
3795 3926 3909 3995 ἀρχὴν

2426 4027 2690 4099 ἐργασίας
2728 4025 2925 4089 διδούς.
2984 4023 3283 4095 Ἐργασίας
3333 4025 3364 4079 ό
3406 4021 3599 4095 παρὼν
3631 4019 3810 4092 καιρὸς,
3837 4014 3910 4070 ὁδὶ

2428 4119 2638 4191 μέλλων
2665 4117 3099 4180 ἀνταποδόσεως.

2499 4294 2730 4362 ’Ὠσπερ
2758 4292 2868 4363 γὰρ
2899 4291 3211 4360 ἅνθρωπος
3239 4289 3589 4361 ἀποδημῶν.

2499 4385 2825 4457 Ἀνθρωπος
2852 4383 2953 4454 μὲν
2977 4382 3365 4453 οἰκοδεσπότης
3401 4382 3434 4434 ό
3467 4379 3619 4434 τοῦδε
3650 4376 3735 4432 τοῦ
3779 4372 3913 4435 παντὸς

757 4475 842 4520 tor
884 4482 948 4522 ac
990 4471 1247 4527 Dominus
1292 4484 1412 4541 est;
1470 4477 1739 4548 profectio
1782 4489 1963 4535 autem
2013 4480 2160 4537 illius
2220 4496 2316 4537 seu

2431 4474 2766 4546 Δημιουργός
2786 4492 2849 4528 τε
2872 4474 2966 4528 καὶ
2994 4472 3197 4545 Κύριος
3220 4487 3233 4499 ⁸
3265 4471 3552 4541 ἀποδημία
3577 4471 3633 4524 δὲ
3656 4467 3817 4532 αὐτοῦ,
3836 4466 3913 4536 ητα

751 4575 1009 4616 ascensus
1052 4562 1108 4616 in
1155 4564 1375 4630 coelum,
1419 4581 1514 4622 seu
1564 4569 1827 4625 securitas
1865 4586 1930 4626 ac
1974 4571 2319 4629 invisibilitas

750 4651 947 4707 divinae
995 4668 1207 4711 natura
1245 4669 1367 4723 est;
1413 4663 1724 4716 substantiae
1768 4671 1950 4717 autem
2003 4662 2147 4717 illius
2191 4672 2320 4719 sunt

749 4758 1073 4813 unaquaque
1128 4748 1183 4801 in
1227 4750 1445 4817 regione
1488 4751 1540 4805 in
1585 4767 1706 4807 eum
1750 4754 2056 4810 credentes.
2115 4754 2318 4812 Servos

751 4843 933 4889 autem
965 4850 1094 4892 suos
1131 4848 1306 4903 vocat,
1348 4855 1483 4910 quos
1520 4842 1753 4900 diversis
1786 4845 2119 4914 temporibus
2159 4845 2319 4902 Chri-

750 4935 871 4981 stus
896 4939 1121 4985 coronat
1163 4933 1452 4989 sacerdotii
1495 4934 1709 4998 decore,
1748 4937 1944 5005 quibus
1988 4939 2152 4992 etiam
2185 4938 2315 4994 sub-

749 5019 891 5073 ditos
921 5035 1050 5075 suos
1081 5022 1268 5087 tradit,
1291 5023 1402 5095 90
1427 5026 1719 5096 unicuique
1761 5027 1895 5082 dans
1932 5031 2160 5098 gratiam
2205 5033 2317 5099 spi-

752 5110 1021 5177 ritualem,
1051 5130 1148 5180 pro
1191 5117 1613 5189 uniuscujusque
1659 5129 1841 5175 meute
1883 5136 1947 5175 ac
1990 5121 2312 5191 capacitate.

753 5201 905 5257 llunc
934 5204 1078 5258 enim
1106 5220 1227 5261 esse
1255 5208 1483 5264 dicimus
1524 5211 1845 5265 talentorum
1879 5211 2313 5269 distributionem

750 5306 858 5345 non
905 5294 1096 5363 arquaIi
1146 5312 1395 5352 mensura
1438 5299 1611 5354 servis
1657 5300 1907 5356 omnibus
1947 5302 2313 5371 distributam,

750 5384 819 5433 oh
864 5383 1030 5439 animi
1061 5387 1413 5455 varietatem;
1458 5392 1641 5446 statim
1690 5401 1868 5447 autem
1897 5392 2161 5450 abeuntes
2188 5409 2316 5466 ope-

754 5473 855 5527 rati
892 5486 1040 5541 sunt,
1078 5477 1272 5548 inquit,
1310 5480 1401 5535 illo
1445 5483 1626 5538 statim
1661 5483 1817 5541 nobis
1862 5483 1951 5538 hic
1986 5484 2316 5553 insinuante,

751 5562 873 5617 sine
895 5564 1000 5617 ulla
1024 5568 1373 5626 cunctatione
1391 5572 1717 5639 perficienda
1746 5588 1886 5637 esse.
1909 5590 2028 5644 qua:
2048 5574 2140 5631 Dei
2168 5586 2315 5643 sunt,

752 5665 976 5711 veterno
1022 5658 1285 5727 siquidem
1338 5678 1401 5715 uc
1449 5664 1680 5733 pigritia
1730 5665 1891 5720 dediti
1958 5666 2012 5721 in
2057 5670 2317 5724 extremis

758 5756 914 5799 erunt
942 5749 1120 5803 malis.
1148 5749 1359 5807 Defodit
1390 5754 1556 5818 enim,
1586 5756 1680 5818 ait,
1714 5756 1893 5812 datum
1921 5758 2023 5815 sibi
2056 5760 2315 5816 talentum

2420 4566 2587 4641 [ή1εἰς
2623 4568 2887 4639 οὐρανοὺς
2932 4566 3197 4628 ἀνάϐασις
3242 4564 3337 4616 τοῦ
3387 4564 3662 4634 Χριστοῦ,
3709 4562 3841 4630 {now
3875 4552 3912 4605 τὸ

2419 4658 2662 4728 ἀσφαλές
2676 4674 2737 4712 τε
2758 4659 2855 4712 καὶ
2878 4656 3121 4711 ἄποπτον
3140 4658 3238 4726 τῆς
3257 4654 3405 4718 θείας
3422 4654 3659 4723 φύσεως·
3684 4651 3915 4721 ὑπάρχοντι

2420 4750 2477 4805 δὲ
2496 4749 2685 4816 αὐτοῦ,
2708 4751 2758 4803 οἱ
2782 4754 2839 4801 ὲν
2869 4748 3075 4820 ἑκάστῃ
3105 4746 3258 4818 χώρα
3282 4744 3681 4805 πιστεύσαντες
3699 4742 3767 4804 είς
3789 4736 3911 4791 αὑτὸν.

2419 4842 2649 4907 Δούλους
2676 4841 2733 4895 δὲ
2761 4840 2926 4895 αὑτοῦ
2961 4839 3117 4893 καλεῖ
3141 4836 3236 4900 οὓς
3263 4837 3407 4891 κατά
3449 4835 3678 4907 καιροὺς
3698 4835 3723 4886 ό
3749 4828 3914 4899 Χριστὸς

2421 4937 2674 5004 στεφανοῖ
2695 4933 2773 5004 τῷ
2802 4934 2900 5002 τῆς
2924 4931 3228 5003 ἱερωσύνης
3249 4930 3557 5001 αὐχήματι,
3586 4922 3665 4989 οἷς
3693 4924 3773 4978 καὶ
3792 4933 3914 4988 παρι-

2415 5027 2601 5081 δίδωσι
2628 5027 2755 5088 τοὺς
2782 5024 2873 5079 ὑπ’
2908 5024 3071 5078 αὑτὸν
3104 5022 3422 5091 γεγονότας,
3458 5019 3704 5090 χάρισμα
3736 5024 3910 5077 πνευμα-

2417 5116 2569 5170 τικὸν
2606 5117 2820 5186 ἑκάστῳ
2853 5116 3051 5178 διδοὺς,
3084 5113 3175 5204 ὡς*
3199 5113 3266 5204 ἂν
3311 5112 3407 5183 ἔχῃ
3446 5107 3753 5204 γνώμης,-ῆ
3779 5106 3913 5204 Et???

2416 5208 2707 5280 δειότητος.
2732 5206 2949 5276 Ταύτην
2985 5205 3091 5276 γὰρ
3124 5198 3262 5258 εἶναί
3303 5220 3490 5274 φαμεν
3523 5201 3622 5272 τὴν
3653 5197 3751 5251 τῶν
3771 5197 3912 5248 ταλάν-

2417 5318 2524 5354 των
2565 5299 2826 5371 διανομὴν
2845 5337 2861 5363 ο
2885 5299 2985 5352 οὐκ
3011 5299 3068 5350 έν
3093 5298 3193 5367 ἴσῳ
3228 5296 3412 5368 μέτρῳ
3441 5296 3557 5357 τοῖς
3586 5290 3913 5387 οίκέταιςλῗῗ

2416 5392 2731 5463 ηγουμένην
2761 5390 2848 5445 διὰ
2869 5390 2931 5443 τὸ
2954 5390 3053 5460 τῆς
3077 5388 3317 5452 διανοίας
3354 5386 3764 5481 ἐξηλλαῖμέγφῖ,

2416 5484 2474 5537 δὲ
2501 5482 2828 5545 ἀπελθόντες
2872 5479 3221 5552 εἰργάσαντ),
3263 5478 3438 5550 φησί’
3498 5477 3592 5531 τοῦ
3625 5474 3787 5538 εὐθὺς
3823 5471 3911 5537 ἡμῖν

2419 5574 2649 5630 ἐνταῦθα
2673 5575 3052 5647 σημαίνοντος,
3080 5573 3162 5626 ὅτι
3194 5569 3512 5644 μελλησμοῦ
3533 5586 3672 5633 τινος
3692 5555 3907 5659 δίχαᾼπρξ·

2422 5685 2510 5721 ποι
2534 5668 2601 5723 ἂν
2621 5667 2953 5739 ἐργάζεσθαι
2980 5666 3048 5719 τὰ
3071 5665 3207 5719 Θεοῦ
3222 5681 3236 5694 ·
3266 5665 3381 5732 οἵγε
3404 5664 3516 5734 μὴν
3540 5663 3677 5731 ὄκνῳ
3699 5658 3777 5712 καὶ
3792 5655 3907 5721 ἀργίῖ

2419 5759 2805 5830 δεδουλωμένοι
2834 5760 2891 5813 ὲν
2915 5757 3163 5830 ἐσχάτοις
3196 5757 3403 5812 ἔσονται
3449 5757 3651 5818 κακοῖς.
3683 5745 3906 5814 Κατίχωσε
