4130 6400
353 337 548 348 -υ-.›ο---
822 325 1386 344 -σή-υ-ὴ--σκ--ιωο-ο-
1689 327 1699 335 ι
1943 327 1968 334 -ο
2411 321 3124 335 -ου---ι--ι-ε--ι--ο--ᾜ-
3517 325 3568 332 -,,,

911 643 1814 829 SANCTI
1999 643 3028 823 CYBILLI

1395 1059 1400 1072 ‘
1439 1053 1916 1112 ALEXANDRIAS
1974 1052 2504 1114 ARCHIEPISCOPI

417 1308 1591 1429 COMMENTARIORUM
1674 1328 1804 1421 IN
1887 1329 2076 1466 x11
2154 1326 2866 1444 PROBH‘ETA‘S
2938 1327 3488 1428 MINORES

1654 1621 2101 1686 CONTINUA
2116 1622 2281 1687 T10.

1753 1854 2155 1870 Phi

729 2156 976 2276 ΕΙΣ
1047 2155 1370 2276 ΤΟΝ
1451 2155 2325 2275 ΠΡΟΦΗΤΗΝ
2404 2095 3188 2276 ΖΑΧΑΡΙΑΝ

1466 2437 1812 2497 ΕΞΠΙἮΣΙΣ
1867 2443 2476 2501 ΥΠΟΜΝΗΜᾹΤῙΚΗ.

949 2820 1098 2936 ΙΝ
1177 2819 2025 2940 ZACHABIAM
2113 2821 2998 2939 PROPHETAM

1602 3125 2362 3220 COMMENTARIUS

1672 3363 1956 3414 Contmens
1989 3368 2148 3416 tomos
2181 3376 2271 3414 sex
2286 3393 2304 3412 .

1927 3568 2001 3583 ἡ

781 3677 1451 3813 ΠΡΟΟΙΜΙΟΝ.

384 3904 467 3962 A'.
507 3905 866 3978 Προφητεύει
915 3921 1014 3976 μεν
1044 3906 1074 3960 ὁ
1114 3906 1384 3977 μακάριος
1409 3905 1690 3978 Ζαχαρίας
1730 3906 1790 3959 ὲν
1819 3912 1932 3971 τοῖς

324 3997 746 4071 Ἰεροσολύμοις
796 3997 939 4052 κατὰ
983 3999 1112 4062 τοὺς
1163 3998 1384 4062 αὐτοὺς,
1445 3993 1637 4070 οἶμαι,
1679 3997 1928 4070 χρόνους,

316 4093 439 4148 καθ’
465 4091 573 4156 οὓς
615 4092 714 4146 καὶ
760 4093 788 4146 ὁ
819 4091 1100 4160 Σοφονίας.
1131 4089 1288 4145 Μετὰ
1318 4089 1430 4162 γάρ
1472 4107 1555 4144 τοι
1583 4089 1682 4162 τὴν
1723 4091 1790 4144 ἐκ
1831 4090 1932 4162 τῆς

316 4185 714 4257 αἰχμαλωσίας
744 4183 1024 4248 ἐπάνοδον,
1062 4182 1392 4256 κατῴκηκεν
1430 4185 1459 4237 ὁ
1496 4181 1714 4254 Ἰσραὴλ
1747 4181 1932 4236 οὐκέτι

313 4276 680 4350 διῃρημένως
713 4276 772 4331 εν
803 4293 862 4330 τε
905 4279 972 4349 τῇ
1019 4276 1254 4348 Ἰουδαία
1298 4276 1392 4330 καὶ
1431 4277 1491 4330 ὲν
1520 4278 1587 4347 τῇ
1622 4274 1930 4347 Σαμαρείᾳ,

317 4367 432 4421 ἀλλ’
465 4368 556 4430 εἰς
595 4365 726 4435 μίαν
759 4365 808 4419 οἱ
836 4366 1035 4430 πάντες
1065 4366 1462 4437 συνηνεγμένοι
1490 4366 1664 4429 πόλιν,
1697 4365 1796 4438 τὴν
1831 4367 1932 4419 Ἰε-

321 4459 620 4533 ρουσαλὴμ
643 4457 908 4528 δηλονότι,
935 4457 1031 4512 καὶ
1063 4457 1168 4511 ἀνὰ
1192 4459 1373 4511 πᾶσαν
1402 4456 1502 4530 τὴν
1539 4456 1817 4520 Ἰουδαίαν,
1845 4455 1933 4524 βαρ

321 4553 644 4616 σιλεύοντος
665 4552 755 4604 ἐπ’
773 4551 957 4614 αὐτοῖς
981 4550 1290 4623 Ζοροϐάϐελ
1311 4549 1407 4605 τοῦ
1438 4552 1504 4604 ὲκ
1523 4550 1698 4622 φυλῆς
1737 4548 1929 4614 Ἰούδα,

317 4646 417 4702 καὶ
481 4646 602 4718 μὴν
651 4643 747 4700 καὶ
791 4641 1128 4716 προῦχοντος
1177 4643 1236 4697 ὲν
1284 4641 1554 4716 ἱερωσύνῃ
1617 4642 1794 4714 Ἰησοῦ
1835 4641 1931 4696 τοῦ

329 4739 615 4802 Ἰωσεδὲκ,
673 4735 768 4790 τοῦ
810 4734 1005 4806 ἱερέως
1055 4733 1150 4788 τοῦ
1207 4733 1468 4805 μεγᾴλου.
1518 4734 1826 4804 Ἐξυφαίνει
1873 4734 1932 4788 δὲ

315 4833 440 4888 λίαν
463 4830 739 4901 ἐντέχνως
761 4829 864 4899 τῆς
889 4830 1228 4900 προφητείας
1247 4829 1339 4882 τὸν
1363 4828 1541 4896 λόγον.
1582 4826 1802 4900 Ἐπειδὴ
1825 4826 1931 4900 γὰρ

315 4928 366 4981 οἱ
399 4925 657 4980 πλεῖστοι
707 4923 820 4977 τῶν
851 4924 914 4976 ὲκ
956 4921 1057 4993 τῆς
1111 4921 1392 4986 Ἰουδαίας,
1441 4922 1560 4993 ἦτοι
1588 4919 1928 4990 Σαμαρείας,

315 5017 818 5089 ἁπενηνεγμένων,
851 5014 1043 5068 αὐτόθι
1068 5015 1432 5086 ἐπανήκασιν,
1463 5015 1682 5069 ἅπαντα
1724 5012 1822 5084 μὲν
1851 5013 1932 5065 εί-

1951 3753 2006 3814 Α

2361 3740 2529 3816 652
2580 3726 3314 3824 PROOEMIUM.

2088 3906 2144 3961 'l.
2198 3905 2544 3964 Vaticinandi
2587 3918 2814 3962 munere
2841 3902 3082 3975 fungitur
3109 3901 3303 3959 beatus
3341 3899 3634 3961 Zacharias

2034 3993 2452 4071 Hierosolymis,
2481 3997 2698 4066 iisdem,
2727 3997 2939 4068 opinor,
2969 3997 3330 4066 temporibus,
3358 3998 3554 4069 quibus
3580 4007 3634 4056 et

2043 4087 2372 4158 Sophonias.
2398 4089 2534 4144 Nam
2565 4098 2690 4159 post
2719 4088 3088 4144 reversionem
3119 4101 3151 4142 e
3177 4087 3522 4158 captivitate,
3555 4089 3634 4145 lso

2035 4186 2147 4238 rael
2181 4199 2286 4237 non
2316 4182 2548 4252 amplius
2581 4181 2797 4238 divisim
2833 4195 2930 4251 per
2959 4177 3203 4236 Jutlmam
3239 4190 3293 4234 et
3323 4179 3629 4237 Samariam

2036 4275 2321 4343 habitavit,
2347 4276 2440 4330 sed
2471 4275 2523 4329 in
2551 4289 2715 4329 unam
2742 4287 2934 4329 onmes
2961 4273 3173 4339 urbem,
3203 4271 3629 4346 Hierosolymam

2035 4367 2310 4431 videlicet,
2359 4376 2416 4423 et
2463 4365 2706 4422 Judzeam
2760 4376 2930 4422 totam
2979 4365 3293 4435 congregati
3343 4377 3492 4429 sunt,
3543 4383 3629 4420 re-

2035 4469 2236 4534 gnante
2274 4462 2415 4518 inter
2444 4475 2539 4517 eos
2574 4459 2910 4518 Zorobabele
2946 4475 2978 4516 e
3016 4461 3159 4515 tribu
3191 4457 3355 4525 Juda,
3389 4471 3443 4517 et
3475 4460 3630 4518 Jose-

2033 4554 2134 4610 dec
2176 4570 2448 4610 summum
2491 4555 2857 4612 sacerdotium
2900 4551 3206 4610 obtinente.
3241 4552 3408 4609 Valde
3444 4565 3627 4611 autem

2034 4648 2172 4702 scite
2188 4662 2497 4705 sermonem
2514 4647 2894 4718 propheticum
2914 4647 3175 4702 contexit.
3195 4645 3459 4714 Quoniam
3479 4648 3626 4723 enim

2034 4752 2100 4793 ex
2136 4738 2346 4804 Judrea,
2416 4739 2533 4795 sive
2568 4737 2813 4796 Samaria
2849 4738 3205 4793 abductorum
3239 4738 3627 4813 quamplurimi

2033 4845 2100 4886 eo
2135 4831 2338 4886 reversi
2368 4840 2518 4897 sunt,
2545 4831 2662 4901 qui,
2688 4845 2810 4902 quae
2837 4829 3117 4902 Babylonii
3146 4838 3338 4887 contra
3367 4829 3628 4889 Hieroso-

2035 4924 2236 4996 lymam
2261 4923 2470 4980 nelarie
2493 4925 2766 4995 quondam
2792 4922 2962 4979 moliti
2985 4933 3187 4989 essent,
3214 4931 3478 4980 noverant
3502 4941 3627 4982 om-

2036 5018 2161 5084 nia;
2206 5031 2382 5090 neque
2421 5016 2738 5072 nesciebant
2777 5016 3128 5096 etiam,lqua
3170 5017 3238 5074 de
3280 5031 3444 5072 causa
3486 5018 3628 5078 Deus

313 5112 473 5176 δότες
505 5110 581 5164 τὰ
607 5110 765 5182 παρὰ
786 5110 896 5163 τῶν
923 5107 1285 5162 Βαϐυλωνίων
1314 5106 1459 5161 κατὰ
1485 5105 1595 5160 τῶν
1629 5102 1929 5177 Ἱεροσολύ-

2038 5110 2209 5166 iratus
2232 5109 2427 5166 fuisset
2451 5127 2464 5166 :
2492 5109 2583 5179 qui
2609 5123 2739 5164 vero
2768 5108 2910 5179 apud
2938 5109 3136 5164 Persas
3183 5117 3237 5163 et
3261 5108 3446 5173 Medos
3469 5120 3629 5173 erant

321 5221 442 5275 μων
475 5200 867 5274 τετολμημένα
907 5200 1050 5253 κατὰ
1083 5197 1345 5270 καιρούςο
1387 5198 1481 5251 καὶ
1527 5198 1628 5251 οὐκ
1665 5193 1932 5267 ἠγνοηκό-

317 5314 408 5359 τες
434 5297 498 5350 δὲ
548 5293 688 5365 πρὸς
734 5292 949 5356 τούτοις
983 5291 1053 5346 τὰ
1083 5294 1168 5360 ἐφ’
1209 5286 1291 5354 οἷς
1330 5289 1629 5360 λελύπηται
1670 5288 1806 5352 Θεὸς
1829 5305 1844 5318 ·
1877 5287 1928 5341 οἱ

317 5389 374 5444 δὲ
395 5389 465 5460 δὴ
498 5385 862 5459 γεννηθέντες
891 5387 950 5439 ὲν
982 5387 1048 5457 τῇ
1093 5383 1204 5437 τῶν
1232 5383 1458 5456 Περσῶν
1497 5401 1558 5437 τε
1601 5383 1694 5437 καὶ
1725 5382 1929 5454 Μήδων

321 5478 482 5550 χώρᾳ
503 5476 631 5531 οὔτε
667 5476 754 5540 τίς
785 5477 818 5548 ἢ
844 5476 1010 5530 ὁποία
1032 5477 1152 5529 ποτ’
1177 5476 1326 5529 ἐστὶν
1355 5477 1390 5546 ἡ
1427 5475 1791 5548 Ἰερουσαλὴμ
1815 5475 1929 5543 ἐγί-

317 5588 557 5635 νωσκον,
589 5567 712 5623 οὔτε
755 5569 858 5641 τὴν
904 5568 1162 5623 Ἰουδαὶαν
1196 5568 1416 5639 ᾔδεσαν,
1459 5567 1583 5622 οὔτε
1619 5568 1726 5642 μὴν
1755 5567 1823 5621 τὰ
1861 5570 1924 5622 ἐκ

319 5665 422 5748 τῇς
454 5663 612 5727 Θείας
631 5662 803 5733 ὀργῆς
824 5665 937 5724 τοῖς
968 5661 1241 5731 πατράσιν
1273 5660 1455 5714 αὐτῶν
1481 5660 1920 5734 ὲπενηνεγμένα,

650 5758 924 5818 Puncta.
970 5756 1088 5817 Gn.
1140 5756 1393 5818 LXXII.

2031 5200 2320 5271 procreati,
2356 5213 2457 5256 nec
2485 5214 2606 5271 qua:
2630 5198 2794 5273 653
2829 5208 2921 5255 aut
2949 5197 3125 5269 qualis
3153 5207 3296 5254 esset
3323 5197 3622 5260 Jerusalem

2029 5294 2350 5358 didicerant,
2393 5309 2495 5350 nec
2537 5291 2780 5349 Judazam
2823 5292 2998 5349 oculis
3041 5307 3277 5362 unquam
3321 5307 3623 5362 conspexe-

2031 5397 2174 5449 rant,
2206 5399 2308 5443 nec
2343 5401 2532 5458 poenas
2565 5385 2818 5456 patribus
2849 5385 3088 5455 ipsorum
3123 5384 3192 5438 ab
3227 5382 3367 5440 irato
3399 5382 3508 5439 Deo
3545 5386 3626 5448 in-

1998 5463 2011 5475 ’
2030 5488 2237 5544 vectas,
2267 5495 2366 5535 nec
2390 5495 2564 5550 quare
2588 5487 2698 5536 tam
2725 5477 2844 5534 dire
2874 5477 3084 5533 multati
3112 5484 3316 5544 essent,
3344 5477 3448 5533 nisi
3478 5477 3622 5536 forte

2032 5585 2095 5624 ex
2127 5570 2514 5641 perfnnctoriis
2545 5570 2971 5633 narrationibus,
3001 5565 3403 5635 intellexerant,
3429 5586 3640 5625 necew

2031 5664 2176 5719 sario
2233 5665 2610 5722 universorum
2671 5663 2844 5720 Deus-
2876 5661 3129 5721 libertate
3183 5659 3402 5717 donatis
3457 5661 3622 5724 veluti

3308 5750 3337 5842 ,1
