4130 6474
459 292 522 358 11
1457 294 1518 352 5.
1562 285 1835 352 CYRILLI
1874 282 2340 347 ALEXANDle
2382 280 2704 346 ARCHIEP.
3656 287 3726 350 η

462 416 752 480 quemdam
819 394 1161 478 paulagngum
1214 410 1721 476 niotleratoremque
1764 408 2043 464 constituit

2151 404 2260 458 ἀλλ’
2293 404 2400 458 οὐδ’
2431 406 2525 458 ἐπὶ
2556 406 2695 457 τισίν
2725 404 2860 467 ὅλως
2881 400 2978 467 τὰς
3001 394 3139 457 οῧτω
3169 394 3408 476 σκληρὰς
3434 406 3722 479 ὲζήτηνται

462 506 685 559 beatum
718 501 1046 557 Zachariam
1083 519 1096 555 :
1133 500 1420 555 oriundum
1458 501 1674 568 quidem
1714 517 1744 554 e
1783 500 2043 569 sanguine

466 608 647 659 sacro,
683 608 875 663 nempe
906 607 970 647 ex
1003 592 1143 646 tribu
1180 590 1328 655 Levi,
1364 602 1516 659 patre
1549 589 1812 645 Baracliia
1847 605 2043 646 secun-

466 686 597 740 dum
630 698 902 752 carnem,
952 684 1169 739 orac‘ula
1221 692 1400 737 autem
1450 682 1698 757 edentem
1743 682 2042 737 secundum

467 778 738 847 spirituum,
760 786 823 832 et
846 776 1026 830 mium
1060 776 1214 831 Addo
1249 774 1545 846 prophetae.
1578 773 1743 844 Cujus
1777 775 2041 838 moribus,

467 881 523 924 ut
563 870 819 925 credibile
849 879 955 936 est,
984 870 1266 933 educatus,
1299 867 1539 937 ejusdem
1573 881 1785 937 quoque
1817 866 2044 922 virtutes

469 962 709 1015 imitatus
742 969 844 1014 est.
878 959 1012 1026 Quae
1049 959 1213 1029 igitur
1245 958 1404 1029 hujus
1439 958 1733 1028 prophetia:
1764 958 1836 1013 sit
1873 959 2041 1022 ratio,

468 1063 524 1108 et
548 1053 732 1122 quales
756 1052 1096 1107 narrationes
1121 1052 1354 1115 intexat,
1382 1061 1560 1119 operm
1585 1052 1815 1119 pretium
1840 1059 1922 1106 est
1949 1064 2044 1104 ex-

466 1160 689 1215 ponere.
710 1143 1021 1201 Vindictam
1050 1145 1195 1199 enim
1225 1157 1386 1213 quant
1418 1142 1787 1206 sustinebant,
1819 1143 2044 1212 captivi-

468 1242 582 1288 tate
608 1228 797 1290 solutis
825 1232 1082 1302 obiectat,
1114 1242 1172 1287 ut
1203 1233 1293 1302 qui
1324 1233 1565 1287 divinum
1595 1233 1902 1287 mandatum
1935 1248 2041 1287 non

467 1324 660 1380 leviter
699 1323 1097 1394 neglexissent,
1134 1334 1189 1380 et
1227 1338 1323 1395 per
1359 1325 1816 1395 sapientissimum
1856 1320 2042 1379 Mosen

469 1416 732 1471 divinitus
764 1422 1031 1486 praecepta
1066 1425 1412 1471 contemnere
1443 1417 1854 1471 consuevisscnt
1889 1431 1904 1469 :
1942 1429 2042 1473 ex-

470 1515 790 1575 terrensque
841 1504 960 1560 illos
1017 1521 1123 1560 non
1177 1507 1539 1572 mediocriter,
1596 1508 1661 1561 ad
1714 1505 2041 1561 voluntatem

470 1596 867 1666 consequendte
918 1596 1095 1651 laudis
1138 1610 1203 1650 ex
1256 1595 1511 1652 facultate
1558 1593 1669 1651 Deo
1716 1609 1815 1665 per
1860 1596 2044 1650 omnia

468 1686 755 1742 obediendi
792 1685 1039 1758 impellit.
1073 1688 1235 1742 Addit
1269 1703 1450 1759 porro,
1487 1686 1591 1743 nisi
1625 1687 1751 1742 boni
1784 1694 1839 1741 et
1874 1687 2040 1741 mori-

468 1779 611 1849 geri,
640 1757 947 1847 divinisque
975 1776 1182 1848 legibus
1211 1757 1572 1848 obsequentes
1600 1777 1821 1845 fuerint,
1854 1793 2044 1847 passu-
2076 1757 2119 1815 Β

472 1879 564 1925 ros
587 1868 789 1925 diriora
816 1869 922 1924 illis
941 1909 956 1934 ,
983 1883 1102 1939 quae
1127 1871 1364 1937 ipsorum
1391 1867 1626 1937 majores
1651 1869 1889 1938 perpessi
1913 1867 2043 1923 sint.

472 1959 540 2015 Et
561 1962 958 2030 quodammodo
980 1961 1335 2016 institutionis
1358 1976 1466 2016 sua:
1487 1975 1769 2016 sermones
1791 1961 2043 2026 dilatatis,

473 2052 671 2106 docere
694 2051 1010 2121 aggreditur
1057 2066 1179 2121 quae
1203 2060 1418 2121 patrum
1446 2051 1625 2106 studia
1652 2049 1874 2117 fuerint,
1897 2060 1952 2105 et
1978 2053 2046 2106 ob

467 2156 593 2212 qua:
628 2142 844 2196 divinus
877 2156 1040 2212 super
1071 2156 1166 2199 eos
1200 2144 1352 2198 furor
1381 2143 1686 2210 stillaverit,
1722 2152 1778 2199 et
1813 2159 2045 2214 quonam

470 2233 632 2286 modo
664 2241 846 2302 postea
878 2232 1158 2302 perierint.
1186 2230 1319 2290 Item
1349 2248 1455 2304 quo
1486 2243 1645 2304 pacto
1677 2234 1778 2305 ipsi
1812 2234 2046 2301 liberati,

470 2333 529 2377 et
555 2325 833 2378 servitutis
853 2324 982 2394 jugo
1009 2326 1239 2395 exempti
1271 2327 1322 2378 in
1349 2323 1586 2381 Jndmatn
1614 2327 2043 2397 remigraveriut.

470 2414 729 2484 Adiungit
769 2415 875 2478 his,
909 2416 1107 2482 adlmc,
1143 2426 1201 2470 ut
1239 2417 1371 2481 dixi,
1406 2420 1655 2487 graviora
1690 2433 1964 2487 passuros,
2001 2420 2045 2474 si

474 2505 739 2575 majorum
767 2505 1013 2575 vestigiis
1042 2505 1097 2557 in
1126 2519 1312 2560 amore
1344 2504 1437 2561 Dei
1472 2506 1764 2576 rejieicndo
1795 2506 2046 2562 insistere

470 2596 877 2653 contenderim.
926 2594 1137 2666 Ubique
1179 2606 1357 2652 autem
1403 2596 1740 2653 liberationis
1782 2597 1907 2652 olim
1950 2613 2047 2667 per

470 2687 751 2742 Christum
777 2687 971 2743 futurae
999 2689 1264 2757 meminit,
1293 2697 1348 2744 et
1378 2688 1691 2761 mysterium
1720 2688 1773 2742 in
1804 2703 1871 2744 eo
1895 2690 2046 2744 exhi-

471 2775 708 2832 bendum
749 2776 1098 2832 multifariam
1142 2777 1298 2833 nobis
1337 2766 1610 2833 describit.
1654 2778 1905 2849 Singulas
1944 2781 2046 2834 ita-

471 2880 581 2937 que
613 2874 793 2936 partes
824 2867 1120 2938 prophetiae
1149 2867 1308 2937 huius
1338 2871 1646 2925 accuratius
1677 2872 2047 2942 perveStigare

470 2957 753 3023 volentes,
789 2972 857 3012 ne
896 2959 1127 3015 otiosam
1166 2959 1543 3029 repetitionem
1577 2962 1889 3018 existiment
1926 2978 2047 3029 quae

2144 496 2313 559 δίκας,
2351 496 2488 566 πλὴν
2528 496 2650 548 ὅσον
2698 495 2757 561 ἐξ
2794 493 3152 564 ἠμελημένων
3193 497 3334 566 τάχα
3382 514 3482 550 που
3534 497 3724 571 διηγη-

2146 586 2355 655 μάτων,
2399 586 2711 653 ἀναγκαίως
2741 588 2768 638 ὁ
2798 584 2905 638 τῶν
2934 584 3070 637 ὅλων
3114 584 3244 649 Θεὸς
3272 587 3465 650 ,αὐτοῖς
3494 590 3603 653 τοῖς
3636 589 3722 642 λε-

2142 677 2510 748 λυτρωμένοις
2543 677 2884 746 παιδαγωγὸν
2925 675 3115 747 ὥσπερ
3155 678 3276 732 τινὰ
3308 678 3402 732 καὶ
3442 681 3722 753 ἁρμοστὴν

2143 763 2490 823 ἀναδείκνυσι
2527 769 2618 822 τὸν
2670 769 2940 839 μακάριον
2995 768 3291 840 Ζαχαρίαν,
3340 770 3468 823 ὄντα
3522 772 3618 842 μὲν
3663 774 3722 837 ἐξ

2143 860 2374 932 αἵματος
2424 859 2592 931 ἱεροῦ,
2631 860 2908 914 τουτέστιν
2955 863 3020 915 ὲκ
3067 860 3168 931 τῆς
3206 861 3380 933 φυλῆς
3427 861 3578 925 Λευῒ,
3631 866 3724 916 καὶ

2143 951 2404 1020 γεγονότα
2432 952 2530 1021 μὲν
2551 954 2614 1005 ἐκ
2635 953 2838 1023 πατρὸς
2863 946 3133 1026 Βαραχίου
3153 955 3294 1008 κατὰ
3316 972 3378 1023 γε
3403 954 3502 1026 τὴν
3521 955 3720 1026 σάρκα,

2144 1045 2585 1117 κεχρηματικότα
2634 1046 2690 1097 δὲ
2724 1048 2863 1100 κατά
2905 1046 3121 1119 πνεῦμα
3153 1048 3248 1101 καὶ
3275 1048 3388 1101 υἰὺν
3433 1048 3599 1102 Ἀδδὼ
3626 1050 3720 1102 τοῦ

2144 1138 2445 1208 προφήτου.
2500 1138 2811 1208 Τέθραπται
2853 1140 2982 1209 γὰρ,
3030 1141 3105 1204 ὼς
3151 1141 3317 1206 εἰκὸς,
3367 1144 3479 1204 τοῖς
3511 1143 3720 1195 ἐκείνου

2143 1230 2387 1300 τρόποις,
2421 1230 2515 1284 καὶ
2555 1230 2663 1285 τῶν
2698 1230 2826 1283 ἴσων
2863 1232 3367 1304 ἀνδραγαθημάτων
3405 1236 3592 1303 γέγονε
3632 1253 3721 1305 μι-

2147 1322 2343 1391 μητής.
2376 1321 2419 1373 Τ
2426 1321 2473 1385 ίς
2513 1317 2607 1376 οὖν
2648 1322 2798 1392 αὐτῷ
2826 1323 2923 1393 τῆς
2968 1324 3305 1395 προφητείας
3347 1325 3377 1376 ὁ
3420 1325 3596 1392 λόγος,
3630 1330 3725 1378 καὶ

2143 1410 2231 1464 διὰ
2262 1409 2429 1463 ποίων
2460 1411 2569 1465 τῶν
2593 1411 2945 1484 διηγημάτων
2978 1404 3215 1485 ἔρχεται,
3251 1414 3368 1478 πῶς
3412 1417 3510 1468 οὐκ
3536 1416 3603 1469 ἀν
3642 1416 3723 1469 δί-

2144 1516 2299 1554 καιον
2328 1501 2501 1554 εἰπεῖν
2518 1517 2538 1565 ;
2564 1502 2675 1573 Τὴν
2704 1502 2861 1573 δίκην
2892 1503 2992 1574 μὲν
3022 1504 3152 1575 γὰρ,
3185 1505 3275 1574 ὑφ’
3304 1504 3371 1574 ἦν
3406 1507 3561 1568 εἰσιν,
3600 1507 3721 1557 ἐπι·

2147 1593 2378 1662 σκήπτει
2407 1594 2519 1654 τοῖς
2547 1591 2996 1665 λελυτρωμένοις,
3031 1596 3125 1649 ἀτε
3166 1594 3231 1664 δὴ
3261 1595 3360 1664 τῆς
3383 1596 3531 1659 Θείας
3576 1599 3724 1648 ἐντο-

2143 1684 2244 1755 λῆς
2272 1683 2332 1736 οὐ
2370 1684 2605 1755 μετρίως
2644 1685 2969 1755 ἠμεληκόσι,
3000 1687 3092 1740 καὶ
3119 1687 3228 1741 τῶν
3268 1685 3356 1739 διὰ
3398 1687 3489 1739 τοῦ
3522 1688 3724 1741 πανσό-

2147 1790 2247 1843 φου
2275 1773 2517 1837 Μωσέως
2547 1772 2990 1844 τεθεσπισμένων
3022 1776 3235 1845 ἀλογεῖν
3276 1776 3491 1829 εἰωθόσι
3511 1794 3524 1807 ι
3555 1793 3724 1830 κατα-

2146 1868 2515 1939 δεδιττόμενος
2572 1868 2630 1921 δὲ
2679 1868 2739 1921 οὐ
2794 1871 3029 1940 μετρίως
3097 1871 3333 1936 αὐτοὺς,
3393 1874 3724 1942 μεταφοιτᾷν

2146 1958 2431 2013 ἀναπείθει
2460 1957 2595 2030 πρὸς
2619 1959 2680 2013 τὸ
2706 1959 2816 2013 δεῖν
2843 1960 3059 2014 ἑλέσθαι
3091 1961 3293 2032 μᾶλλον
3314 1962 3618 2033 εὐδοκιμεῖν
3638 1963 3724 2016 διὰ

2146 2050 2241 2121 τῆς
2258 2051 2339 2113 εἰς
2354 2051 2461 2103 πᾶν
2476 2049 2654 2104 ὁτιοῦν
2667 2050 2973 2115 εὐπειθείας
2986 2053 3080 2105 καὶ
3094 2053 3359 2125 ὑπακοῆς.
3379 2055 3723 2125 Προσεπάγει

2145 2141 2225 2206 δὲ,
2245 2142 2392 2196 ὅτιεί
2419 2142 2495 2212 μὴ
2529 2138 2637 2197 εἷεν
2660 2142 2874 2213 ἀγαθοὶ,
2894 2143 2989 2198 καὶ
3021 2144 3250 2215 εὐήνιοι,
3292 2145 3388 2198 καὶ
3414 2149 3526 2209 τοῖς
3557 2145 3721 2208 θείοις

2148 2231 2387 2298 εἴκοντας
2411 2236 2618 2306 νόμους,
2634 2235 2914 2289 πείσονται
2937 2236 3031 2289 καὶ
3047 2235 3201 2289 αὐτοὶ
3224 2234 3335 2289 τῶν
3361 2238 3473 2300 τοῖς
3486 2237 3724 2307 πατράσι

2149 2320 2574 2397 συμϐεϐηκότων
2608 2327 2675 2383 τὰ
2711 2328 3106 2399 φορτικώτερα.
3138 2328 3500 2400 Κατευρύνων
3523 2329 3578 2382 δὲ
3614 2328 3724 2382 ὥσ-

2147 2436 2254 2489 περ
2298 2419 2398 2490 τῆς
2434 2418 2807 2488 παιδαγωγίας
2853 2420 2981 2484 τοὺς
3017 2420 3231 2489 λόγους,
3288 2425 3545 2492 πειρᾶται
3581 2423 3725 2477 διδά-

2148 2527 2317 2575 σκειν,
2348 2510 2469 2563 τίνα
2505 2511 2601 2581 μὲν
2628 2506 2695 2582 ἦν
2736 2511 2902 2564 πάλαι
2941 2510 3011 2564 τὰ
3040 2511 3148 2566 τῶν
3178 2512 3428 2584 πατέρων
3450 2513 3724 2584 ἐπιτηδεύ-

2150 2616 2317 2670 ματα,
2346 2601 2440 2653 καὶ
2471 2601 2565 2653 ἐπὶ
2603 2601 2745 2654 τίσιν
2777 2601 2959 2665 αὐτοῖς
2982 2605 3009 2655 ὁ
3044 2600 3189 2666 θεῖος
3233 2604 3495 2668 ὲπέσταξε
3529 2604 3721 2675 θυμὸς,

2145 2692 2266 2745 τίνα
2298 2691 2343 2744 δ’
2373 2686 2440 2744 αὖ
2468 2690 2750 2746 διολώλασι
2778 2694 3007 2764 τρόπον’
3044 2694 3137 2747 καὶ
3162 2693 3267 2766 μὴν
3288 2696 3380 2748 καὶ
3401 2695 3549 2759 ὅπως
3571 2696 3724 2749 λελύ-

2145 2784 2550 2855 τρωνταιηκαὶ
2601 2784 2692 2839 τὸν
2740 2788 2842 2856 τῆς
2890 2785 3267 2857 αἰχμαλωσίας
3325 2788 3725 2858 ἀπολυσάμενοι

2147 2872 2331 2942 ζυγὸν,
2360 2875 2799 2947 ἀνεκομίσθησαν
2836 2877 2917 2940 εἰς
2943 2876 3040 2948 τὴν
3073 2877 3355 2933 Ἰουδαίαν.
3380 2880 3725 2952 Προσεπάγει

2145 2962 2202 3015 δὲ
2234 2964 2465 3030 τούτοις,
2493 2966 2598 3029 ὅτι,
2629 2966 2883 3038 καθάπερ
2922 2967 3059 3039 ἔφην
3092 2967 3315 3038 ἀρτίως,
3352 2971 3626 3027 πείσονται
3656 2974 3726 3028 τὰ

472 3043 796 3112 all‘eruntur,
836 3054 892 3101 et
933 3047 1000 3103 de
1039 3048 1330 3117 praeteritis
1370 3064 1865 3107 commemorantur
1899 3070 1916 3108 :
1953 3054 2045 3107 sed

2151 3056 2341 3127 χείρω,
2369 3057 2469 3127 τῆς
2499 3058 2607 3111 ’τῶν
2640 3058 2893 3129 πατέρων
2914 3059 3230 3128 ἀφιλοθεϊας
3262 3062 3383 3116 κατ’
3417 3064 3560 3134 ἴχνος
3590 3067 3725 3120 ἰέναι

475 3132 822 3188 meminerint
854 3135 1051 3204 potius,
1078 3150 1146 3191 ex
1176 3139 1489 3208 captivitate
1517 3142 1568 3195 iu
1593 3140 1835 3197 Judazam
1864 3157 2045 3197 rever-

474 3236 598 3287 sos,
633 3224 949 3280 narratione
987 3241 1211 3282 casuum
1251 3241 1683 3301 antegressorum
1722 3248 2050 3303 magnopere

473 3314 912 3385 opusihabuissc.
942 3315 1036 3373 Sic
1060 3319 1205 3374 enim
1235 3320 1370 3376 alios
1400 3324 1728 3396 corrigebat,
1759 3326 1810 3379 in
1843 3342 2048 3380 memo-

473 3408 610 3461 riam
648 3408 729 3463 eis
763 3409 1010 3479 redigens
1041 3426 1162 3481 quae
1193 3414 1539 3483 pertulissent
1573 3435 1586 3471 :
1614 3417 1921 3488 junioribus
1952 3435 2048 3472 au-

475 3509 584 3555 tem
633 3510 699 3554 et-
717 3510 961 3556 veterum
997 3502 1200 3571 ignaris
1229 3507 1575 3563 securitatem
1607 3509 1952 3575 conciliabat,
1982 3525 2049 3566 ne

471 3591 700 3663 paribus
732 3593 968 3649 miseriis
1000 3594 1421 3663 involverentur,
1481 3599 1526 3655 si
1559 3601 1723 3655 vitam
1759 3602 2038 3670 profanam

474 3692 531 3739 et
565 3684 1019 3752 improbissimam
1055 3696 1414 3744 sectarentur.

2158 3147 2568 3212 σπουδάζοντες.
2597 3149 2974 3221 Διαμέμνηται
2996 3150 3053 3204 δὲ
3081 3154 3330 3225 πανταχῆ
3355 3155 3457 3226 τῆς
3485 3156 3571 3212 διὰ
3594 3158 3730 3229 Χρι-

2156 3236 2284 3290 στοῦ
2323 3237 2644 3308 λυτρώσεως
2679 3241 2944 3317 ἐσομένης
2976 3242 3119 3297 κατὰ
3148 3246 3396 3317 καιροὺς,
3422 3249 3602 3302 καὶτὸ
3640 3251 3732 3303 ἐπ’

2154 3330 2304 3401 αὐτῷ
2332 3332 2629 3402 μυστήριον
2651 3331 2741 3387 διὰ
2762 3315 2973 3388 πολλῶν
2993 3335 3125 3406 ἡμῖν
3151 3315 3458 3410 ἀναγράφει
3485 3341 3726 3411 τράπων.

2152 3425 2244 3474 Δεῖ
2279 3422 2334 3475 δὲ
2363 3418 2457 3476 οὖν
2504 3422 2715 3477 ἕκαστα
2752 3425 2852 3496 τῆς
2891 3428 3227 3499 προφητείας
3272 3430 3343 3484 τὰ
3383 3431 3523 3504 μέρη
3562 3433 3729 3486 πολυο

2154 3517 2489 3584 πραγμονείν
2530 3514 2839 3581 ἐθέλοντας,
2874 3517 2948 3589 μὴ
2982 3519 3335 3589 ταυτολογίαν
3375 3523 3625 3593 ἡγεῖσθαι
3662 3527 3730 3581 τὰ

2155 3606 2214 3657 ὲν
2245 3605 2402 3677 αὐτῇ,
2433 3606 2527 3659 καὶ
2549 3607 2812 3680 περὶητὴν
2841 3610 3116 3693 ἀφήγησιν
3150 3610 3259 3665 τῶν
3288 3612 3386 3684 ῆδη
3427 3620 3726 3686 γεγενημέ-

2157 3712 2264 3747 νων
2282 3712 2296 3726 ο
2326 3694 2736 3768 διαμεμνῆσθαι
2764 3697 2819 3752 δὲ
2846 3700 3070 3770 μᾶλλον,
3107 3701 3191 3755 ὅτι
3215 3704 3326 3767 τοῖς
3349 3704 3416 3757 ὲκ
3451 3702 3553 3773 τῆς
3577 3706 3750 3774 αἰχμα-

478 3779 715 3843 αλωσίας
745 3779 1183 3854 ὑπονοστήσασιν
1213 3783 1296 3847 εἰς
1330 3784 1431 3856 τὴν
1476 3784 1756 3851 Ἰουδαίαν,
1826 3787 2265 3855 ἀναγκαιοτάτην
2308 3787 2422 3860 ἔχει
2490 3791 2600 3845 τῶν
2643 3793 2743 3864 ἥδη
2808 3792 3233 3867 συμδεὸηκότων
3281 3796 3382 3866 τὴν
3432 3796 3730 3868 ἀφήγησιν.

489 3874 837 3948 Ἐπηνώρθου
871 3876 971 3947 μὲν
999 3877 1104 3950 γὰρ
1145 3880 1272 3944 τοὺς
1310 3879 1542 3947 εἰδότας,
1607 3874 1680 3937 ὧν
1717 3883 1816 3954 ἤδη
1843 3881 2174 3937 πεπόνθασιν
2243 3886 2533 3959 ἀναφέρων
2570 3876 2727 3959 ’πρὸς
2762 3889 3091 3961 ἀνάμνησιν·
3132 3895 3244 3957 τοῖς
3269 3892 3328 3946 δὲ
3371 3893 3439 3963 δὴ
3471 3893 3612 3957 νέοις
3637 3910 3734 3945 κο-

479 3971 629 4043 μιδῆ,
661 3972 756 4025 καὶ
781 3973 880 4027 οὐκ
926 3973 1091 4028 εἰδόσι
1121 3974 1188 4028 τά
1222 3975 1413 4041 ⁶ιτάλαι,
1443 3977 1720 4051 προεξένει
1747 3978 1843 4049 τὴν
1878 3977 2195 4049 ἀσφάλειαν,
2223 3981 2309 4037 ἵνα
2368 3982 2443 4055 μὴ
2463 3986 2574 4047 τοῖς
2608 3982 2745 4049 ἴσοις
2806 3985 3049 4041 ὲναλοϊεν
3088 3989 3302 4053 κακοῖς,
3352 3988 3453 4058 τὴν
3505 3987 3735 4058 βέϐηλον

477 4065 572 4119 καὶ
604 4064 962 4137 ἀνομωτάτην
993 4066 1317 4136 ἀγαπῶντες
1350 4066 1513 4140 ζωήν.

770 4212 1177 4307 TOMUS
1263 4216 1753 4309 PRIMUS.

1048 4362 1219 4436 655
1248 4363 1401 4420 cae.
1440 4365 1480 4419 ι.

559 4494 721 4555 Vens.
751 4498 803 4563 l,
828 4496 885 4553 2.
916 4495 983 4553 In
1012 4510 1192 4556 acturo
1218 4513 1387 4552 mense
1412 4499 1536 4552 anui
1561 4498 1798 4566 secundi,
1824 4499 1919 4554 sub
1950 4499 2053 4554 οη.

481 4594 579 4655 rio,
615 4592 811 4659 factum
845 4602 917 4644 est
954 4591 1162 4645 verbum
1194 4586 1402 4644 Domini
1435 4588 1504 4641 ad
1540 4585 1853 4644 Zachariam
1883 4590 2055 4659 ﬁlium

481 4682 781 4748 Barac-Ilias,
811 4672 981 4751 ﬁliam
1013 4676 1165 4736 Addo
1198 4681 1479 4751 prophetis,
1510 4683 1688 4736 dicens
1718 4696 1735 4735 :
1766 4680 1946 4736 Iratus
1980 4692 2056 4738 est

484 4772 737 4826 Dominus
767 4780 949 4825 contra
976 4784 1152 4841 patres
1179 4777 1377 4824 vestros
1406 4771 1487 4824 ira
1515 4785 1725 4843 magna.

551 4969 618 5025 ιι.
671 4966 1072 5025 Animadvertis
1119 4967 1390 5037 quomodo
1436 4968 1745 5024 narratione
1789 4980 2054 5026 terrorem

483 5060 618 5133 ipsis
648 5060 889 5130 injiciat,
921 5067 978 5114 et
1007 5058 1342 5130 impuberes,
1370 5073 1489 5128 quae
1517 5069 1643 5116 ante
1669 5059 1789 5117 illos
1812 5063 2057 5133 contige-

486 5160 610 5207 runt
644 5162 957 5222 exponens,
993 5146 1058 5207 ad
1093 5149 1415 5220 probitatem
1450 5152 1766 5229 compellat,
1800 5153 2056 5211 minitans

485 5242 903 5313 quodammodo,
933 5240 1221 5309 similibus,
1253 5250 1348 5297 aut
1380 5242 1898 5302 intolet'abilioribus
1931 5246 2059 5303 sub-

482 5335 656 5402 jectos
686 5331 1086 5389 calamitatibus
1114 5335 1306 5391 acerbe
1341 5335 1759 5404 lamentaturos,
1792 5337 1895 5393 nisi
1924 5352 2056 5407 pru—

487 5426 676 5481 denter
699 5425 912 5481 illorum
943 5425 1189 5498 exempla
1218 5427 1516 5500 despicere,
1544 5439 1599 5485 et
1628 5428 1723 5486 Dei
1753 5430 2061 5500 bent-placi-

491 5528 625 5582 tum,
656 5527 714 5572 ut
739 5507 1045 5576 omni'cura
1071 5529 1125 5576 et
1148 5520 1506 5577 aestimatione
1530 5522 1748 5591 dignum
1776 5522 2058 5592 complecti

493 5608 846 5670 instituerint.
865 5611 1051 5686 Magna
1064 5624 1242 5672 autem
1262 5617 1339 5671 ira
1358 5617 1573 5684 iratum,
1598 5617 1794 5687 inquit,
1814 5617 2058 5672 omnium

467 5700 668 5760 ’rerum
704 5716 972 5776 potentem
1007 5708 1173 5766 Deum
1209 5728 1223 5764 :
1259 5723 1355 5766 nec
1389 5704 1677 5766 verborum
1711 5723 1933 5766 suorum
1971 5724 2062 5766 ve-

2475 4215 2857 4305 ΤΟΜΟΣ
2931 4217 3402 4322 ΠΡΩΤΟΣ.

2761 4372 3011 4427 ΚΕΦΑΛ.
3046 4374 3103 4425 A’

2239 4506 2334 4558 Ἐν
2366 4505 2444 4572 τῷ
2487 4507 2676 4578 ὀγδοῳ
2718 4508 2867 4580 μηνὶ
2918 4511 3092 4577 ἔτους
3143 4512 3448 4582 δευτέρου,
3480 4514 3578 4571 ἐπὶ
3625 4519 3736 4571 Δα-

2148 4595 2338 4663 ρείου,
2369 4596 2603 4667 ἐγένετο
2632 4602 2814 4670 λόγος
2852 4603 3076 4671 Κυρίου
3120 4605 3271 4674 πρὸς
3302 4610 3605 4679 Ζαχαρίαν
3628 4612 3741 4665 τὸν

2157 4687 2264 4741 τοῦ
2287 4689 2608 4758 Βαραχίου,
2646 4692 2782 4746 υἱὸν
2801 4692 2989 4746 Ἀδδὼ
3023 4694 3131 4750 τοῦ
3163 4698 3494 4768 προφήτου,
3515 4700 3734 4771 λέγων’

2170 4781 2442 4850 Ὼργίσθη
2474 4784 2689 4851 Κύριος
2728 4784 2826 4837 ἐπὶ
2864 4787 3006 4852 τοὺς
3050 4789 3310 4861 πατέρας
3342 4791 3508 4860 ὑμῶν
3547 4792 3738 4863 ὀργὴν

2153 4870 2446 4942 μεγάλην.

3774 4930 3779 4937 ·
3798 4910 3808 4973 ι

2229 4983 2302 5037 B'.
2335 4984 2529 5056 Συνίης
2580 4985 2731 5051 ὅπως
2776 4995 3077 5046 καταπτοεῖ
3113 4996 3225 5058 τοῖς
3271 4997 3596 5068 διηγήμασι,
3640 4999 3735 5053 καὶ
3794 4983 3804 5036 ί

2157 5073 2272 5136 τοῖς
2298 5074 2494 5146 κομιδῇ
2544 5075 2683 5140 νέοις
2722 5077 2793 5135 τὰ
2837 5085 2952 5146 τοῖς
2980 5083 3086 5154 πρὸ
3120 5085 3301 5139 αὐτῶν
3352 5086 3738 5158 συμϐεϐηκότα

2144 5162 2487 5233 παρατιθεὶς
2509 5166 2591 5229 εἰς
2613 5164 2893 5240 ἐξήγησιν,
2914 5172 3217 5243 μετασοὸεἱ
3237 5174 3374 5243 πρὸς
3403 5175 3466 5229 τὸ
3487 5175 3735 5246 ἄμεινον,

2158 5253 2442 5320 οἱονείπως
2457 5257 2720 5327 ἀπειλῶν,
2748 5261 2831 5316 ὅτι
2852 5264 2965 5326 τοῖς
2984 5262 3142 5328 ἴσοις,
3172 5263 3205 5334 ἦ
3231 5265 3325 5319 καὶ
3355 5267 3469 5331 τοῖς
3493 5266 3572 5321 ἔτι
3606 5266 3736 5320 δυο·-

2159 5341 2507 5417 αχθεστέροις
2559 5349 2989 5422 ὑπενηνεγμένοι
3059 5355 3286 5420 κακοῖς,
3338 5354 3737 5424 κατοιμὼξουσι

2160 5435 2395 5508 πικρῶς,
2424 5440 2472 5492 εἰ
2504 5439 2582 5512 μὴ
2609 5440 2818 5497 ἕλοιντο
2851 5444 3147 5515 σωφρόνως
3179 5446 3615 5513 ἀποσπουδάζειν
3638 5449 3737 5519 μὲν

2159 5526 2229 5581 τὰ
2280 5530 2519 5596 ἐκείνων,
2574 5535 2854 5604 φροντίδος
2908 5552 2971 5605 γε
3005 5536 3113 5608 μὴν
3162 5537 3254 5593 καὶ
3318 5539 3478 5609 λόγου
3539 5540 3738 5596 παντὸς

2160 5620 2343 5715 ἀξιοῦν
2387 5623 2448 5713 τὸ
2480 5625 2724 5698 θυμῆρες
2757 5627 2899 5699 Θεῷ.
2949 5630 3148 5701 Ὀργὴν
3176 5631 3233 5684 δὲ
3275 5633 3521 5703 μεγάλην
3571 5632 3741 5715 ὠρχί-

2164 5712 2287 5767 σθαι
2331 5706 2484 5787 ensi
2537 5717 2629 5773 τὸν
2684 5717 2794 5775 τῶν
2845 5720 2982 5775 ὅλων
3029 5723 3519 5790 κατεξουσιάζρντα
3567 5706 3741 5791 Bella,
