4130 6492
480 236 551 317 ιδ
1467 243 1525 297 S.
1566 244 1843 301 CYRILLI
1886 247 2354 307 ALEXANDRINI
2397 255 2720 316 AllClllEP.
3678 272 3742 329 ui

476 354 735 420 si-tiptunt
782 361 902 406 est:
938 373 954 403 ι
990 351 1262 408 Percussit
1309 370 1402 411 eos
1453 358 1506 411 in
1547 360 1858 428 sterilitate,
1909 373 1961 416 et
2006 363 2041 419 it

2165 367 2474 441 ἀπρόθυμοι
2506 374 2634 444 περὶ
2665 375 2724 428 τὸ
2760 376 2868 429 δεῖν
2898 377 3292 449 ἀναδείμασθαι
3317 379 3407 432 τὸν
3442 378 3584 435 θεῖον
3619 385 3743 437 ναὸν

475 442 824 513 corruptione
857 445 1020 511 aeris,
1059 447 1111 499 et
1136 436 1199 499 in
1230 446 1493 517 grandine
1529 453 1710 506 omnia
1756 468 1920 522 Opera
1964 471 2056 510 co-

477 550 620 587 rum.
653 534 718 589 Et
756 535 1042 591 mittebant
1087 537 1139 593 in
1186 541 1420 595 modium
1466 536 1657 599 hordei
1690 546 1878 616 viginti
1915 558 2056 613 sata,

472 636 529 680 et
575 626 716 681 facta
764 638 892 683 sunt
934 629 1147 684 decem.
1201 628 1266 685 Et
1310 629 1762 703 ingrediebantur
1800 647 2055 707 praeterea

474 718 717 774 torcular
758 719 978 776 haurire
1004 722 1396 794 quinquaginta
1454 726 1764 796 amphoras,
1818 738 1872 783 et
1899 719 2056 785 factae

472 821 600 864 sunt
638 811 824 883 viginti
850 812 894 866 ⁸.
930 832 957 889 »ι
997 813 1275 869 Promittit
1321 816 1485 886 igitur
1532 817 1657 884 illis,
1704 818 1751 873 si
1797 818 2053 874 virtutem

473 902 674 966 colere,
729 909 783 954 et
836 904 1079 958 converti
1134 905 1202 958 ad
1257 905 1431 975 ipsum
1490 923 1593 961 non
1660 908 2052 974 recusaverint;

473 993 684 1061 agendo
726 1008 846 1064 quae
906 992 1008 1064 ipsi
1063 994 1261 1063 placita
1321 1006 1378 1050 et
1436 1008 1593 1068 grata
1642 1001 1774 1065 sint,
1828 1009 1955 1055 tunc
1995 1013 2055 1056 se

472 1097 688 1151 quoque
738 1085 804 1138 ad
847 1085 992 1153 ipsos
1036 1101 1457 1151 conversurum,
1496 1087 1603 1144 hoc
1652 1100 1735 1146 est
1769 1091 1837 1145 ab
1868 1092 1949 1145 ira
2000 1091 2050 1145 in

476 1174 602 1229 illos
648 1185 1095 1246 temperaturum,
1129 1186 1185 1232 et
1227 1178 1658 1236 misericordiam
1692 1184 1870 1238 denuo
1898 1183 2053 1237 adbi-

464 1264 731 1321 ‘biturum.
793 1264 955 1321 Vetat
1027 1277 1207 1324 autem
1274 1285 1368 1325 eos
1423 1273 1726 1341 perniciosa
1786 1275 2049 1342 majorum

469 1359 711 1429 exempla
761 1360 937 1431 sequi,
996 1376 1133 1431 quos
1186 1361 1302 1433 ipse
1354 1378 1451 1433 per
1498 1372 1717 1422 sanctos
1761 1367 2052 1436 prophetas

462 1460 599 1504 suos
640 1464 1014 1519 saepenumero
1054 1452 1370 1509 cohortatus
1420 1456 1511 1523 sit,
1555 1467 1608 1512 et
1650 1460 1717 1513 ad
1766 1458 2050 1515 indecoras

469 1540 713 1595 actiones
736 1537 1070 1599 deserendas
1095 1542 1295 1600 blande
1319 1546 1582 1614 invitarit,
1610 1563 1914 1620 quanquam
1942 1549 2050 1605 illis

470 1640 652 1685 autem
690 1633 915 1689 minime
939 1636 1481 1694 accommodantibus
1513 1640 1647 1695 nihil
1677 1641 1889 1710 penitus
1925 1657 2048 1711 pro-

2160 460 2442 539 γεγονότες
2475 464 2778 534 ἡλίσκοντο.
2812 468 3109 541 Ταύτῃτοι,
3146 469 3400 543 καθάπερ
3431 472 3491 526 ἐν
3514 470 3596 545 τῷ
3617 475 3746 544 ’Λγ-

2157 552 2298 624 γαίῳ
2326 554 2668 627 γέγραπται·
2705 576 2724 609 ι
2746 559 3047 627 Ἐπάταξεν
3073 560 3270 623 αὐτοὺς
3298 562 3356 614 έν
3385 563 3611 636 ἀφορίᾳ,
3648 565 3739 620 καὶ

2155 645 2546 719 ἀνεμοφθορίᾳ,
2583 649 2679 704 καί
2720 651 2779 704 ἐν
2819 649 3031 725 χαλάζῃ
3062 652 3240 707 πάντα
3266 652 3334 707 τὰ
3361 652 3499 724 ἔργα
3537 656 3738 711 αὐτῶν.

2154 735 2267 789 Καὶ
2313 738 2566 792 ἐνέϐαλον
2610 741 2708 810 μὲν
2751 743 2832 806 εἰς
2877 742 3119 814 κυψέλην
3149 744 3345 815 κριθῆς
3373 743 3546 798 εἴκοσι
3578 746 3738 814 σάτα,

2155 826 2247 878 καὶ
2286 825 2525 896 ἐγίνοντο
2569 827 2719 885 δέκα.
2752 830 3178 901 Είσεπορεύοντο
3209 831 3265 886 δὲ
3296 833 3390 886 καὶ
3426 833 3586 890 πάλιν
3642 836 3738 889 άν-

2152 908 2349 986 τλῆσαι
2381 909 2718 989 πεντήκοντα
2756 917 3058 991 μετρητὰς,
3095 918 3190 974 καί
3222 921 3464 990 ἐγίνοντο
3495 920 3686 979 είκοσι.
3715 944 3733 977 ι

2166 1004 2586 1077 Ἐπαγγέλλεται
2611 1007 2791 1063 τοίνυν
2821 1003 3027 1076 αὐτοῖς,
3054 1004 3130 1075 ὠς
3158 1013 3207 1065 εί
3236 1004 3445 1067 ἕλοιντο
3478 1031 3739 1085 μεταφοι-

2150 1100 2250 1170 τᾷν
2282 1099 2363 1163 εἰς
2393 1099 2454 1152 τὺ
2479 1100 2723 1170 ἄμεινον,
2755 1101 2850 1155 καί
2880 1096 3232 1175 ἐπιστρέφειν
3266 1095 3403 1176 πρὸς
3438 1100 3620 1174 αὐτὸν,
3648 1101 3737 1161 διὰ

2149 1190 2242 1253 τοῦ
2274 1190 2406 1263 δρᾷν
2439 1191 2657 1248 ἑλέσθαι
2697 1191 2766 1246 τὰ
2813 1193 2961 1265 αὐτῷ
2999 1188 3261 1248 δοκοῦντα
3298 1195 3401 1257 ,καὶ
3435 1192 3584 1266 φίλα,
3612 1194 3734 1253 τότε

2149 1281 2242 1333 καὶ
2277 1281 2436 1345 αὐτὸς
2467 1281 2785 1354 ἐπιστρέψει
2815 1284 2953 1356 πρὸς
2978 1285 3195 1350 αὐτοὺς,
3224 1280 3504 1342 τουτέστιν
3534 1282 3734 1358 ἀφέξε-

2147 1389 2237 1425 ται
2286 1373 2383 1443 τῆς
2425 1372 2512 1425 ἐπ’
2538 1373 2738 1439 αὐτοὺς
2782 1375 2974 1447 ὀργῆς,
3010 1376 3106 1431 καὶ
3137 1377 3565 1452 παλινδρομήσει
3594 1381 3735 1452 πρὸς

2147 1462 2666 1535 ἔλεον.“Αποφάσκει
2717 1483 2782 1536 γε
2836 1469 2943 1540 μὴν
2985 1468 3062 1532 ὼς
3102 1468 3326 1542 ὀλέθρου
3372 1455 3630 1542 πρόξενον
3672 1472 3733 1525 τὸ

2145 1556 2361 1611 ἑλέσθαι
2381 1556 2577 1629 ζηλοῦν
2599 1559 2725 1623 τοὺς
2746 1560 2850 1632 πρὸ
2878 1561 3056 1615 αὐτῶν
3077 1562 3386 1631 γεγονότας,
3405 1559 3486 1628 οἷς
3504 1563 3730 1636 πλείστη

2149 1646 2246 1717 μὲν
2273 1647 2373 1717 ὅση
2399 1647 2579 1702 δέδοτο
2606 1650 2734 1722 παρ’
2771 1651 2938 1706 αὐτοῦ
2963 1652 3052 1707 διὰ
3083 1653 3195 1708 τῶν
3224 1655 3395 1724 ἁγίων
3434 1654 3732 1729 προφητῶν

459 1722 681 1779 'fecerit.
746 1721 983 1780 Ridiculi
1038 1727 1205 1797 igitur
1257 1730 1348 1799 qui
1401 1740 1614 1800 patrum
1678 1731 2039 1802 insipientiam

2144 1739 2506 1812 παράκλησις,
2535 1744 2631 1796 καὶ
2661 1721 3005 1815 παραμυθία,
3033 1721 3283 1803 καλοῦσα.
3302 1747 3438 1820 πρὸς
3463 1721 3732 1821 ἀποστρο-

468 1824 786 1884 sequuntur,
832 1815 1209 1887 maiorumque
1242 1818 1690 1875 consuetudinem
1724 1836 1822 1891 pro
1857 1822 2042 1879 defen-

465 1908 622 1960 sione
676 1906 997 1962 irrel'utabili
1051 1910 1380 1978 obtendunt,
1423 1911 1548 1966 licet
1599 1912 1665 1968 de
1709 1916 2041 1982 gravissimis

463 1992 630 2069 656
658 1997 952 2053 sceleribus
996 2001 1479 2069 reprehendantur.
1521 2001 1625 2058 Sed
1657 2004 1763 2060 hoc
1801 2007 2040 2063 usitatis-

463 2091 663 2141 .sinmm
723 2097 805 2142 est
856 2087 1121 2144 idolorum
1171 2092 1488 2149 cultoribus.
1542 2092 1731 2150 Vocati
1778 2099 1920 2153 enim
1974 2100 2039 2155 ad

465 2179 790 2247 agnitionem
827 2176 1113 2249 ‘veritatis,
1155 2192 1368 2252 patrum
1414 2197 1655 2241 errorem
1709 2202 1924 2257 semper
1957 2186 2041 2257 ja-

463 2282 638 2335 rtant,
664 2270 996 2343 illorumque
1038 2273 1404 2343 ignorantiam
1436 2287 1491 2329 ut
1522 2286 1805 2346 paternam
1844 2294 2038 2348 quant~

464 2367 585 2416 dum
624 2363 993 2418 btcrcditatem
1024 2364 1417 2434 amplexantes,
1446 2369 1572 2421 cmci
1598 2381 1942 2439 permanent.
1974 2371 2040 2425 Et

463 2459 680 2524 opinor.
714 2457 930 2511 etiamsi
964 2459 1233 2528 quispiam
1266 2460 1349 2514 bis
1380 2461 1469 2530 qui
1503 2472 1624 2515 sunt
1659 2462 1726 2517 de
1752 2463 2038 2519 circumci-

465 2552 619 2602 sione
653 2551 906 2613 suaserit,
950 2550 1027 2604 uti
1079 2550 1282 2606 relictis
1328 2551 1680 2607 deterioribus
1733 2554 1800 2608 ad
1837 2556 2040 2610 condu-

467 2640 649 2694 cibilia
686 2655 805 2696 sese
847 2640 998 2705 dent,
1036 2641 1183 2710 ipsos
1212 2656 1427 2711 quoque
1466 2642 1532 2699 ad
1562 2653 1774 2713 patrum
1810 2660 2039 2701 consue-

466 2732 709 2786 tudinem
755 2730 1153 2802 confugituros.
1199 2730 1431 2811 Expedit
1468 2732 1632 2804 igitur
1673 2734 1924 2790 seductos
1963 2736 2037 2790 ita

462 2823 788 2893 compellare
840 2841 854 2879 :
902 2841 921 2875 ι
957 2821 1351 2879 Couvcrtimiui
1399 2827 1465 2878 ad
1508 2839 1613 2890 me,
1663 2837 1719 2879 et
1752 2836 2039 2882 convertar

460 2915 529 2970 ad
576 2930 693 2982 vos,
737 2912 872 2970 dicit
916 2913 1183 2969 Dominus
1219 2914 1580 2986 omnipotens.
1613 2934 1631 2969 ι
1663 2910 1732 2971 Ει
1767 2916 1856 2972 illo
1888 2918 2040 2974 insu-

455 3022 559 3080 per
595 3025 609 3061 :
650 3027 670 3059 ι
702 3006 874 3062 Nolite
912 3004 1026 3062 fieri
1062 3010 1419 3078 sicutpatres
1451 3009 1637 3075 vestri,
1671 3028 1688 3063 ι
1724 3011 1817 3082 qui
1851 3026 2039 3093 errore

463 3100 635 3155 delusi
667 3099 937 3166 vide‘licet,
973 3100 1024 3154 in
1062 3099 1370 3171 ignorantia
1401 3100 1492 3157 fixi
1521 3103 1893 3172 perstiterunt.

2148 1830 2255 1902 φὴν
2307 1833 2415 1886 τῶν
2470 1833 2712 1906 αἰσχρῶν
2757 1837 3226 1908 ἐπιτηδευμάτων,
3258 1839 3515 1910 ἀνόνητον
3564 1838 3622 1893 δὲ
3668 1834 3731 1893 τὸ

2148 1921 2379 1992 πρᾶγμα
2417 1921 2552 1976 πολὺ
2583 1922 2701 1976 λίαν
2733 1924 2969 1978 ὲτέθειτο
2996 1925 3328 1980 ἀπονεύσασι
3353 1928 3488 1997 πρὸς
3514 1927 3574 1981 τὸ
3602 1927 3729 1981 δυσ-

2147 2012 2330 2084 ήκοον.
2362 2014 2775 2083 Καταγέλαστοι
2824 2014 2889 2086 δὴ
2934 2011 3048 2082 οὖν,
3077 2018 3125 2070 οἱ
3171 2019 3293 2080 ταῖς
3324 2017 3433 2071 τῶν
3477 2019 3730 2088 πατέρων

2144 2102 2409 2174 ἀμαθίαις
2466 2105 2742 2175 ἑπόμενοι,
2786 2107 2881 2159 καὶ
2929 2107 3264 2179 προγονικὴν
3312 2107 3602 2180 συνήθειαν
3653 2107 3730 2171 ὡς

2144 2193 2585 2266 δυσανάτρεπτον
2606 2196 2901 2265 ἀπολογίαν
2936 2196 3386 2268 προϐαλλόμενοι,
3422 2196 3525 2252 κᾶν
3555 2198 3604 2250 εἰ
3635 2197 3729 2251 ἐπὶ

2144 2291 2254 2352 τοῖς
2299 2288 2549 2359 ἐσχάτοις
2595 2290 2988 2360 καταψέγοιντο
3036 2291 3246 2354 κακοῖς.
3267 2289 3426 2353 Ἐθος
3472 2288 3530 2342 δὲ
3572 2288 3731 2343 τοῦτο

2148 2378 2380 2450 μάλιστα
2427 2381 2538 2443 τοῖς
2579 2378 2687 2433 τῶν
2716 2378 2948 2433 εἰδώλων
2973 2376 3354 2451 θεραπευταῖς.
3386 2376 3728 2448 Καλούμενοι

2144 2470 2254 2541 γὰρ
2279 2469 2373 2522 ἐπὶ
2397 2468 2495 2539 τὴν
2526 2471 2625 2542 τῆς
2656 2469 2912 2541 ἀληθείας
2943 2469 3262 2538 ἐπίγνωσιν,
3287 2467 3388 2538 τῆς
3417 2467 3526 2521 τῶν
3557 2465 3726 2521 πατέ-

2145 2578 2256 2631 ρων
2302 2560 2519 2632 ἀπάτης
2560 2560 2957 2632 διαμέμνηνται
3002 2558 3303 2630 πανταχοῦ,
3333 2558 3429 2612 καὶ
3475 2555 3729 2630 πατρῷον

2144 2648 2334 2721 ῶσπερ
2362 2648 2486 2703 τινὰ
2517 2649 2718 2722 κλῆρον
2751 2650 2812 2703 τὸ
2841 2650 3070 2704 ἐκείνων
3099 2648 3309 2721 ἀμαθὲς
3334 2646 3725 2717 ἀσπαζόμενοι,

2143 2739 2454 2811 διαμένουσι
2481 2741 2693 2811 τυφλοί.
2729 2732 2896 2812 Οἶμαι
2927 2736 3007 2804 δὲ,
3038 2740 3119 2794 ὅτι
3154 2739 3256 2795 κᾶν
3282 2741 3330 2794 εί
3368 2739 3551 2801 αὐτοῖς
3586 2754 3728 2808 συμο

2145 2829 2452 2885 ϐουλεύσειέ
2476 2848 2561 2897 τις
2589 2834 2702 2897 τοῖς
2721 2833 2787 2886 ὲκ
2810 2834 3112 2905 περιτομῆς
3138 2831 3393 2904 μεταθεῖν
3416 2830 3485 2886 τά
3510 2829 3727 2899 αἰσχίω,

2144 2924 2240 2979 καί
2254 2925 2420 2996 τιμᾷν
2448 2923 2665 2978 ἑλέσθαι
2694 2923 2753 2978 τὸ
2781 2923 3043 2995 ὠφελοῦν,
3073 2925 3165 2978 ἐπὶ
3188 2924 3288 2996 τὴν
3324 2922 3433 2977 τῶν
3476 2922 3729 2993 πατέρων

2146 3014 2435 3086 συνήθειαν
2489 3014 2890 3085 καταφεύξουσι
2934 3015 3030 3069 καὶ
3071 3012 3244 3068 αὐτοί.
3294 3013 3578 3084 Χρήσιμον
3635 3004 3729 3063 οὖν

2063 3100 2108 3159 C
2142 3108 2255 3170 τοῖς
2299 3104 2674 3178 πλανωμένοις
2721 3107 3043 3177 ἐπιφωνεῖν·
3105 3102 3543 3176 «Ἐπιστρέψατε
3589 3099 3729 3163 πρός

462 3214 555 3264 με,
598 3195 693 3251 καὶ
740 3196 1217 3267 ὲπιστραφήσομαι
1263 3192 1398 3267 πρὸς
1446 3199 1610 3270 ὑμᾶς,
1681 3199 1825 3269 λέγει
1869 3198 2074 3271 Κύριος
2114 3202 2530 3274 παντοκράτωρ.
2562 3220 2581 3254 ι
2621 3201 2732 3256 Καὶ
2799 3200 2907 3272 μὴν
2939 3198 3058 3266 καὶ,
3115 3217 3134 3251 ι
3164 3198 3257 3270 Μὴ
3293 3197 3508 3268 γίνεσθε
3546 3196 3729 3274 καθὼς

460 3295 511 3347 οἱ
542 3293 775 3365 πατέρες
806 3292 978 3364 ὑμῶν,
1010 3311 1029 3345 ι
1063 3293 1111 3345 οἰ
1140 3292 1482 3364 πλανιῖψενοι
1508 3294 1772 3367 δηλονότι,
1799 3296 1897 3350 καὶ
1937 3296 2102 3372 μέχρι
2133 3298 2227 3353 τοῦ
2263 3299 2465 3363 παντὸς
2498 3297 2869 3370 μεμενηκότες
2894 3297 2952 3350 ἐν
2976 3295 3241 3367 ἀγνωσία.

540 3384 701 3440 Vens.
745 3384 802 3450 5,
831 3386 886 3439 6.
929 3383 1116 3439 Patres
1148 3387 1315 3439 vestri.
1351 3388 1442 3443 ubi
1471 3399 1614 3457 sunt,
1647 3399 1698 3443 et
1730 3389 1992 3459 propheta:
2013 3393 2039 3447 .9

463 3476 737 3546 Numquid
767 3478 820 3530 in
850 3487 1101 3531 (utentum
1136 3478 1343 3532 vivent?
1376 3476 1752 3535 Verumtamen
1773 3498 2038 3539 sermones

460 3583 624 3631 meos,
656 3574 706 3619 et
728 3565 959 3634 legitima
989 3581 1103 3619 mea
1131 3566 1400 3636 suscipite,
1429 3583 1750 3638 qumcunque
1777 3584 1870 3637 ego
1896 3583 2038 3638 pra:-

460 3660 600 3727 cipio
637 3660 689 3712 iu
720 3658 911 3727 spiritu
944 3675 1057 3713 meo
1083 3660 1247 3714 servis
1288 3661 1417 3715 meis
1455 3659 1746 3729 prophetis,
1769 3660 1859 3729 qui
1889 3677 2036 3715 com-

457 3751 839 3817 prehenderunt
897 3760 1075 3819 patres
1129 3763 1349 3810 vestros.
1403 3749 1473 3804 Et
1528 3752 1941 3820 responderunt,
1986 3761 2035 3809 et

378 3858 383 3863 ·
460 3841 702 3896 dixerunt
737 3855 754 3892 :
786 3839 932 3896 Sicut
970 3844 1122 3912 quasi
1169 3841 1280 3896 acie
1334 3843 1621 3899 instructus
1654 3854 1729 3898 est
1782 3844 2036 3899 Dominus

460 3932 809 3999 omnipotens,
845 3932 1018 4002 facere
1059 3933 1205 3987 nobis
1235 3935 1522 3988 secundum
1562 3934 1673 3989 vias
1718 3943 1946 4000 nostras,
1985 3942 2034 3989 et

457 4024 747 4081 secundum
776 4025 953 4080 studia
988 4035 1193 4092 nostra,
1218 4026 1295 4080 sic
1322 4024 1445 4095 fecit
1469 4026 1636 4083 nobis.

529 4206 620 4285 iV.
663 4205 970 4278 Antequam
1018 4205 1206 4264 Iudaea
1264 4218 1317 4263 et
1369 4156 1741 4281 Hierosolvma
1790 4208 2038 4281 subjuga-

459 4305 671 4361 reutur,
701 4299 1087 4365 prophetarum
1124 4311 1319 4352 nomen
1349 4298 1504 4365 quasi
1533 4312 1822 4368 personam
1846 4314 2038 4370 quant-

460 4388 585 4444 dam
621 4389 726 4443 sibi
753 4389 1090 4458 imponentes
1135 4388 1398 4453 nonnulli,
1447 4389 1513 4445 de
1546 4389 1711 4444 corde
1739 4405 1859 4457 suo,
1897 4391 2038 4445 sicut

2216 3396 2281 3447 Ol
2327 3392 2583 3460 πατέρες
2634 3391 2794 3460 ὑμῶν
2833 3389 2960 3461 ,ποῦ
2993 3388 3114 3443 εἰσί
3157 3386 3255 3443 καί
3297 3389 3352 3442 οἰ
3384 3386 3692 3463 προφῆται
3706 3428 3723 3451 ,

2136 3484 2198 3536 Μ
2204 3482 2235 3550 ὴ
2265 3481 2372 3536 τὸν
2397 3479 2581 3537 αἰῶνα
2626 3479 2909 3548 ζήσονται
2923 3496 2943 3545 ;
2989 3480 3165 3550 Πλὴν
3194 3477 3339 3553 τρὺς
3358 3480 3582 3548 λόγους
3605 3496 3725 3549 μου

2139 3569 2241 3623 καί
2275 3569 2346 3623 τὰ
2373 3569 2595 3640 νόμιμά
2612 3586 2734 3639 μου
2761 3569 3034 3638 δέχεσθε,
3066 3568 3184 3623 ὅσα
3216 3566 3331 3639 ἐγὼ
3366 3567 3725 3637 ἐντέλλομαι

2136 3662 2208 3715 ἐν
2234 3663 2529 3732 πνεύματί
2567 3677 2688 3732 μου
2738 3660 2863 3728 τοῖς
2894 3661 3139 3728 δούλοις
3167 3678 3288 3730 μου
3336 3658 3461 3725 τοῖς
3501 3658 3723 3728 προφοή-
3782 3707 3791 3715 .

2136 3768 2285 3817 ταις,
2318 3751 2375 3805 οἳ
2422 3751 2841 3807 κατελάϐοσαν
2891 3750 3035 3817 τοὺς
3079 3748 3340 3819 πατέρας
3382 3747 3567 3818 ὑμῶν.
3613 3749 3722 3803 Καὶ

2136 3843 2570 3913 ἀπεκρίθησαν,
2620 3842 2719 3897 καί
2759 3838 2939 3897 εἵπαν
2965 3859 2979 3871 ·
3031 3839 3237 3907 Καθὼς
3286 3839 3723 3910 παρατέτακται

2136 3937 2353 4003 Κύριος
2387 3935 2832 4006 παντοκράτωρ,
2859 3934 2964 3989 τοῦ
2995 3930 3248 4001 ποιῆσαι
3273 3932 3418 4001 ἡμῖν
3445 3934 3595 3987 κατὰ
3616 3932 3722 3997 τὰς

2135 4027 2317 4092 ὀδοὺς
2351 4027 2524 4098 ἡμῶν
2560 4027 2659 4081 καί
2708 4026 2860 4082 κατὰ
2910 4025 2983 4080 τὰ
3014 4023 3479 4094 ’ἐπιτηδεύματα
3529 4022 3715 4094 ἡμῶν,

2136 4119 2324 4185 οὕτως
2347 4119 2645 4187 ἐποίησεν
2676 4117 2846 4188 ἡμῖν.

2208 4211 2280 4263 Δ¹.
2323 4208 2458 4281 Πρὶν
2505 4208 2710 4270 ἁλῶναι
2763 4208 2864 4278 τὴν
2896 4207 3180 4271 Ἰουδαίαν,
3212 4206 3309 4260 καὶ
3360 4204 3499 4259 αὐτὰ
3545 4204 3601 4258 δὲ
3650 4204 3717 4259 τὰ

2146 4300 2516 4372 Ἰεροσόλυμα,
2542 4300 2604 4354 τὸ
2630 4300 2731 4371 τῆς
2774 4299 3109 4371 προφητείας
3145 4298 3338 4369 ὄνομα,
3365 4299 3617 4369 καθάπερ
3658 4297 3719 4352 τὸ

2137 4395 2476 4462 προσωπεῖον
2522 4392 2734 4456 ἑαυτοῖς
2763 4391 3131 4464 περιτιθέντες
3173 4390 3340 4457 τινες,
3387 4391 3608 4444 ἐλάλουν
3650 4390 3717 4442 τά

458 4479 722 4549 scriptum
752 4489 836 4535 est
855 4480 901 4547 τ,
934 4495 1040 4535 non
1067 4479 1134 4534 de
1173 4493 1272 4535 ore
1301 4477 1510 4535 Domini
1545 4480 1945 4559 loquebantur,
1969 4479 2033 4534 lii

2142 4482 2243 4536 ἀπὸ
2287 4480 2513 4554 καρδίας
2552 4483 2752 4548 αὐτῶν,
2786 4483 2929 4538 καθά
2956 4483 3288 4556 γέγραπται,
3318 4483 3415 4536 καὶ
3459 4483 3561 4536 οὐκ
3610 4482 3718 4536 ἀπὸ

459 4588 556 4642 per
598 4573 941 4630 mendacium
988 4574 1275 4638 canebant,
1332 4586 1445 4635 non,
1491 4580 1811 4641 occupatum
1855 4571 1919 4625 iri
1967 4572 2035 4626 ab

2142 4575 2406 4647 στόματος
2446 4577 2677 4647 Κυρίου.
2705 4571 2864 4631 Οὗτοι
2904 4575 3329 4649 ψευδοεποῢντες
3360 4575 3616 4646 ἔφασκον,
3643 4575 3718 4637 ὡς

428 4666 705 4727 ,ἰιοειίιιιιε
751 4675 997 4721 sanctam
1044 4664 1345 4728 civitatem,
1401 4676 1630 4732 nequeo
1668 4662 2035 4717 vastatoribus

2142 4666 2238 4721 οὐκ
2270 4667 2334 4721 ἂν
2365 4667 2519 4740 ἁλοίη
2569 4668 2699 4722 ποτὲ
2738 4670 2868 4739 παρ’
2893 4668 3104 4741 ἐχθρῶν
3142 4670 3176 4740 ή
3223 4667 3353 4738 ἁγία
3397 4667 3571 4734 πόλις,
3607 4667 3717 4719 οὐδ’

456 4755 870 4826 expugnabilem
915 4755 1031 4809 lore
1060 4752 1313 4809 lsraelem
1346 4770 1361 4808 :
1399 4752 1494 4808 sed
1527 4751 1785 4809 felicitate
1816 4766 2033 4821 semper

2142 4760 2205 4815 ἂν
2236 4760 2445 4830 γένοιτὸ
2476 4778 2607 4817 ποτε
2641 4764 2754 4826 τοῖς
2778 4760 3019 4816 ἐθέλουσι
3053 4761 3356 4834 καταδῃοὼ
3402 4758 3717 4828 εὐκαταγώ-

460 4862 703 4913 usuram,
762 4857 816 4901 et
869 4845 922 4902 in
981 4845 1203 4912 perenni
1249 4843 1525 4914 voluptate
1578 4843 1870 4910 victuram,
1922 4845 2032 4900 Deo

2142 4868 2316 4916 νιστος
2343 4854 2372 4905 ὁ
2395 4851 2614 4924 Ἰσραήλ
2635 4869 2649 4884 ³
2678 4852 2794 4909 ἀλλ’
2814 4852 3216 4924 ἐρηρεισμένην
3241 4852 3351 4918 ἔξει
3374 4850 3474 4923 τὴν
3513 4851 3715 4920 εὑημε-

458 4947 798 5008 prowgeute,
845 4947 900 4992 et
949 4938 1183 4995 electum
1226 4948 1398 5003 genus
1435 4933 1741 4988 ltonorante
1771 4945 2033 5004 perpetuo

2142 4944 2297 5015 ρίαν,
2348 4943 2443 4997 καὶ
2500 4944 2560 4998 ὲν
2598 4944 2919 5015 ἀκλονήτοις
2966 4944 3210 4998 κείσεται
3263 4944 3535 5014 τρυφαῖς,
3578 4940 3714 4992 Θεοῦ

459 5046 521 5083 ne
554 5029 830 5097 diligente.
881 5025 1264 5095 Loquebantur
1307 5039 1473 5094 porro
1527 5024 1662 5091 lta'c,
1713 5025 1853 5079 sicut
1895 5026 2029 5093 dixi,

459 5116 784 5171 mentientes
830 5116 1036 5178 miseri,
1079 5123 1135 5168 et
1168 5113 1415 5168 lsraelem
1444 5115 1556 5184 jam
1605 5124 1734 5169 ante
1781 5116 2029 5186 ignavum

458 5205 792 5274 ignaviorem
843 5201 1165 5269 cﬂicicbanl,
1196 5217 1322 5257 cum
1354 5203 1420 5258 ad
1465 5201 1635 5257 Deum
1680 5202 2021 5272 placandum,

457 5307 512 5353 et
546 5309 707 5364 quant
745 5292 1055 5364 longissime
1106 5294 1336 5362 repulsis
1382 5295 1579 5363 quibus
1620 5309 1743 5350 eum
1781 5296 2031 5353 irritave-

431 5364 435 5369 ⁷
460 5395 601 5448 rant,
624 5386 691 5442 ad
714 5385 828 5453 ejus
857 5382 1054 5452 placita
1078 5385 1427 5455 exsequenda
1454 5385 1660 5441 hortari
1688 5387 2025 5445 debuissent.

456 5476 558 5553 Ast
598 5474 667 5528 illi
700 5475 986 5527 veritatem
1035 5474 1087 5528 iu
1120 5477 1416 5546 postremis
1447 5466 1772 5561 habuerunt,
1804 5483 2028 5551 quzesti-

534 5638 709 5720 'Agg.
738 5667 775 5716 t,
805 5650 924 5706 6-9.
1002 5652 1019 5683 ⁷
1056 5653 1254 5706 Jet‘em.
1290 5670 1445 5719 xxiii,
1484 5655 1565 5709 16.

2138 5029 2587 5103 προασπίζοντος,
2615 5032 2708 5086 καὶ
2732 5030 2793 5085 τὸ
2818 5030 3115 5088 ἀπόλεκτον
3136 5030 3225 5085 ἀεὶ
3249 5028 3519 5101 τιμῶντός
3539 5046 3599 5081 τε
3622 5029 3717 5082 καὶ

2135 5119 2457 5189 ἀγαπῶντος
2480 5120 2945 5190 γένος-Ἔφασκον
2964 5121 3022 5175 δὲ
3044 5120 3287 5183 τοιαῦτα,
3308 5117 3559 5189 καθάπερ
3579 5115 3715 5187 ἔφην

2134 5212 2357 5283 ἀρτίως,
2374 5211 2833 5283 ψευδηγοροῦντες
2852 5213 2903 5265 οί
2925 5211 3172 5278 τάλανες,
3201 5211 3292 5264 καὶ
3317 5211 3561 5282 ῥᾴθυμον
3583 5208 3714 5261 ὅντα

2131 5300 2223 5354 τὸν
2256 5301 2476 5373 Ἰσραὴλ
2518 5301 2836 5364 ὑπτιοῖωτες
2879 5300 2982 5364 ἔτι,
3012 5300 3188 5352 καίτοι
3237 5298 3354 5353 δέον
3400 5296 3714 5352 ἀναπείθειν

2132 5393 2572 5464 ὲκμειλίσσεσθαι
2598 5394 2750 5457 θεὸν,
2793 5394 2885 5447 καὶ
2932 5393 3001 5447 τὰ
3049 5392 3132 5462 ἐφ’
3167 5388 3246 5455 οἷς
3287 5390 3587 5463 λελύπηται
3632 5396 3713 5463 ρι-

2136 5487 2403 5552 πτοῢντας
2444 5488 2829 5553 memmi,
2868 5486 3205 5559 μεταφοιτᾷν
3235 5485 3450 5539 ἑλέσθαι
3484 5484 3618 5558 πρὸς
3653 5484 3713 5537 τὸ
