4130 6470
492 378 565 471 εδ
1482 414 1539 470 s.
1580 376 1851 470 CYRlLLl
1888 411 2358 469 ALEXANDRINI
2392 411 2713 469 ARCHIEP.
2900 429 2909 435 -
3680 420 3754 475 ει

493 530 766 601 parabolae
807 531 1152 602 evangelicae.
1192 532 1285 587 Ait
1312 533 1455 587 cnim
1487 531 1682 588 alicubi
1715 533 1966 588 Chrisms
2002 532 2065 587 de

2169 531 2329 601 λικῆς
2370 532 2686 603 παραϐολῆς
2720 532 3182 605 ήδύναμις.Ἔφη
3229 534 3340 606 γάρ
3381 552 3483 590 που
3519 537 3759 608 Χριστὸς

495 636 766 694 synagoga
817 622 1148 692 Iudaeorum,
1203 625 1303 680 sub
1355 626 1635 681 involucro
1688 625 1764 680 illi
1812 637 2065 680 eventura

2181 623 2311 693 περὶ
2344 622 2445 693 τῆς
2474 622 2582 676 τῶν
2609 624 2877 677 Ἰουδαίων
2908 625 3251 696 συναγωγῆς,
3287 626 3349 679 τὸ
3395 628 3591 697 μέλλον·
3617 630 3754 699 αὐτῇ

496 726 916 783 przemonstrans
947 734 961 771 :
997 734 1016 768 ι
1043 716 1233 771 Ficum
1266 717 1496 772 habebat
1522 717 1742 787 quidam
1773 717 2065 786 plantatam

2182 712 2558 784 συμϐήσεσθαι
2588 715 3016 785 προαναδεικνὺς
3042 717 3490 787 αἰνιγματωδῶς·
3532 737 3551 769 ι
3577 719 3757 787 Συκῆν

496 804 549 860 in
580 820 710 875 agro
761 821 861 862 suo
887 808 952 863 ".
990 827 1009 861 ι
1050 808 1221 875 Quam
1258 818 1316 863 ut
1345 809 1585 865 sterilem
1616 810 1936 865 exscindere
1977 825 2074 865 vo-

498 898 630 962 luit,
683 899 844 968 idque
905 900 1104 955 cultori
1166 904 1339 956 vineae
1391 902 1710 956 mandavit:
1753 919 1771 952 ι
1805 901 2074 955 Exscinde

498 987 665 1052 illam,
690 990 866 1059 inquit
894 1007 907 1044 :
941 999 999 1044 ut
1031 991 1161 1060 quid
1191 992 1369 1045 adhuc
1399 998 1602 1045 terram
1635 989 1915 1061 occupat!
1934 989 2069 1044 Tum

495 1082 674 1137 cultor
709 1101 721 1135 :
759 1084 1004 1148 Domine,
1024 1085 1141 1139 sine
1177 1085 1323 1139 illam
1363 1085 1527 1139 etiam
1562 1083 1669 1139 hoc
1698 1097 1863 1147 anno,
1899 1096 2073 1153 usque

496 1174 624 1230 dum
662 1176 861 1231 l'odiam
911 1178 1055 1231 circa
1106 1177 1277 1243 inata,
1320 1185 1374 1232 et
1421 1178 1633 1230 mittam
1688 1184 1933 1230 stercora
1969 1192 1983 1228 :
2017 1180 2073 1229 et

496 1264 727 1321 fortasse
774 1266 970 1321 fecerit
1016 1266 1252 1320 fructum
1306 1266 1357 1320 in
1394 1273 1675 1335 posterum
1727 1281 1739 1317 :
1787 1264 1832 1320 si
1869 1264 2069 1329 minus,

493 1359 778 1413 exseindes
824 1372 942 1414 eam
970 1358 1036 1411 ¹⁸.
1075 1376 1093 1410 ι
1126 1356 1263 1424 Quid
1309 1358 1453 1425 enim
1500 1356 1643 1412 aliud
1687 1356 1842 1411 nobis
1886 1355 1941 1410 in
1984 1355 2069 1410 bis

496 1464 725 1516 persona
783 1451 1030 1507 vinitoris
1081 1452 1345 1517 insinuat,
1391 1451 1494 1506 nisi
1535 1449 1851 1521 praefectum
1898 1463 2070 1519 ange-

495 1544 627 1610 lum,
658 1552 713 1599 et
764 1545 831 1599 ad
880 1545 1076 1613 ipsam,
1127 1552 1186 1599 ut
1227 1543 1363 1608 dixi,
1409 1543 1762 1599 erudiendum
1801 1542 2068 1598 constitu-

495 1637 655 1691 tum?
701 1636 868 1707 igitur
922 1636 1031 1693 Deo
1070 1636 1434 1708 captivitatem
1478 1651 1621 1692 anno
1672 1635 2070 1707 septuagesimo

492 1730 998 1797 circumscribente,
1036 1738 1163 1785 ante
1196 1729 1248 1785 id
1294 1738 1505 1801 tempus
1534 1729 1768 1793 ﬁnitum,
1801 1727 2068 1783 silendum

495 1817 594 1874 fuit
624 1822 952 1887 necessario,
994 1835 1061 1877 ne
1088 1820 1385 1875 Dominicis
1418 1821 1639 1875 nutibus
1681 1818 1958 1874 adversari
1988 1818 2070 1873 vi-

490 1912 735 1969 deretur.
781 1912 1050 1967 Caeterum
1102 1910 1257 1966 annis
1305 1910 1416 1979 iam
1481 1909 1813 1974 transactis,
1873 1921 2064 1978 preces

2169 1905 2261 1960 τοῦ
2293 1906 2511 1978 καιροῦ,
2543 1908 2759 1979 σιωπᾷν
2785 1903 2853 1978 ἦν
2883 1907 3196 1975 ἀναγκαῖον,
3226 1908 3303 1969 ὡς
3340 1906 3406 1960 ἂν
3454 1907 3528 1977 μή
3571 1905 3754 1975 δοκοίη
3856 1958 3865 1967 ,

494 2001 672 2059 fundit
696 2003 1040 2074 suppliciter:
1062 2002 1482 2071 oﬂ'ensionisque
1501 2002 1809 2071 suspicione
1830 2000 2065 2063 sublata,

489 2110 611 2150 cum
660 2096 797 2150 sciat
852 2093 1141 2150 Dominum
1190 2093 1405 2149 mentiri
1436 2095 1567 2161 :non
1614 2107 1794 2162 posse,
1855 2092 2067 2146 discere

488 2186 635 2257 cupit
662 2187 821 2260 661
855 2196 1034 2242 utrum
1077 2187 1201 2242 irati
1242 2186 1504 2252 vindicta,
1529 2184 1681 2254 juxta
1716 2193 1872 2240 vetus
1901 2185 2068 2239 bene-

488 2280 747 2350 placitum
805 2280 861 2333 in
911 2294 1112 2334 annum
1171 2277 1629 2348 septuagesimum
1687 2276 2062 2340 extendenda,

487 2373 710 2443 perinde
740 2371 988 2437 cessarit,
1021 2371 1165 2426 sicut
1214 2384 1444 2443 peccare
1492 2370 1774 2434 desierint,
1815 2369 1907 2440 qui
1940 2383 2067 2440 pec-

488 2467 693 2524 cabant
728 2484 743 2524 :
776 2481 842 2522 an
884 2467 1024 2521 ultra
1055 2465 1231 2521 adhuc
1262 2463 1605 2535 proferenda,
1654 2462 1851 2518 additis
1873 2477 2066 2533 pecca-

489 2562 558 2617 tis
593 2560 767 2625 novis,
814 2568 869 2614 et
906 2556 1245 2628 proroganda
1277 2555 1455 2612 adhuc
1502 2555 1555 2609 in
1591 2553 1808 2621 longum
1843 2552 2066 2608 calami-

486 2659 592 2708 tas.
621 2651 830 2708 Idcirco
858 2651 932 2707 ait
959 2669 973 2705 :
1013 2670 1032 2703 ι
1065 2650 1356 2719 Quousque
1385 2663 1491 2703 non
1537 2646 1883 2702 misereberis
1908 2644 2066 2701 Jeru-

484 2745 693 2811 salem,
755 2751 811 2800 et
868 2745 1148 2800 civitatum
1209 2740 1362 2796 Iudae
1418 2740 1784 2812 neglectarum
1828 2737 1943 2808 jam
1995 2737 2063 2792 ad

484 2848 685 2892 annum
723 2851 895 2906 usque
926 2831 1422 2907 septuagesimum?
1452 2850 1475 2884 ι

551 3009 818 3079 Quocirca
881 3023 977 3080 spe
1006 3009 1150 3064 bona
1182 3015 1237 3064 et
1261 3006 1540 3078 explorata
1564 3012 1942 3061 sustentantur
1968 3003 2062 3073 qui

483 3103 651 3156 Deum
680 3101 881 3164 colunt,
906 3101 1048 3169 quod
1077 3099 1124 3155 si
1170 3098 1457 3167 contigerit
1495 3095 1769 3154 oﬂ'endere
1794 3111 1855 3152 ex
1908 3097 2063 3152 inﬁr-

484 3192 694 3257 mitate,
729 3206 850 3247 esse
877 3192 970 3261 qui
1003 3190 1145 3261 apud
1185 3191 1354 3246 Deum
1389 3204 1488 3258 pro
1544 3189 1676 3258 ipsis
1730 3188 2059 3259 supplicent,

484 3294 589 3337 non
614 3282 861 3338 homines
890 3289 1118 3348 tantum,
1138 3280 1232 3336 sed
1262 3281 1424 3336 etiam
1444 3280 1586 3347 ipsos
1612 3288 1831 3335 sanctos
1848 3279 2067 3351 angelos

484 3374 576 3442 qui
608 3372 776 3427 Deum
807 3373 991 3428 mitem
1018 3381 1074 3427 et
1098 3371 1370 3441 placidum
1414 3372 1660 3439 reddant,
1696 3388 1792 3430 sua
1832 3371 2068 3440 puritate

482 3473 540 3519 et
588 3464 895 3520 innocentia
936 3464 1054 3533 ejus
1095 3462 1204 3517 iras
1260 3464 1535 3527 sedantes,
1600 3471 1656 3517 et
1700 3461 2064 3531 indignantem

476 3555 713 3624 judicem
738 3555 805 3610 ad
834 3554 1218 3625 ignoscendum
1239 3554 1637 3623 quodammodo
1660 3552 2063 3622 compellentes.

485 3646 685 3702 Verum
710 3656 818 3701 tum
838 3647 1054 3716 quidem
1077 3645 1302 3716 angelus
1334 3661 1435 3715 pro
1464 3660 1737 3718 synagoga
1757 3643 2065 3699 Judaeorum

482 3736 705 3807 supplex
738 3737 920 3793 ﬁebat.
954 3736 1064 3794 Nos
1100 3745 1280 3794 autem
1318 3737 1506 3793 iideles
1547 3749 1604 3793 et
1650 3735 1970 3792 sanctificati
2000 3734 2066 3790 de

482 3838 682 3885 caetero
710 3828 762 3883 in
781 3828 994 3898 spiritu,
1016 3846 1036 3881 ι
1059 3832 1375 3884 advocatum
1407 3828 1668 3884 habemus
1688 3827 1825 3897 apud
1847 3825 2063 3881 Patrem

481 3918 668 3975 Jesum
692 3920 989 3989 Christum,
1016 3930 1070 3978 et
1097 3922 1211 3993 ipse
1235 3931 1319 3978 est
1344 3921 1655 3992 propitiatio
1681 3935 1782 3990 pro
1829 3919 2066 3989 peccatis

483 4015 728 4071 nostris:
765 4030 865 4071 nec
893 4029 992 4085 pro
1018 4016 1219 4072 nostris
1258 4023 1485 4080 tantum,
1513 4015 1607 4070 sed
1636 4022 1692 4069 et
1752 4026 1849 4082 pro
1900 4012 2065 4066 totius

482 4107 669 4163 mundi
699 4109 801 4162 ".s
839 4107 903 4163 Et
928 4094 1238 4164 ut‘divinus
1268 4107 1465 4163 Paulus
1492 4107 1752 4176 scriptum
1802 4104 2019 4175 reliquit
2044 4119 2060 4159 :

485 4218 506 4252 ι
536 4199 712 4271 ipsum
741 4201 917 4271 posuit
944 4201 1082 4256 Deus
1104 4200 1540 4270 propitiationem
1562 4214 1659 4269 per
1688 4198 1845 4254 (idem
1869 4196 1971 4264 “,s
1998 4196 2065 4252 li-

481 4290 759 4347 berantem
789 4306 818 4346 a
848 4294 1086 4363 peccatis
1114 4292 1180 4348 ad
1206 4292 1379 4361 ipsum
1415 4292 1757 4348 accedentes.

1122 4452 1163 4479 9

2179 799 2292 874 εἶχε
2332 821 2416 867 τις
2450 804 2863 876 πεφυτευμένην
2895 806 2955 859 ὲν
2982 806 3057 876 τῷ
3083 807 3240 878 ἀγρῷ
3260 807 3448 863 αὑτοῦ.
3480 827 3499 859 s
3537 809 3763 879 Ἐπειδὴ

2178 895 2234 948 δὲ
2264 897 2511 965 ἄκαρπος
2541 893 2628 968 ἦν,
2656 898 2944 950 ἐκκόπτειν
2982 899 3149 970 αὐτὴν
3181 900 3361 971 ἤθελε,
3388 903 3481 954 καὶ
3505 901 3570 972 δὴ
3598 900 3757 953 τοῦτο

2178 987 2308 1059 δρᾷν
2341 988 2558 1041 ἐκέλευε
2580 989 2756 1057 λέγων
2778 989 2856 1059 τῷ
2899 989 3154 1059 γηπόνῳ·
3200 1011 3219 1042 ι
3248 991 3517 1061 ’Ἑκκοψον
3563 992 3755 1061 αὐτὴν,

2182 1081 2267 1133 ἵνα
2296 1081 2349 1134 τί
2375 1080 2469 1135 καὶ
2489 1081 2585 1152 τὴν
2612 1083 2715 1152 γῆν
2740 1086 3047 1154 καταργεῖ;
3086 1084 3144 1136 '0
3165 1082 3222 1137 δὲ
3246 1083 3382 1154 πρὸς
3409 1084 3566 1137 τοῦτό
3585 1098 3752 1153 φησι·

2178 1174 2373 1246 Κύριε,
2402 1175 2536 1242 ἄφες
2569 1174 2738 1246 αὐτὴν
2772 1175 2867 1230 καὶ
2891 1176 3049 1229 τοῦτο
3082 1177 3141 1229 τὸ
3173 1176 3308 1241 ἔτος,
3340 1177 3443 1239 ἓως
3472 1175 3538 1229 ἂν
3564 1175 3757 1245 σκάψω

2180 1265 2309 1335 περὶ⁵
2328 1264 2519 1335 αὐτὴν,
2540 1265 2637 1317 καὶ
2660 1265 2837 1335 βάλλω
2861 1266 3065 1338 κόπρια
3090 1285 3103 1299 ·
3132 1267 3235 1321 κᾶν
3265 1268 3365 1338 μὲν
3393 1269 3595 1339 ποιήσῃ
3621 1284 3758 1337 καρ⁴

2179 1356 2280 1409 πὸν
2302 1357 2382 1420 είς
2408 1356 2469 1409 τὸ
2496 1356 2689 1427 μέλλον
2713 1374 2726 1388 ·
2757 1358 2805 1409 εί
2831 1358 2885 1411 δὲ
2916 1360 2991 1429 μή
3022 1376 3108 1427 γε,
3140 1359 3397 1431 ἐκκόψεις
3428 1360 3619 1430 αὑτήν.
3645 1379 3664 1411 ι
3691 1360 3755 1411 Τί

2177 1449 2285 1520 γὰρ
2311 1449 2496 1519 ἕτερον
2517 1451 2649 1520 ἡμῖν
2678 1451 2735 1502 ὲν
2757 1449 2967 1513 τούτοις
2991 1451 3052 1503 τὸ
3081 1451 3173 1504 τοῦ
3200 1453 3440 1522 γηπόνου
3466 1451 3755 1522 πρόσωπον

2177 1539 2570 1603 ὑπαινίττεται,
2594 1539 2733 1611 πλὴν
2763 1541 2843 1594 ὅτι
2866 1541 2925 1594 τὸ
2945 1540 3040 1594 τοῦ
3064 1542 3465 1612 προεστηκότος
3499 1540 3754 1607 ἀγγέλου,

2177 1632 2271 1685 καὶ
2312 1633 2680 1700 παιδαγωγεῖν
2719 1632 2907 1703 αὐτὴν,
2938 1632 3013 1696 ὡς
3043 1632 3198 1704 ἔφην,
3236 1631 3753 1705 προστεταγμένους

2187 1724 2500 1796 Ὀρίσαντος
2526 1720 2620 1777 οῦν
2644 1723 2740 1777 τοῦ
2765 1723 2901 1777 Θεοῦ
2930 1726 3030 1795 τῆς
3055 1724 3429 1795 αἰχμαλωσίας
3453 1724 3544 1777 τὸν
3565 1724 3756 1793 χρόνον

2176 1817 2255 1878 εἰς
2292 1815 2411 1880 ἔτος
2450 1816 2871 1888 ἑϐδομηκοστὸν,
2899 1815 3054 1871 οῦπω
3088 1817 3186 1886 μὲν
3213 1817 3292 1880 εἰς
3326 1815 3502 1886 πέρας
3528 1816 3756 1885 ἥκοντος

2170 2000 2522 2063 Δεσποτικοῖς
2556 1999 2873 2067 ἀντεξάγειν
2919 2000 3170 2070 νεύμασι.
3221 1998 3649 2070 Πεπερασμένου
3697 1996 3756 2049 δὲ

2168 2088 2271 2160 ήδη
2324 2088 2417 2142 τοῦ
2470 2090 2695 2171 καιροῦ,
2720 2094 2955 2145 ποιεῖται
3001 2090 3102 2154 τὰς
3148 2090 3326 2156 λιτὰς,
3378 2091 3474 2143 καὶ
3515 2089 3616 2159 τῆς
3659 2086 3756 2140 τοῦ

2168 2180 2533 2252 προσκρούειν
2560 2181 2794 2252 ὑποψίας
2827 2183 2893 2235 ὲκ
2926 2182 3093 2253 μέσου
3122 2180 3515 2251 γεγενημένης,
3548 2177 3753 2247 ἀψευδῆ

2166 2273 2223 2326 δὲ
2257 2272 2387 2328 ὄντα
2409 2273 2501 2328 τδν
2527 2275 2807 2345 Δεσπότην
2842 2273 3016 2340 εἰδὼς,
3058 2274 3362 2344 ἀναμαθείν
3392 2272 3554 2337 ἀξιοῖ,
3591 2271 3754 2323 πότε-

2170 2383 2260 2437 ρον
2311 2369 2773 2440 συμπεπέρασται
2824 2368 2938 2431 τοῖς
2990 2366 3338 2439 ἡμαρτηκόσι
3385 2365 3454 2418 τά
3496 2363 3553 2430 ἐξ
3584 2362 3755 2432 ὀργῆς

2166 2458 2309 2513 κατὰ
2356 2460 2417 2512 τὸ
2465 2460 2636 2515 πάλαι
2668 2459 2861 2517 δοκοῦν
2906 2461 2986 2525 είς
3039 2459 3159 2523 ἔτος
3206 2459 3269 2513 τὸ
3311 2456 3754 2529 ἑδδομηκοστόνν

2165 2550 2332 2620 ἤγουν
2359 2549 2510 2605 ἔσται
2548 2569 2633 2616 τις
2664 2551 2829 2623 ἑτέρα
2854 2551 3016 2605 πάλιν
3038 2549 3338 2619 ἀνάϐλησις
3358 2544 3754 2618 προστεθειμέ-

2166 2658 2270 2696 νων
2299 2640 2603 2714 ἁμαρτιῶν,
2636 2642 2731 2696 καὶ
2754 2643 2834 2705 είς
2859 2643 3033 2713 μῆκος
3055 2641 3137 2695 ἔτι
3166 2641 3236 2694 τὰ
3254 2640 3353 2711 τῆς
3377 2637 3755 2708 ταλαιπωρίας

2165 2734 2348 2799 αὐτοῖς
2380 2734 2699 2787 ἐκτείνεται.
2743 2732 3011 2805 Tati-mro!
3045 2748 3244 2805 φησιν·
3287 2731 3464 2794 «Ἕως
3511 2730 3656 2792 τίνος
3689 2727 3752 2781 οὐ

2169 2825 2243 2898 μὴ
2289 2826 2488 2899 ἐλεήσῃ
2532 2826 2631 2897 τὴν
2663 2825 3020 2897 Ἰερουσαλὴμ
3073 2825 3168 2879 καὶ
3209 2823 3310 2888 τὰς
3358 2824 3458 2893 τῆς
3490 2821 3754 2883 Ἰουδαίας

2166 2920 2349 2983 πόλεις
2366 2918 2829 2991 ὑπερεωραμένας
2851 2919 2952 2989 ἥδη
2968 2917 3128 2971 τοῦτο
3146 2915 3541 2987 ἑϐδομηκοστὸν
3556 2914 3674 2977 ἔτος
3691 2931 3705 2979 ;
3728 2933 3748 2965 ›

2169 3014 2177 3021 ’
2234 3008 2423 3072 Ἐλπὶς
2457 3004 2550 3063 οὖν
2586 3008 2695 3079 ἄρα
2728 3010 2841 3071 τοῖς
2876 3007 3189 3078 σεϐομένοις
3226 3006 3360 3060 Θεὸν
3387 3005 3621 3077 χρηστὴ,
3657 3005 3752 3057 καὶ

2163 3100 2263 3154 οὐκ
2300 3101 2620 3173 ἀμφίϐολος,
2652 3100 2744 3165 ὡς
2762 3102 2810 3154 ει
2843 3100 3019 3174 δήπου
3064 3102 3278 3170 γένοιτο
3314 3097 3672 3170 προσκρούειν
3694 3093 3755 3161 ἐξ

2169 3192 2474 3259 ἀσθενείας,
2504 3193 2618 3246 ἀλλ’
2650 3187 2742 3245 οὖν
2772 3191 2957 3262 ἔχουσι
2986 3193 3139 3263 παρὰ
3160 3192 3278 3262 Θεῷ
3300 3192 3428 3254 τοὺς
3460 3190 3754 3260 λιπαροῦν-

2167 3299 2267 3345 τας
2317 3282 2458 3352 ὑπὲρ
2499 3282 2729 3346 ἑαυτῶν,
2757 3282 2858 3334 οὐκ
2903 3281 3224 3351 ἀνθρώπους
3273 3280 3453 3346 μόνον,
3486 3279 3622 3333 ἀλλά
3661 3280 3753 3333 καὶ

2167 3374 2365 3436 αὐτοὺς
2409 3372 2536 3437 τοὺς
2588 3372 2776 3441 ἁγίους
2823 3371 3110 3441 ἀγγέλους,
3160 3371 3209 3424 o'l
3257 3372 3506 3442 προσηνῆ
3552 3388 3611 3424 τε
3656 3371 3753 3424 καὶ

2172 3464 2435 3538 μειλίχιον
2482 3462 2809 3518 ἀποτελοῦσι
2835 3462 2988 3527 Θεὸν,
3013 3465 3077 3533 τῇ
3119 3462 3224 3534 ἰδίᾳ
3253 3462 3587 3533 καθαρότητι
3622 3478 3753 3515 κατ-

2167 3557 2485 3621 ευνάζοντες
2516 3555 2616 3618 τὰς
2644 3555 2833 3629 όργάς,
2869 3554 2965 3607 καὶ
3002 3554 3285 3617 οἱονείπως
3312 3552 3751 3617 ὲκδυσωποῦντες

2167 3649 2507 3720 ἀσχάλλοντα
2534 3648 2627 3701 τὸν
2656 3648 2871 3719 κριτήν.
2891 3646 3050 3701 Ἀλλά
3072 3646 3193 3700 τότε
3223 3648 3320 3718 μὲν
3348 3646 3575 3715 ἄγγελος
3612 3645 3752 3717 ὑπὲρ

2165 3741 2268 3813 τῆς
2320 3740 2428 3794 τῶν
2458 3739 2730 3794 Ἰουδαίων
2777 3740 3098 3810 συναγωγῆς
3147 3742 3384 3793 ἐποιεῖτο
3426 3738 3526 3803 τὰς
3572 3738 3750 3801 λιτάς.

2179 3833 2370 3904 Ἡμεῖς
2401 3832 2480 3899 δὲ,
2518 3834 2566 3886 oi
2596 3831 3044 3897 πεπιστευκότες,
3081 3832 3175 3885 καὶ
3205 3829 3529 3901 ἡγιασμένοι
3562 3828 3751 3882 λοιπὸν

2166 3929 2225 3982 ὲν
2254 3926 2544 3997 πνεύματι,
2579 3946 2599 3977 ι
2629 3926 2987 3997 Παράκλητον
3022 3925 3217 3996 ἔχομεν
3246 3923 3384 3993 πρὸς
3413 3922 3503 3976 τὸν
3529 3921 3751 3992 Πατέρα

2178 4018 2389 4090 Ἰησοῦν
2436 4017 2691 4089 Χριστὸν,
2722 4016 2816 4069 καὶ
2866 4017 3026 4079 αὐτὸς
3060 4014 3287 4086 ἱλασμός
3319 4015 3434 4067 ἐστι
3472 4013 3602 4083 περὶ
3640 4012 3750 4065 τῶν

2166 4108 2450 4180 ἁμαρτιῶν
2484 4108 2672 4180 ἡμῶν·
2727 4109 2790 4161 οὐ
2845 4107 2975 4179 περὶ
3008 4107 3117 4160 τῶν
3160 4105 3445 4177 ἡμετέρων
3475 4105 3531 4158 δὲ
3568 4105 3748 4174 μόνον,

2165 4202 2302 4258 ἀλλά
2329 4219 2396 4254 πε
2406 4201 2457 4271 pi
2470 4201 2592 4254 ὅλου
2609 4199 2702 4254 τοῦ
2725 4201 2951 4271 κόσμου.
2979 4218 2998 4253 ι
3020 4199 3130 4253 Καὶ
3147 4198 3222 4262 ὡς
3252 4200 3280 4251 ὁ
3305 4197 3590 4260 Θεσπέσιος
3610 4197 3749 4268 γρά-

2167 4310 2258 4363 φει
2307 4290 2557 4356 Παῦλος,
2614 4308 2633 4341 ι
2662 4290 2834 4344 Αὐτὸν
2889 4290 3198 4360 ἱλαστήριον
3231 4290 3259 4342 ό
3306 4288 3438 4351 Θεὸς
3485 4287 3637 4341 ἔθετο
3660 4288 3748 4341 διά

2168 4386 2423 4452 πίστεως,
2462 4402 2482 4435 ›
2506 4382 2788 4454 ἁμαρτιῶν
2833 4382 3245 4437 ἀπαλλάττοντα
3270 4379 3395 4444 τοὺς
3424 4379 3747 4451 προσιόντας

2166 4476 2337 4531 αὐτῶ.

555 4570 719 4629 Vens.
744 4571 929 4626 15-15.
964 4569 1032 4624 Et
1092 4567 1363 4640 respondit
1400 4567 1658 4622 Dominus
1733 4563 2060 4632 omnipotens

2236 4569 2346 4625 Kal
2387 4570 2677 4639 ἀπεκρίθη
2706 4568 2924 4636 Κύριος
2959 4562 3379 4631 παντοκράτωρ
3409 4561 3488 4627 τῷ
3514 4561 3749 4631 ἀγγέλῳ

480 4666 666 4735 angelo
694 4664 785 4733 qui
818 4662 1127 4734 loquebatur
1161 4662 1218 4714 in
1248 4676 1351 4725 me,
1387 4657 1543 4713 verba
1587 4658 1745 4718 bona,
1776 4664 1827 4709 et
1865 4669 2064 4709 sermo-

480 4772 571 4810 nes
620 4757 1016 4810 consolatorios.
1069 4750 1137 4807 Et
1181 4752 1316 4806 dixit
1361 4751 1431 4803 ad
1481 4766 1563 4803 me
1608 4747 1825 4818 angelus
1861 4747 1949 4817 qui
1985 4746 2063 4799 lo-

478 4848 736 4919 quebatur
759 4847 815 4902 in
842 4862 923 4902 me
951 4843 1196 4906 :Clama,
1222 4843 1398 4896 dicens
1417 4855 1436 4894 :
1464 4841 1594 4895 Hcce
1631 4838 1759 4892 dicit
1809 4838 2061 4892 Dominus

482 4941 804 5009 omnipotens
836 4952 854 4992 :
889 4937 1068 4992 Zelaci
1115 4934 1433 5000 Jerusalem,
1466 4943 1514 4986 et
1548 4931 1675 4987 Sion
1713 4930 1823 4985 zelo
1850 4946 2059 5000 magno,

481 5041 528 5086 et
563 5033 646 5086 ira
671 5048 862 5103 magna
886 5046 980 5101 ego
1001 5030 1202 5083 irascor
1229 5040 1387 5096 super
1413 5036 1585 5096 gentes
1610 5023 2061 5093 superimposita.

481 5123 589 5177 Pro
625 5140 684 5178 eo
706 5124 845 5195 quod
886 5135 980 5191 ego
1033 5119 1241 5189 quidem
1288 5118 1457 5172 iratus
1495 5133 1611 5173 sunt
1650 5118 1930 5181 modicum,
1962 5116 2064 5186 ipsi

481 5228 599 5270 vero
650 5214 812 5270 simul
866 5211 1212 5266 incubuerunt
1254 5210 1313 5264 in
1365 5210 1529 5263 mala.

553 5406 668 5461 Vll.
708 5404 850 5459 Vere
872 5400 1119 5467 dicimus,
1153 5400 1305 5473 juxta
1330 5414 1519 5456 vocem
1566 5397 1874 5459 Psallentis,
1906 5415 1925 5449 ι
1965 5395 2062 5451 Mi-

482 5500 718 5555 sericors
748 5506 802 5553 et
830 5498 1123 5550 miserator
1179 5493 1437 5549 Dominus
1469 5493 1515 5525 “
1542 5510 1561 5544 ι
1591 5499 1653 5546 οιι
1712 5492 1827 5559 ipsa
1882 5502 2061 5542 rerum

482 5591 810 5663 experientia
849 5588 1047 5643 clamat
1082 5589 1153 5643 ita
1183 5601 1239 5643 se
1273 5587 1492 5650 habere,
1511 5598 1616 5639 non
1652 5584 1829 5638 aliter.
1858 5579 2061 5635 Obser-

483 5694 547 5738 va
579 5682 722 5739 enim
757 5680 1024 5753 quomodo
1044 5678 1311 5750 extemplo
1332 5676 1584 5735 exaudiat
1610 5690 1796 5747 preces
1835 5687 1935 5744 pro
1969 5686 2061 5727 ve-

2161 4661 2242 4729 τῷ
2281 4661 2575 4716 λαλοῦντι
2619 4653 2689 4715 ἐν
2729 4658 2879 4728 ἐμοὶ,
2903 4655 3142 4724 ῥήματα
3173 4655 3349 4719 καλὰ,
3380 4653 3478 4708 καὶ
3522 4653 3745 4721 λόγους

2162 4751 2668 4821 παρακλητικούς.
2702 4748 2813 4803 Καὶ
2860 4746 2989 4800 εἷπε
3040 4744 3189 4812 έτρός
3225 4760 3304 4813 με
3355 4746 3388 4797 ὀ
3433 4743 3684 4812 ἅγγελος
3713 4744 3747 4796 ό

2161 4842 2367 4898 λαλῶν
2404 4842 2476 4895 ἐν
2514 4840 2647 4911 ἐμοί
2664 4854 2680 4872 ο
2732 4836 3050 4905 Ἀνὰκραγε
3089 4834 3284 4904 λέγων
3307 4849 3320 4862 ·
3382 4833 3528 4888 Τάδε
3584 4833 3746 4901 λέγει

2162 4937 2377 5003 Κύριος
2413 4929 2869 4998 παντοκράτωρο
2935 4926 3227 4993 Ἑζήλωκα
3270 4926 3385 4994 τὴν
3442 4925 3744 4993 Ἰερουσα-

2160 5029 2306 5095 λὴμ,
2320 5025 2419 5079 καὶ
2443 5024 2558 5091 τὴν·
2567 5021 2722 5076 Σιὼν
2745 5020 2930 5088 ζῆλον
2936 5018 3147 5090 μέγαν,
3164 5018 3259 5072 καὶ
3276 5016 3464 5087 ὀργὴν
3472 5016 3748 5086 μεγάλην

2162 5116 2460 5187 ὀργίζομαι
2506 5113 2607 5167 ἐπὶ
2653 5114 2726 5167 τὰ
2765 5113 2910 5180 ἔθνη
2944 5112 3018 5166 τὰ
3048 5108 3746 5177 συνεπιτιθέμενα.Ἅν-θ’

2161 5204 2247 5263 ὧν
2296 5207 2409 5278 ἐγὼ
2457 5206 2575 5276 μὲν
2619 5204 2920 5276 ὠργίσθην
2969 5204 3164 5272 ὀλίγα,
3195 5199 3365 5255 αὐτοὶ
3410 5199 3479 5254 δὲ
3516 5212 3746 5254 συνεπ-

2160 5298 2368 5355 έθεντο
2405 5300 2492 5363 εὶς
2525 5295 2702 5351 κακά.

2233 5390 2305 5443 Z'.
2350 5389 2575 5459 Ἀληθὲς
2626 5389 2822 5452 εἰπεῖν,
2855 5387 2937 5439 ὅτι
2989 5385 3129 5438 κατὰ
3164 5383 3264 5455 τὴν
3310 5382 3405 5436 τοῦ
3440 5382 3744 5445 Ψάλλοντος

2162 5483 2367 5553 φωνὴν,
2404 5501 2422 5534 ι
2454 5480 2767 5553 Οἰκτίρμων
2794 5478 2890 5533 καὶ
2937 5477 3186 5547 ἐλεήμων
3230 5478 3258 5529 ὁ
3311 5476 3539 5545 Κύριος,
3574 5493 3593 5527 ι
3650 5474 3746 5527 καὶ

2161 5576 2298 5646 αὐτὴ
2335 5576 2392 5629 δὲ
2424 5575 2534 5628 τῶν
2572 5572 2914 5647 πραγμάτων
2940 5573 2972 5642 ή
3004 5573 3169 5641 πεῖρα
3194 5570 3530 5641 διαδοήσειεν
3558 5568 3644 5630 ἂν,
3668 5567 3745 5631 ὡς

2159 5660 2262 5721 ὦδέ
2295 5684 2353 5720 τε
2405 5666 2538 5738 ἔχει,
2569 5666 2665 5720 καὶ
2698 5664 2795 5735 οὐχ
2833 5658 3256 5734 ὲτέρως.¹Ἀθρὲι
3289 5660 3398 5734 γὰρ
3422 5661 3567 5724 ὅπως
3592 5659 3744 5730 δέχε·

562 5860 603 5893 "
641 5860 774 5921 Luc.
805 5876 926 5927 Mil,
957 5861 1008 5916 6.
1088 5861 1131 5893 "
1168 5859 1297 5917 ibid.
1329 5852 1441 5912 7-9.
1523 5854 1564 5886 ι’
1598 5849 1795 5910 lJoan.
1834 5866 1890 5917 ιι,
1932 5849 1979 5916 l,
2008 5848 2063 5903 2.
2140 5849 2187 5881 ²⁰
2215 5847 2376 5905 Rom.
2407 5862 2486 5914 In,
2512 5844 2603 5900 25.
2680 5845 2721 5877 ¹¹
2756 5842 2899 5903 Psal.
2929 5858 3026 5909 cu,
3053 5842 3119 5898 8.’
