4130 6480
366 431 449 493 ‘25
1203 442 1766 508 COMMENTAMUS
1814 453 1884 517 IN
1924 455 2335 517 ZACHARIAM
2376 458 2824 523 PROPHETAM.
3603 478 3675 534 26

366 572 462 611 ται
878 555 980 622 τὰς
1007 556 1166 658 λιτάς
1193 560 1294 626 τάς
1326 563 1470 637 ὑπέρ
1513 582 1578 635 γε
1617 566 1727 623 τῶν
1764 586 1965 644 πεπρα.

2083 577 2224 633 satis
2274 587 2331 634 et
2363 580 2614 637 contritis
2647 580 2702 637 in
2743 582 3031 654 peregrino
3056 585 3194 652 solo,
3230 593 3286 643 et
3343 587 3674 658 captivitatis

366 646 549 735 χότων
577 646 801 714 ἀθλίως,
838 649 933 703 καὶ
959 642 1444 725 συντέτριμμένων
1466 659 1527 713 ὲν
1554 658 1851 735 ἀλλοδαπῇ,
1876 642 1971 719 καὶ

367 734 467 788 τδν
509 735 613 807 τῆς
658 737 1042 809 αίχμαλωσίας
1080 741 1441 800 ἀπαλλάττων
1490 747 1673 819 ζυγὸν,
1709 734 1870 822 μόνον
1911 754 1971 809 δὲ

363 826 493 896 οὐχὶ
535 826 633 881 τοῦ
680 830 1137 902 παρακαλοῦντος
1179 835 1372 905 φθάνει
1427 838 1531 911 τὴν
1571 840 1819 915 αίτησιν,
1876 848 1971 901 καὶ

360 916 735 991 ἀποκρίνεται
766 925 1114 998 παραχρῆμα
1148 944 1170 980 ι
1200 930 1421 1001 ῥήματα
1450 933 1611 1000 καλά,
1645 937 1742 990 καὶ
1777 938 1972 1005 λόγους

364 1011 828 1083 παρακλητικούς
847 1032 861 1049 ·
895 1034 914 1068 ι
942 1019 1396 1093 παρακλητικοὺς
1426 1024 1484 1079 δέ
1507 1042 1651 1097 φημι
1684 1031 1814 1094 τοὺς
1841 1031 1972 1087 ἀναο

362 1104 679 1174 κτήσασθαί
703 1122 765 1161 τε
797 1108 896 1162 καὶ
930 1113 1315 1182 παρακαλέσαι
1342 1115 1676 1189 δυναμένους
1708 1123 1837 1188 τοὺς
1870 1140 1971 1178 πε-

363 1197 699 1266 πονηκότας.
746 1200 1035 1271 ΠαρἛλον
1075 1204 1185 1278 γὰρ
1229 1207 1333 1278 τῆς
1375 1208 1757 1281 αίχμαλωσίας
1788 1213 1971 1272 αὐτῶν

361 1285 460 1382 τὸν
490 1289 689 1363 καιρὸν
722 1291 789 1346 οὐ
811 1294 967 1366 ῥῆμα
994 1295 1138 1368 τάχα
1171 1315 1275 1353 που
1306 1302 1546 1373 χρηστὸν
1572 1304 1833 1377 εἰρηκὼς,
1864 1309 1971 1382 οὐχ

363 1379 561 1453 ἑτέρου
589 1384 739 1450 τινος
764 1385 878 1441 τῶν
905 1389 1250 1461 παρακαλεῖν
1279 1393 1549 1450 εἰωθότων
1593 1397 1836 1463 ἀξιώσας
1869 1379 1971 1455 αὑζ

360 1474 519 1539 τοὺς,
547 1474 779 1547 ἄρχεται
814 1483 1203 1554 χρηστοεπεῐν,
1233 1487 1328 1541 καὶ
1372 1487 1475 1559 τῆς
1509 1488 1598 1542 ἔπ’
1624 1491 1808 1557 αὑτοῖς
1833 1494 1971 1565 ήμε-

365 1565 601 1658 ρέτητος
619 1569 1028 1628 καταϐάλλεται
1052 1575 1153 1648 τὴν
1182 1578 1380 1651 ἀρχήν.
1401 1580 1494 1635 Ἐκ
1522 1583 1882 1654 περιχαρείας
1902 1584 1970 1658 δὴ

360 1651 461 1749 οὖν
493 1658 611 1749 τῆς
646 1659 804 1749 Ϋάγαν
854 1664 887 1717 ὀ
935 1664 1225 1733 θεσπέσιος
1270 1670 1504 1741 ἄγγελος
1544 1651 1969 1749 διακεκραγέναι

358 1746 551 1801 λοιπὸν
596 1748 678 1820 τῷ
723 1753 982 1827 προφήτῃ
1020 1758 1384 1832 προστέταχε,
1420 1763 1516 1817 καὶ
1565 1746 1835 1823 διακονεΰν
1887 1769 1970 1833 είς

2071 668 2261 738 jugum
2295 669 2571 741 auferens,
2593 682 2650 747 et
2685 677 2926 745 regantis
2955 678 3272 747 petitionem
3320 678 3493 738 ferme
3532 699 3672 752 pra:-

2077 761 2319 826 veniens.
2347 771 2402 818 et
2428 777 2555 819 mox
2583 766 2918 835 respondens
2955 787 2976 821 ι
3001 769 3164 825 verba
3194 770 3355 837 bona,
3380 782 3428 827 et
3464 790 3673 830 sermo-

2075 863 2175 906 nes
2213 851 2606 910 consolatorios
2630 870 2685 909 τι
2722 857 3146 927 consolatorios,
3186 862 3428 933 inquam,
3457 866 3549 936 qui
3586 882 3672 922 re-

2074 955 2263 997 creare
2308 952 2363 999 et
2398 945 2736 1015 permulcere
2759 947 2987 1007 aﬂlictos
3024 965 3267 1023 possent.
3313 954 3449 1011 Toto
3499 959 3674 1027 siqui-

2072 1033 2193 1089 dem
2216 1034 2381 1107 662
2406 1045 2651 1107 tempore
2700 1042 3055 1112 captivitatis,
3090 1060 3212 1101 cum
3248 1048 3496 1104 fortassis
3522 1051 3671 1105 nullo

2071 1138 2166 1181 eos
2198 1125 2305 1182 leni
2340 1129 2504 1185 verbo
2525 1129 2746 1199 ail'atus,
2791 1149 2892 1190 nec
2927 1135 3035 1192 alio
3081 1140 3337 1211 quopiam
3362 1143 3505 1211 quod
3531 1145 3675 1199 sola-

2074 1217 2148 1273 tio
2172 1232 2296 1275 esse
2326 1230 2530 1291 posset,
2563 1224 2815 1296 dignatus
2842 1226 3059 1297 fuisset,
3089 1230 3281 1302 incipit
3308 1231 3502 1290 blande
3525 1235 3671 1306 loqui

2069 1323 2122 1369 et
2152 1318 2585 1375 mansuetudinis
2619 1335 2730 1377 sum
2759 1321 2811 1377 in
2857 1325 3003 1394 ipsos
3036 1325 3361 1398 principium
3411 1332 3669 1399 capessit.

2069 1403 2144 1457 ἐι
2178 1405 2381 1477 ingenti
2413 1410 2580 1480 igitur
2614 1410 2799 1468 latitia
2830 1414 3048 1473 divinus
3082 1419 3310 1489 angelus
3358 1421 3670 1475 exclamare

2068 1497 2348 1568 prophetae
2372 1499 2571 1557 dehinc
2589 1502 2767 1570 jubet,
2787 1514 2844 1560 et
2865 1522 2893 1560 a
2928 1506 3040 1563 Deo
3080 1509 3228 1567 dicta
3259 1512 3666 1568 communicare

2069 1604 2195 1644 cum
2226 1592 2500 1649 omnibus.
2533 1593 2715 1666 lnquit
2743 1598 2927 1653 enim:
2963 1618 2983 1652 ι
3023 1598 3241 1657 Zelatus
3285 1617 3404 1658 sunt
3438 1602 3666 1658 Jerusa-

2070 1681 2174 1736 lem
2199 1682 2317 1739 zelo
2346 1700 2566 1758 magno,
2590 1706 2611 1740 ι
2671 1703 2779 1745 non
2814 1691 2865 1746 in
2906 1691 3078 1764 ipsam
3121 1693 3294 1750 zelum
3363 1692 3667 1763 effundens,

2069 1777 2339 1847 quomodo
2368 1787 2423 1834 et
2444 1789 2626 1849 antea,
2680 1797 2802 1837 cum
2852 1784 2909 1839 in
2975 1787 3271 1858 religiones
3326 1798 3669 1844 monstrosas

360 1838 619 1951 ἀπαντας
648 1844 722 1899 τὰ
753 1847 909 1920 παρὰ
937 1849 1095 1920 Θεοῦ.
1134 1871 1154 1905 ι
1177 1854 1543 1926 Ἐζηλωκέναι
1567 1858 1680 1932 γάρ
1709 1876 1843 1932 φησι
1868 1861 1965 1935 τὴν

2072 1871 2423 1927 transversim
2455 1873 2701 1939 abilsset,
2718 1875 2812 1931 sed
2836 1892 2936 1947 pro
2964 1838 3163 1947 lpsauiu
3196 1889 3517 1945 vastatores,
3541 1881 3665 1951 qui-

374 1931 748 2040 Ἰερουσαλὴμ
777 1938 941 2011 ζῆλον
977 1942 1175 2014 μέγαν,
1208 1963 1228 1998 ι
1261 1948 1363 2002 οὐκ
1388 1949 1527 2022 αὐτῇ
1560 1931 1658 2006 τὸν
1685 1931 1849 2023 ζῆλον
1879 1931 1965 2008 ὲν-

2069 1961 2173 2018 bus
2201 1969 2256 2017 et
2276 1978 2335 2020 se
2370 1964 2569 2021 iratum
2607 1967 2701 2034 ait,
2735 1983 2840 2023 non
2864 1977 2923 2024 ut
2950 1969 3189 2040 simplici
3232 1972 3663 2028 etcircumscri»

361 2025 497 2089 ιεὶς,
532 2027 792 2102 καθάπερ
820 2033 920 2087 καὶ
945 2032 1141 2107 πρώην
1168 2041 1626 2115 παρενηνεγμένῃ
1653 2043 1790 2116 πρὸς
1813 2045 1973 2101 ἀλλο-

357 2116 566 2209 κότους
593 2119 875 2193 λατρείας,
899 2125 1016 2180 ἀλλ’
1036 2127 1181 2202 ὑπὲρ
1205 2131 1381 2204 αὐτῆς
1400 2135 1514 2198 τοῖς
1535 2135 1966 2209 πεπορθηκόσιν,

355 2201 445 2273 οἷς
479 2210 577 2303 καὶ
600 2212 873 2284 ὠργίσθαι
910 2219 1108 2291 φησὶν,
1138 2221 1237 2293 οὐχ
1271 2201 1350 2289 ὡς
1381 2226 1443 2280 ἐν
1474 2226 1618 2300 ἀπλῇ
1660 2201 1756 2283 καὶ
1775 2201 1973 2303 ’μεμεζ

354 2300 618 2375 τρημένῃ
660 2305 876 2377 κινήσει
925 2309 1110 2380 τυχὸν,
1154 2311 1272 2366 ἀλλ’
1301 2313 1379 2379 ὡς
1411 2316 1471 2370 ὲν
1499 2317 1726 2391 ἀκράτῳ
1771 2300 1833 2375 τε
1873 2300 1970 2376 καὶ

355 2391 585 2464 ἀσχέτῳ
630 2393 808 2468 θυμῷ.
828 2397 972 2469 Ἐγὼ
1006 2400 1106 2473 μὲν
1135 2402 1266 2476 γὰρ,
1300 2407 1490 2478 φησιν,
1517 2408 1803 2467 ἐπαίδευον
1837 2411 1970 2477 τοὺς

356 2483 556 2577 έμοὺς,
592 2488 689 2541 καὶ
732 2489 888 2546 οὐδὲν
917 2492 1118 2560 αὐτοὺς
1146 2495 1292 2568 πέρα
1339 2499 1542 2571 μέτρου
1575 2502 1811 2574 πάσχειν
1841 2503 1971 2577 {10¢-

354 2571 475 2628 λον.
511 2577 683 2633 Αὐτοὶ
711 2580 771 2635 δὲ
797 2581 904 2655 τῆς
939 2583 1079 2650 ίδίας
1123 2588 1352 2662 γνώμης
1390 2592 1494 2664 τὴν
1525 2571 1828 2667 ἀγριότητα
1855 2571 1967 2651 θει-

355 2666 473 2733 νῶς
506 2687 562 2724 τε
590 2672 688 2726 καὶ
712 2675 984 2746 ἀχαλίνως
1011 2678 1244 2751 ἐπῆγον,
1272 2684 1543 2756 παρέντες
1572 2687 1727 2741 οὐδὲν
1752 2687 1864 2743 τῶν
1887 2690 1969 2755 είς

352 2758 627 2836 ὠμότητα
652 2767 749 2822 καὶ
786 2769 1213 2844 ἀπανθρωπίαν.
1254 2776 1447 2844 Τοῦτο,
1486 2774 1675 2850 οἶμαι,
1711 2780 1832 2835 ἐστὶ
1863 2781 1925 2837 τὺ
1947 2822 1964 2849 ,

360 2873 382 2905 ι
406 2853 559 2925 Ἐγὼ
588 2857 690 2930 μιν
716 2858 1003 2935 ὠργίσθην
1023 2865 1180 2936 ὀλίγα
1199 2883 1214 2898 θ
1246 2868 1401 2923 αὐτοὶ
1429 2869 1488 2924 δι
1508 2871 1867 2928 συνεπέθεντο
1884 2875 1969 2940 είς

353 2948 532 3003 κακά.
570 2968 590 3002 ι
625 2951 880 3009 Παιδεύει
911 2957 1013 3027 μὲν
1039 2958 1143 3032 γάρ
1173 2959 1233 3029 ἐξ
1265 2961 1491 3035 ἀγάπης
1511 2965 1901 3037 ἡμαρτηκότας
1937 2967 1968 3021 ὁ

350 3039 470 3094 τῶν
509 3041 653 3097 ὅλων
696 3045 855 3115 Θεὸς,
887 3050 984 3104 καὶ
1014 3053 1368 3126 συμμέτρους
1395 3055 1527 3127 ήμῖν
1558 3057 1838 3130 ἐπιφέρων
1874 3060 1955 3113 al.

351 3130 578 3207 κίας,ᾛ
609 3135 825 3205 πόνους,
863 3142 1158 3213 μετασοσεῖ
1184 3145 1325 3218 πρὸς
1347 3146 1412 3200 τὸ
1450 3145 1693 3219 ἄμεινον.
1727 3150 1792 3203 Ol
1813 3149 1873 3204 δὲ
1899 3149 1966 3223 δὴ

353 3226 505 3296 πρὸς
557 3227 722 3285 τοῦτο
770 3235 1238 3308 παρειλημμένοι,
1274 3238 1665 3313 θηριοπρεπῶς
1725 3241 1964 3316 Excepti»

2070 2060 2162 2124 pta
2194 2057 2554 2113 commotione
2582 2056 2838 2126 fortasse,
2858 2060 2953 2116 sed
2993 2068 3055 2115 ut
3073 2075 3287 2117 summo
3311 2071 3365 2117 et
3393 2062 3654 2130 implaca~

2071 2143 2164 2200 bili
2192 2144 2397 2203 furore.
2435 2147 2547 2220 Ego
2578 2149 2746 2217 enim,
2781 2152 2976 2221 inquit,
3007 2152 3364 2223 corripiebatn
3400 2140 3571 2218 meos,
3605 2162 3662 2208 et

2071 2235 2207 2291 nihil
2261 2238 2681 2296 immoderatum
2710 2242 2830 2299 illos
2859 2244 3068 2315 perpeti
3131 2244 3398 2303 volebam.
3434 2245 3503 2299 At
3554 2245 3659 2316 ipsi

2069 2341 2168 2399 pro
2190 2345 2287 2385 sua
2323 2330 2543 2388 libidine
2573 2334 2887 2390 horribilem
2945 2345 2999 2390 et
3024 2334 3343 2392 indomitam
3398 2337 3667 2391 saevitiam

2070 2422 2459 2491 adhibuerunt,
2490 2426 2623 2483 nihil
2653 2429 2719 2482 ad
2746 2420 3123 2485 crudelitatem
3154 2428 3663 2497 humanitatemque

2066 2515 2682 2585 praetermittenteﬁoc,
2705 2519 2918 2590 Opinor,
2942 2529 3026 2575 est
3053 2520 3194 2591 quod
3213 2519 3289 2574 ait
3317 2534 3331 2573 :
3358 2538 3381 2573 ι
3396 2508 3509 2590 Ego
3536 2519 3665 2589 qui-

2068 2601 2391 2662 demiratus
2420 2621 2540 2663 sum
2581 2608 2794 2664 modice
2826 2622 2843 2677 ;
2882 2609 2984 2678 ipsi
3013 2621 3144 2665 vero
3163 2608 3325 2664 simul
3388 2609 3661 2664 incubue-

2069 2706 2201 2753 runt
2225 2697 2281 2753 in
2315 2698 2480 2753 mala.
2513 2716 2534 2752 ι
2574 2697 2810 2770 Corripit
2831 2700 2977 2756 enim
3005 2708 3322 2771 peccatores
3352 2699 3661 2755 'uuiverso-

2069 2803 2189 2843 rum
2218 2785 2361 2845 Deus
2398 2803 2466 2845 ex
2492 2790 2783 2858 charitate,
2813 2790 3149 2862 modicisque
3176 2791 3477 2863 plagis,aut
3505 2789 3662 2846 dolo-

2068 2881 2221 2938 ribus
2271 2882 2456 2949 illatis,
2492 2883 2562 2938 ad
2624 2883 2852 2940 consilia
2927 2884 3149 2939 saniora
3198 2882 3494 2954 compellit.
3558 2882 3667 2949 Qui

2067 2982 2247 3029 autem
2274 2975 2342 3030 ad
2363 2973 2466 3030 hoc
2492 2989 2592 3044 pro
2649 2974 2914 3031 ministris
2966 2978 3326 3040 asciscuutur,
3372 2974 3665 3045 aliquando

2067 3078 2164 3121 ceu
2195 3064 2387 3122 bellum
2409 3066 2465 3122 in
2493 3081 2590 3124 eos
2615 3067 2707 3138 qui
2733 3067 3102 3138 corripiuntur
3131 3067 3432 3122 incursant.
3462 3065 3665 3141 Verum

2066 3155 2325 3213 irascitur
2352 3157 2459 3226 illis
2483 3157 2627 3215 Deus
2654 3158 2735 3215 ira
2775 3175 2992 3232 magna.
3020 3159 3152 3214 Nam
3207 3159 3296 3214 ille
3352 3167 3413 3213 ut
3461 3172 3665 3229 parens

2068 3246 2385 3303 verberibus
2410 3247 2688 3319 corrigere
2716 3248 2971 3306 volebat:
3002 3249 3078 3305 illi
3115 3263 3244 3306 vero
3267 3246 3531 3306 effrenato
3556 3248 3667 3303 im-

354 3332 557 3376 σκουσι
605 3324 722 3389 τοῖς
770 3327 1186 3403 παιδευομένοις
1233 3332 1347 3388 ἐσθ’
1369 3334 1481 3390 ὅτε.
1497 3333 1643 3389 Ἀλλ’
1682 3335 1965 3409 ὀργίζεται

2069 3349 2198 3411 petu
2228 3338 2282 3394 in
2307 3338 2537 3397 amictus
2570 3318 2876 3399 irruebant.

350 3414 497 3480 Θεὸς
525 3417 616 3471 ἐπ’
636 3419 822 3487 αὐτοῖς
844 3423 1016 3498 ὀργὴν
1046 3428 1391 3501 μεγάλην.⁹0
1415 3429 1645 3505 μὲνγὰρ
1673 3432 1752 3499 ώς
1816 3433 2004 3508 πατὴρ
2074 3433 2412 3508 ἐπανορθοῦν
2438 3437 2561 3501 ταῖς
2592 3435 2800 3503 αἰκίαις
2837 3435 3060 3509 ήθελεν·
3091 3436 3142 3491 oi
3182 3435 3242 3492 δὲ
3274 3433 3527 3508 ἀσχέτοις
3572 3432 3664 3504 ὁρ·

354 3511 498 3580 ματς
528 3513 645 3577 τοῖς
673 3512 979 3588 κάμνουσιν
998 3519 1351 3592 ἐπεφέροντο.

432 3674 615 3767 τοῦτο
658 3679 942 3754 παθούσης
991 3686 1094 3757 τῆς
1119 3686 1473 3762 Ἐκκλησίας,
1524 3693 1865 3767 ἠγνοήκασιν
1915 3696 1965 3749 οί

350 3764 681 3857 οιώκοντες,
714 3771 798 3826 ὅτι
835 3774 938 3846 τῆς
969 3778 1053 3849 εἰς
1083 3780 1256 3853 αὐτὴν
1289 3782 1615 3857 ἀγριότητος
1639 3764 1965 3843 ἀποτίσουσι

350 3855 710 3954 λόγουςὶκαὶ
744 3866 951 3938 πικρὰς
979 3855 1434 3947 ἑξαιτηθήσονται
1472 3855 1643 3951 δίκας,
1672 3881 1830 3954 παρὰ
1868 3880 1968 3937 τοῦ

350 3952 716 4022 προεστῶτος
737 3955 898 4016 Θεοῦ.

428 4089 542 4146 Διά
564 4092 743 4148 τοῦτο
786 4093 927 4153 τάδε
961 4097 1128 4179 λέγει
1157 4104 1377 4175 Κύριος
1400 4122 1415 4136 ’
1455 4107 1832 4183 Ἐπιστρέψω
1859 4115 1961 4172 ἐπί

359 4174 773 4259 Ἰερουσαλὴμ
797 4188 869 4245 ἐν
886 4174 1184 4266 οίκτιρμῷ,
1335 4200 1370 4254 d
1394 4194 1562 4270 οίκός
1579 4174 1701 4274 μοί)
1726 4174 1964 4262 ἀνοικο-

345 4274 776 4346 δομηθήσεται
823 4282 895 4338 ἐν
935 4285 1112 4357 αὐτῇ,
1140 4289 1305 4361 λέγει
1356 4293 1574 4363 Κύριος
1617 4299 1959 4370 παντοκρά-

343 4382 495 4451 τωρ,
520 4370 622 4426 καί
638 4371 862 4443 μέτρον
885 4374 1277 4448 ἑκταθήσεται
1303 4383 1403 4439 ἐπὶ
1434 4386 1825 4463 Ἰερουσαλὴμ
1850 4391 1959 4448 ἔτι.

430 4526 518 4580 Η’.
558 4524 808 4600 Δέδειχεν
840 4530 923 4585 ὅτι
948 4531 1197 4588 παθοῦσα
1216 4535 1316 4609 τήν
1341 4538 1697 4615 ἀποστροφὴν
1723 4544 1819 4601 τοῦ
1839 4546 1960 4602 δια-

345 4617 557 4683 σώζειν
594 4618 894 4691 ἰσχύοντος,
919 4623 1239 4699 ἀθλιότητος
1263 4647 1321 4684 τε
1353 4632 1450 4687 καὶ
1475 4633 1853 4709 ταλαιπωρίας
1880 4642 1961 4706 είς

342 4709 517 4764 τοῦτο
555 4711 911 4779 κατώλισθεν,
946 4715 1101 4773 ἔσται
1139 4718 1198 4773 δὲ
1234 4721 1398 4778 πάλιν
1434 4725 1667 4795 ἀκονιτὶ,
1709 4730 1805 4785 καὶ
1836 4731 1963 4788 λίαν

342 4799 602 4893 εὐκόλως
629 4802 688 4855 ὲν
708 4797 790 4867 οἷς
811 4799 882 4877 ἦν
904 4805 1100 4874 πάλαι,
1120 4811 1616 4879 μετατεθέντος-είς
1641 4819 1959 4893 ἡμερότητα

337 4892 446 4948 τοῦ
478 4897 966 4968 παρωργισμένου,
982 4899 1142 4972 δῆλον
1162 4901 1221 4955 δὲ
1238 4904 1322 4958 ὄτι
1348 4905 1444 4959 τοῦ
1472 4908 1651 4963 πάντα
1675 4909 1956 4981 ίσχύοντος

2065 4909 2200 4964 iram
2232 4909 2508 4967 emollitus
2566 4905 2732 4965 fuerit
2781 4910 3126 4979 omnipotens
3178 4908 3319 4962 Deus
3364 4904 3572 4976 utique,
3604 4912 3660 4959 et
3743 4969 3772 4986 κ

338 4986 514 5052 Θεοῦ,
549 4988 711 5059 μόνον
748 4989 807 5044 δὲ
850 4990 975 5062 οὐχί
1023 4993 1118 5048 καὶ
1159 4994 1582 5065 ὑπονοστοῦντος
1631 5003 1716 5067 είς
1762 5004 1953 5077 αὐτὴν,

337 5079 443 5135 διά
461 5096 548 5134 τοι
591 5080 691 5135 τοῦ
738 5082 903 5139 πάλιν
927 5085 1161 5153 ἀξιῶσαι
1190 5088 1425 5159 φειδοῦς,
1455 5092 1552 5146 καὶ
1578 5094 1823 5167 ἀγάπης,
1861 5098 1955 5151 καὶ

337 5172 757 5243 ἀμνησικάκως
804 5175 1014 5232 ἀνεῖναι
1063 5178 1135 5259 τὰ
1185 5179 1532 5252 ἐγκλήματα.
1578 5184 1955 5258 ’Υπισχνείται
2011 5244 2014 5253 ,

337 5263 462 5351 γὰρ
495 5265 712 5323 καὶτὸν
739 5261 888 5323 οἷκον
914 5269 1173 5343 ἐγείρειν,
1208 5275 1303 5327 καὶ
1345 5274 1765 5352 εὐμηκεστάτην
1812 5281 1953 5336 ἀπο-

339 5358 567 5430 φαίνειν
590 5358 695 5430 τὴν
738 5360 1118 5435 Ἰερουσαλήμ.
1151 5364 1617 5443 Ἐμπέπρηστο[ν]
1653 5371 1752 5442 μὲν
1790 5373 1898 5447 γὰρ
1925 5376 1955 5430 ὁ

338 5450 499 5515 ναὸς,
530 5450 848 5524 καθῄρηντο
877 5451 936 5507 δὲ
970 5454 1065 5509 καὶ
1100 5456 1244 5512 αὐτά
1276 5458 1344 5513 τὰ
1383 5459 1487 5531 τῆς
1522 5461 1733 5529 πόλεως
1772 5466 1951 5538 τείχη,

335 5543 425 5609 ὡς
472 5542 670 5614 ὀλίγην
719 5544 819 5599 καὶ
868 5547 1311 5623 συνεσταλμένην
1352 5553 1584 5624 ὁρᾶσθαι
1648 5558 1952 5627 παντελῶς,

335 5636 444 5691 καὶ
502 5636 912 5710 εὐαριθμήτους
952 5638 1100 5711 ἔχειν
1145 5642 1273 5708 τοὺς
1318 5644 1634 5718 οἰκήτορας.
1686 5648 1827 5703 Ἀλλ’
1876 5651 1954 5718 ὡς

336 5729 486 5800 ἔφην
508 5730 743 5799 ἀρτίως,
773 5730 1130 5805 ἀνακομίζειν
1173 5735 1346 5808 αὐτὴν
1388 5737 1786 5808 ἐπαγγέλλεται
1816 5724 1975 5815 πρὸς

334 5820 403 5874 τὸ
433 5820 496 5873 ἐν
534 5821 755 5892 ἀρχαῖς,
795 5821 824 5876 ὃ
860 5822 924 5895 δὴ
961 5824 1058 5880 καὶ
1085 5825 1417 5894 τετέλεσται,
1453 5828 1637 5903 Κύρου
1675 5831 1775 5903 μὲν
1803 5834 1952 5891 ἀνέν-

333 5925 437 5976 τος
472 5911 579 5985 τῆς
621 5912 1026 5985 αἰχμαλωσίας,
1088 5918 1316 5989 Δαρείου
1374 5936 1436 5989 γε
1492 5920 1598 5993 μὴν
1648 5922 1740 5977 καὶ
1788 5925 1951 5983 αὑτὸν

2143 3686 2236 3744 Sic
2272 3695 2502 3745 tractata
2544 3688 2809 3755 Ecclesia,
2840 3689 3162 3762 ignorabant
3189 3699 3563 3759 persecutores
3601 3705 3664 3747 se

2067 3776 2307 3835 feritatis
2346 3779 2405 3835 in
2424 3779 2573 3835 illam
2602 3773 2717 3836 sua:
2762 3780 3032 3836 rationem
3073 3781 3414 3849 reddituros,
3440 3788 3496 3835 et
3552 3779 3668 3839 Dee

2067 3869 2185 3942 ejus
2214 3871 2437 3944 praesidi
2463 3886 2630 3945 grave
2655 3872 2980 3945 supplicium
3002 3871 3298 3929 soluturos.

2137 4096 2303 4153 Vens.
2328 4096 2416 4155 16.
2464 4096 2752 4169 Propterea
2780 4099 2892 4154 ha’c
2925 4097 3051 4153 dicit
3092 4096 3350 4154 Dominus
3378 4113 3398 4152 :
3429 4095 3656 4152 Conver-

2065 4203 2151 4248 iar
2199 4192 2270 4247 ad
2315 4191 2614 4247 Jerusalem
2677 4192 2733 4246 in
2778 4193 3164 4257 misericordia,
3209 4201 3259 4246 et
3300 4191 3487 4245 domus
3543 4206 3658 4244 mea

2064 4285 2450 4341 instaurabitur
2489 4284 2545 4341 in
2593 4299 2678 4351 ea,
2712 4285 2841 4340 dicit
2906 4283 3164 4340 Dentium
3208 4283 3558 4352 omnipotens,
3608 4286 3657 4334 et

2065 4394 2314 4435 mensura
2361 4378 2673 4435 extendetur
2719 4392 2892 4448 super
2918 4376 3218 4434 Jerusalem
3266 4376 3463 4431 adhuc.

2137 4538 2278 4597 Vill.
2323 4538 2579 4599 Ostendit
2613 4539 2872 4613 quoniam
2918 4551 2979 4594 se
3010 4537 3272 4592 averterit
3301 4536 3370 4590 ab
3398 4549 3463 4592 eo
3495 4549 3663 4605 penes

2062 4649 2224 4707 quem
2254 4643 2338 4691 est
2355 4634 2543 4703 salus,
2568 4633 2621 4689 in
2657 4640 2862 4689 tantam
2921 4630 3196 4687 miseriam
3262 4637 3317 4684 et
3358 4641 3659 4685 aerumnam

2063 4725 2358 4783 incidisse:
2410 4739 2627 4781 rursum
2664 4732 2844 4779 tamen
2899 4723 3038 4778 citra
3081 4720 3347 4784 laborem,
3393 4719 3661 4787 valdeque

2063 4819 2221 4876 facile
2251 4820 2302 4874 in
2336 4819 2491 4875 bonis
2519 4817 2769 4890 pristinis
2805 4817 3068 4881 futuram,
3108 4815 3201 4871 ubi
3237 4820 3560 4885 provocatus
3590 4811 3657 4863 ad

2062 5003 2219 5072 quasi
2251 5003 2316 5058 ad
2358 5002 2637 5058 leuitatem
2671 5002 2912 5070 redierit,
2950 5016 3165 5057 rursum
3191 5015 3287 5056 eos
3319 4998 3655 5069 indulgentia

2062 5101 2117 5150 et
2144 5095 2410 5151 charitate
2425 5094 2719 5166 dignando,
2746 5094 3100 5165 depositaque
3154 5088 3350 5163 injuria
3362 5106 3490 5146 rum
3536 5105 3653 5144 mc‘

2063 5187 2240 5246 moria
2275 5188 2471 5245 delicta
2508 5188 2887 5245 condonanda.
2915 5185 3210 5242 Pollicetur
3259 5185 3406 5242 enim
3447 5192 3502 5240 et
3555 5184 3654 5239 do-

2063 5296 2209 5336 mum
2242 5280 2696 5350 instauraturum,
2728 5289 2784 5338 et
2845 5279 3275 5353 Hierosolymam
3331 5277 3651 5349 longissimo

2058 5371 2235 5441 spatio
2286 5372 2693 5441 producturum.
2732 5369 3039 5427 Crematum
3091 5370 3289 5441 quippe
3333 5377 3452 5423 erat
3515 5374 3653 5421 tem-

2054 5462 2223 5533 plum,
2245 5472 2300 5520 et
2333 5464 2448 5534 ipsa
2479 5465 2632 5520 urbis
2666 5465 2867 5522 mtenia
2898 5466 3096 5532 diruta,
3129 5472 3187 5519 ut
3232 5463 3451 5532 exigua,
3489 5470 3544 5518 et
3596 5462 3649 5517 in

2053 5566 2343 5629 angustum
2380 5556 2602 5614 redacta
2636 5557 2794 5628 plane
2815 5568 3153 5623 cerneretur,
3181 5564 3234 5612 et
3264 5554 3471 5612 incolas
3521 5569 3650 5625 per-

2052 5664 2256 5721 paucos
2299 5650 2541 5707 haberet.
2573 5649 2736 5723 663
2771 5650 2899 5718 Sed,
2933 5660 2991 5705 ut
3048 5651 3208 5706 modo
3233 5648 3367 5711 dixi,
3408 5663 3527 5703 eam
3579 5647 3648 5702 ad

2054 5742 2338 5812 pristinam
2370 5743 2781 5812 amplitudinem
2809 5751 3189 5798 revocaturum
3228 5739 3479 5811 spondet,
3500 5738 3645 5810 quod

2053 5845 2108 5892 et
2153 5835 2353 5890 factum
2413 5844 2517 5901 est,
2561 5834 2704 5906 Cyro
2750 5834 2966 5902 quidem
3012 5849 3041 5888 e
3088 5834 3401 5905 captivitate
3455 5818 3643 5886 diruit-

2057 5936 2227 5995 ientc,
2273 5927 2431 5984 Dario
2460 5928 2715 5998 templum
2752 5928 3067 5985 rctcdiiicari
3094 5928 3354 6001 jubcnte,
3392 5934 3448 5983 et
3472 5925 3641 5995 ipsum
