4130 6474
480 433 554 488 97
1508 433 1567 488 S.
1609 431 1882 490 CYRILH
1919 427 2389 485 ALEXANDRINI
2433 429 2756 508 ARCHIEP._
3663 434 3734 489 ‘28

483 549 672 604 urbem
730 549 998 605 omnibus
1061 549 1236 620 cingi,
1271 564 1333 606 ae
1360 552 1567 607 muniri
1622 554 1965 622 permittente
1989 551 2052 602 ¹¹.

2163 547 2562 616 ἀναδείμασθαι
2599 547 3023 618 προστάττοντος
3074 546 3165 601 τδν
3209 546 3357 609 ναὸν.
3391 550 3630 619 ἐφιέντος
3677 572 3752 614 τε.

537 726 786 783 Videmus
814 738 988 785 autem
1036 729 1200 790 Deum
1225 729 1508 798 aliquando
1533 739 1840 787 sanctorum
1875 731 2056 794 ﬁdem,

481 829 534 872 et
561 819 949 875 adhaarentium
970 809 1068 875 sibi
1088 821 1428 876 dilectionem
1448 831 1811 888 exercentem,
1831 822 2057 891 quibus~

484 911 604 964 dam
640 912 970 980 temporibus
1014 913 1308 968 Ecclesiam
1361 914 1826 983 persecutionibus
1881 915 2060 969 sinere

483 1006 764 1075 exagitari.
790 1005 1042 1062 Attamen
1073 1005 1418 1060 mediocriter
1456 1014 1706 1059 vexatam
1729 1004 1914 1060 statim
1946 1003 2057 1058 eri-

484 1113 626 1164 gere.
658 1098 875 1169 suisque
896 1097 1111 1152 auxiliis
1145 1097 1212 1154 de
1240 1097 1448 1163 integro
1480 1099 1841 1162 communire,
1869 1104 1924 1152 et
1966 1111 2060 1152 su-

483 1205 644 1258 perna
667 1189 835 1259 gratia
861 1188 1078 1243 domum
1102 1204 1254 1246 suam
1297 1204 1582 1244 exornare.
1623 1189 1736 1244 imo
1773 1187 2062 1259 unusquis-

482 1294 588 1348 que
642 1280 760 1347 pius
805 1287 861 1334 et
927 1279 1060 1334 urbs
1131 1289 1185 1336 et
1241 1280 1494 1348 templum
1550 1278 1644 1335 Dei
1697 1285 1802 1335 est.
1852 1278 2062 1347 Smpius

481 1381 662 1428 autem
696 1374 978 1441 probatur,
1020 1381 1073 1426 et
1093 1371 1298 1426 carnali
1351 1371 1647 1442 voluptate,
1699 1382 1753 1425 et
1790 1371 2060 1426 mundana

481 1462 839 1517 sollicitudine
863 1463 927 1516 ad
964 1461 1162 1532 ﬂagitia
1197 1463 1555 1529 irritantibus,
1576 1472 1632 1517 ut
1668 1464 1918 1533 patientis
1944 1461 2062 1515 ani-

482 1565 565 1604 ma
594 1550 806 1616 ardere,
834 1559 889 1606 et
926 1567 956 1607 a
985 1553 1174 1622 muris,
1207 1553 1323 1608 sive
1366 1553 1527 1609 tutela
1552 1555 1763 1609 deserta
1793 1554 2057 1609 videatur.

481 1643 679 1698 Verum
710 1645 1001 1703 miserante
1028 1646 1156 1710 Deo,
1179 1655 1236 1703 et
1285 1656 1591 1702 sanctorum
1627 1645 1879 1715 precibus
1943 1659 2061 1699 sese

481 1733 546 1786 ad
577 1734 1039 1790 mansuetudinem
1083 1736 1423 1802 immutante,
1463 1751 1656 1790 rursus
1707 1735 2002 1792 mdilicatur
2034 1753 2053 1787 ι

479 1823 532 1876 in
566 1822 820 1890 templum
855 1833 1123 1889 sanctum,
1165 1822 1216 1877 in
1257 1823 1619 1879 habitaculum
1659 1823 1751 1883 Dei
1786 1824 1838 1879 in
1891 1824 2055 1892 spiri-

480 1924 535 1966 tu
571 1913 671 1968 ²³.›
699 1913 1042 1985 Depulsaque
1069 1916 1214 1970 omni
1258 1916 1599 1970 immunditia
1637 1916 1811 1972 denuo
1863 1916 2056 1970 minui-
2085 1896 2130 1958 Β

476 2004 581 2062 bus
599 2006 982 2070 communitur.
1007 2016 1061 2062 et
1083 2007 1271 2063 civitas
1295 2008 1468 2080 magni
1491 2008 1653 2078 regis,
1679 2008 1778 2066 hoc
1793 2015 1876 2064 est
1908 2007 2066 2090 Chri-

477 2096 571 2162 sti,
609 2095 859 2152 eﬂicitur.

547 2273 712 2328 Vens.
740 2276 825 2328 Π.
856 2272 922 2328 Et
953 2276 1087 2332 dixit
1121 2251 1189 2330 ad
1237 2293 1317 2330 me
1364 2276 1579 2346 angelus
1613 2276 1702 2346 qui
1755 2276 2064 2347 loquebatur

475 2362 530 2414 in
566 2377 688 2416 me:
718 2362 902 2416 Adhuc
962 2364 1156 2428 clama,
1197 2365 1412 2418 dicens:
1453 2364 1582 2420 11αό
1623 2365 1748 2418 dicit
1807 2364 2061 2425 Dominus

475 2455 801 2523 onmipotens
825 2472 844 2509 :
869 2455 1057 2510 Adhuc
1106 2457 1471 2526 (li/fundentur
1520 2459 1758 2516 civitates
1807 2459 1862 2514 in
1889 2458 2059 2524 bonis,

473 2555 524 2598 et
553 2548 884 2600 miserebitur
922 2547 1180 2604 Dominus
1221 2549 1396 2608 adhuc
1429 2548 1580 2614 Sion,
1603 2559 1649 2604 et
1686 2548 1836 2621 eliget
1887 2550 2059 2610 adhuc

474 2635 796 2692 Jerusalem.

547 2725 639 2782 1X.
675 2728 807 2782 Cum
848 2729 1290 2787 duraretdiutius
1319 2731 1860 2802 captivitas,Jud:e:e,
1890 2741 1944 2788 et
1976 2732 2062 2788 ni-

474 2818 768 2876 hilominus
791 2821 1189 2875 Satnaritarum
1221 2823 1383 2878 urbes
1401 2822 1454 2876 in
1475 2838 1677 2880 meram
1709 2823 2055 2880 solitudinem

472 2913 949 2968 convertebantur.
981 2912 1111 2966 Nam
1161 2924 1213 2968 et
1248 2913 1436 2969 domus
1477 2914 1963 2984 conﬂagraverunt,
1996 2923 2054 2971 et

469 3019 602 3058 voce
632 3004 1018 3074 propemodum
1047 3006 1208 3058 missa
1236 3005 1646 3076 Babyloniorum
1674 3006 1936 3064 saevitiam
1961 3023 2053 3066 ac-

437 3152 440 3156 ,
473 3095 736 3151 cusabant
775 3097 999 3166 ipsaque
1053 3097 1338 3151 civitatum
1369 3098 1577 3167 species
1621 3098 1946 3162 deformata,
2000 3107 2056 3153 et

473 3186 745 3241 destructa
778 3188 998 3242 omnino
1030 3187 1326 3243 visebatur.
1357 3186 1708 3246 Paucissimis
1734 3199 1912 3246 autem
1973 3190 2054 3244 in-

473 3278 634 3342 colis,
664 3279 836 3332 virum
885 3279 1171 3346 illustrem,
1205 3291 1300 3336 aut
1326 3280 1525 3350 alioqui
1557 3280 1821 3352 insignem
1843 3280 1951 3336 illic
1974 3281 2055 3334 vi-

473 3372 603 3425 dere
626 3386 732 3424 non
775 3379 894 3426 erat
925 3389 938 3425 :
971 3387 1144 3441 neque
1183 3371 1392 3442 aliquos
1434 3373 1600 3428 vitam
1627 3372 1891 3441 genialem
1933 3372 2044 3444 agi-

474 3471 672 3526 tantes,
700 3464 792 3518 sed
822 3472 1045 3518 mlestus
1070 3478 1259 3519 omnes
1279 3464 1419 3518 fame
1443 3473 1497 3518 et
1518 3464 1698 3533 inopia
1725 3464 2050 3518 laborantes.

470 3552 676 3609 Horum
724 3556 962 3609 omnium
1012 3554 1125 3610 fore
1183 3557 1340 3610 linem
1390 3557 1677 3626 promittit.
1734 3558 1825 3611 Ait
1858 3558 2048 3611 enim:

480 3662 499 3694 ι
541 3641 913 3700 ltiﬂ‘umleutur
938 3645 1186 3701 civitates
1219 3647 1270 3700 in
1299 3647 1478 3712 bonis,
1510 3666 1529 3700 ι
1563 3648 1664 3702 hoc
1703 3656 1790 3704 est
1843 3648 1898 3705 iu
1945 3661 2049 3701 au-

473 3733 622 3803 tiqua
652 3735 910 3796 felicitate
968 3736 1348 3804 versabuntur,
1383 3740 1734 3808 adauctaque
1785 3743 2049 3796 bonorum

474 3824 706 3880 cumulis
747 3827 937 3882 faciem
972 3827 1502 3899 innovabunt,atque
1549 3831 1617 3886 ad
1652 3839 1837 3900 optata
1873 3831 2051 3886 denuo

469 3927 860 3972 revertentum
884 3919 1224 3975 Miserebitur
1247 3921 1389 3975 enim
1422 3922 1681 3978 Dominus
1709 3923 1886 3978 adhuc
1919 3921 2049 3977 Sion

470 4018 526 4068 et
549 4009 710 4080 eliget
735 4010 908 4067 adhuc
931 4009 1248 4071 Jerusalem.
1285 4033 1303 4066 ι

537 4276 817 4349 Perpende
849 4294 1030 4349 porro,
1049 4295 1206 4349 quam
1237 4282 1526 4351 prudenter
1552 4281 1863 4348 prophetica
1891 4279 2044 4336 nobis

465 4372 726 4440 procedat
762 4375 952 4426 oratio.
983 4373 1117 4427 ‘Non
1169 4374 1310 4427 enim
1357 4371 1523 4444 664
1577 4372 1828 4428 universe
1870 4373 2040 4441 ipsum

465 4465 581 4517 l‘ore
637 4463 1045 4520 misericordem
1096 4468 1465 4533 spondet,nec
1519 4465 1570 4518 in
1621 4479 1781 4519 omne
1833 4475 2042 4532 tempus

2161 638 2254 690 καὶ
2276 637 2443 706 αὐτὴν
2470 640 2582 700 τοῖς
2613 638 2844 707 τείχεσιν
2867 639 3098 710 ὀχυροῦν
3124 639 3222 711 τὴν
3248 641 3422 694 πόλιν.

2241 727 2486 798 ὐρῶμεν
2532 726 2588 780 δὲ
2646 729 2730 782 ὃτι
2766 727 3151 798 διαγυμνάζων
3188 730 3300 782 ἐσθ’
3328 731 3417 784 ὅτε
3467 729 3600 793 Θεὸς
3630 731 3740 784 τῶν

2159 819 2330 886 ἁγίων
2373 820 2470 896 τὴν
2511 820 2712 886 πίστιν,
2745 821 2839 877 καὶ
2877 821 2986 874 τῶν
3015 823 3428 893 προσκειμένων
3457 822 3605 894 αὐτῷ
3639 824 3739 893 τὴν

2158 911 2458 981 ἀγάπησιν,
2484 911 2668 983 ἐφίησι
2712 912 2852 967 κατὰ
2901 914 3128 985 καιροὺς
3160 914 3451 968 διώκεσθαι
3495 914 3595 986 τὴν
3615 917 3740 968 Ἕκα

2160 1001 2408 1072 κλησίαν.
2442 1001 2579 1055 Ἀλλ’
2605 1001 2761 1070 ὀλίγα
2802 1001 3080 1060 παθοῦσαν
3127 1003 3289 1066 εὐθὺς
3332 1004 3604 1075 ἀνίστησι,
3644 1004 3740 1058 καὶ

2129 1094 2492 1164 ιάνατειχίζει
2535 1093 2697 1150 πάλιν
2741 1096 2862 1158 ταῖς
2903 1095 3268 1166 ἐπικουρίαις,
3295 1093 3390 1147 xui.
3430 1097 3496 1164 τῇ
3531 1093 3740 1149 ἄνωθεν

2159 1185 2341 1258 χάριτι
2369 1186 2462 1238 τὸν
2496 1185 2626 1239 ῐδιον
2663 1181 2809 1244 οἷκον
2838 1185 3110 1253 στεφανοῖ.
3144 1183 3257 1240 Καὶ
3287 1181 3518 1246 ἕκαστος
3544 1181 3603 1234 δὲ
3629 1180 3740 1234 τῶν

2160 1275 2403 1330 εὐσεϐεῖν
2431 1274 2723 1347 ᾑρημένων
2756 1273 2850 1327 καὶ
2879 1272 3034 1336 πόλις
3064 1273 3201 1337 ἐστὶ,
3247 1271 3344 1327 καὶ
3390 1267 3537 1334 οἶκος
3577 1269 3735 1327 Θεοῦ.

2161 1367 2525 1438 Δοκιμὰςεται
2568 1367 2640 1422 δὲ’
2666 1367 2947 1430 πολλάκις,
2979 1363 3436 1438 κατερεθιζούσης
3469 1361 3638 1430 αὐτὸν⁹
3659 1363 3740 1426 εἰς

2161 1462 2491 1531 φαυλότητα,
2518 1461 2615 1514 καὶ
2656 1459 2924 1530 σαρκικῆς
2965 1457 3177 1528 ἡδονῆς,
3205 1455 3301 1510 καὶ
3343 1454 3612 1526 μερίμνης
3647 1469 3741 1507 κο-

2161 1552 2386 1624 σμικῆς,
2421 1551 2495 1615 ὼς
2531 1551 2709 1604 δοκεῖν
2742 1547 3135 1620 ἐμπεπρῆσθαί
3173 1564 3233 1601 τε
3261 1546 3355 1600 καὶ
3387 1544 3583 1615 τειχῶν
3619 1544 3740 1615 ἐρή-

2162 1661 2291 1717 μην,
2319 1646 2487 1715 ἧγουν
2531 1643 2856 1713 ἀσφαλείας,
2897 1642 2994 1713 τὴν
3019 1641 3113 1697 τοῦ
3157 1639 3421 1702 παθόντος
3452 1639 3740 1707 ἅπομεῖναι

2156 1737 2354 1808 ψυχήν.
2398 1735 2560 1790 Ἀλλὰ
2608 1735 3074 1804 κατοικτείροντος
3123 1731 3282 1796 Θεοῦ,
3329 1730 3423 1784 καὶ
3466 1731 3586 1792 ταῖς
3631 1726 3740 1781 τῶν

2157 1827 2331 1895 ἁγίων
2364 1827 2542 1890 λιταῖς
2567 1823 2995 1897 μετατιθεμένου
3021 1822 3158 1894 πρὸς
3187 1821 3248 1876 τὸ
3280 1823 3508 1892 ἥμερον,
3539 1817 3741 1874 οἰκοδο-

2170 1921 2346 1988 μεῖται
2391 1917 2553 1972 πάλιν
2610 1936 2628 1970 ι
2657 1919 2736 1980 εἰς
2787 1915 2914 1969 ναὸν
2969 1915 3144 1981 ἆγιον,
3193 1915 3272 1976 είς
3319 1911 3741 1980 κατοικητήριον

2165 2010 2302 2066 Θεοῦ
2343 2013 2402 2064 ὲν
2451 2008 2739 2080 πνεύματι.
2773 2027 2790 2058 ι
2829 2005 2940 2061 Καὶ
2968 2004 3032 2076 δὴ
3061 2004 3282 2073 ἁπάσης
3326 2001 3741 2073 ἀπεληλαμένης

2165 2101 2528 2173 ἀκαθαρσίας,
2559 2099 2957 2169 ἀνατειχίζεται
3014 2094 3165 2166 παρὰ
3207 2093 3365 2159 Θεοῦ,
3393 2094 3489 2149 καὶ
3533 2092 3744 2162 γίνεται

2166 2193 2318 2257 πόλις
2347 2191 2440 2245 τοῦ
2485 2191 2718 2262 μεγάλου
2752 2189 3037 2261 βασιλέως,
3064 2186 3306 2241 τουτέστι
3333 2183 3597 2256 Χριστοῦ.

2235 2285 2347 2342 Kal
2373 2280 2503 2338 εἶπε
2537 2283 2686 2351 πρός
2710 2299 2785 2351 με
2814 2283 2846 2334 ό
2875 2280 3129 2350 ἄγγελος
3175 2281 3208 2332 ὁ
3231 2274 3438 2333 λαλῶν
3470 2274 3540 2328 ἐν
3568 2273 3700 2343 ἐμοί
3719 2285 3743 2308 ⁶

2166 2379 2296 2432 Ἔτι
2327 2375 2650 2446 ἀνάκραγε.
2683 2373 2878 2442 λέγων
2899 2389 2915 2406 ⁸
2969 2370 3115 2426 Τάδε
3155 2369 3316 2438 λέγει
3347 2368 3564 2438 Κύριος
3593 2380 3742 2437 κατ’·

2160 2461 2459 2532 τοκράτωρ
2474 2483 2487 2496 ο
2510 2463 2639 2516 Ἔτι
2663 2459 3134 2529 διαχυθήσονται
3163 2458 3371 2522 πόλεις
3388 2456 3457 2514 ἐν
3477 2452 3741 2523 ἀγαθοῖς,

2159 2555 2256 2609 καὶ
2284 2554 2528 2622 ἐλεήσει
2557 2554 2776 2621 Κύριος
2805 2553 2892 2606 ἔτι
2917 2550 3031 2620 τὴν
3059 2549 3236 2614 Σιὼν,
3264 2547 3363 2606 καὶ
3389 2545 3636 2615 alpeth
3653 2544 3742 2598 ἔτι

2159 2647 2275 2714 τὴν
2317 2643 2727 2714 Ἰερουσαλήμ.

2227 2737 2306 2790 Θ’.
2349 2736 2773 2806 Παρατείνοντος
2799 2732 2892 2787 τοῦ
2916 2732 3108 2803 χρόνου
3136 2731 3232 2801 τῆς
3263 2727 3666 2800 αἰχμαλωσίας,
3683 2725 3744 2779 αι

2157 2829 2256 2898 τῆς
2290 2828 2549 2890 Ἰουδαίας
2588 2826 2774 2890 πόλεις
2806 2824 2958 2878 οὐδὲν
2993 2823 3056 2893 δὴ
3099 2817 3262 2894 ἦττον
3301 2819 3526 2874 καὶτῶν
3556 2819 3742 2886 Σαμα-

2159 2919 2356 2992 ρειτῶν
2396 2919 2756 2990 ὲξηρήμωντο
2803 2913 3101 2977 παντελῶς.
3146 2907 3299 2966 Οἷκοί
3344 2928 3404 2966 τε
3448 2910 3557 2981 γὰρ
3600 2905 3744 2978 ἦσαν

2157 3009 2633 3082 ἐμπεπρησμένοι,
2659 3007 2754 3062 καὶ
2787 3005 3072 3078 μονονουχὶ
3096 3002 3195 3073 τῆς
3217 2998 3574 3055 Βαϐυλωνίων
3596 2997 3745 3066 ὠμό-

2156 3120 2316 3173 τητος
2341 3100 2836 3173 κατακεκραγότες,
2877 3099 2971 3152 καὶ
3003 3095 3145 3150 αὐτὰ
3175 3095 3234 3149 δὲ
3275 3093 3343 3147 τὰ
3383 3091 3493 3145 τῶν
3535 3090 3744 3142 πόλεων

2161 3195 2437 3266 σχήματα,
2471 3189 2946 3262 κατηφανισμένα,
2979 3189 3075 3242 καὶ
3110 3183 3568 3254 ἀνατετραμμένα
3601 3197 3740 3234 παν-

2155 3283 2346 3346 τεὶῶς.
2383 3282 2776 3354 Εὐαριθμήτων
2802 3280 2858 3332 δὲ
2887 3278 3081 3348 κομιδῇ
3125 3274 3540 3335 κατοικούντων,
3571 3273 3743 3342 ᾇνδρα

2160 3375 2257 3445 μὲν
2292 3376 2388 3428 οὐκ
2422 3370 2490 3444 ἦν
2519 3373 2790 3443 λαμπρὸν,
2827 3371 2860 3440 ἢ
2890 3371 2986 3423 καὶ
3037 3367 3238 3438 ἑτέρως
3292 3364 3564 3436 ἐπίσημον
3591 3363 3741 3429 ἰδεῖν,

2155 3467 2268 3520 ἀλλ’
2292 3467 2414 3520 οὐδὲ
2439 3469 2495 3520 ὲν
2523 3464 2791 3535 εὐπαθείᾳ
2812 3463 2970 3526 ὄντας
2997 3462 3168 3525 τινὰς,
3196 3462 3464 3530 κατηφεῖς
3485 3459 3543 3512 δὲ
3567 3458 3741 3511 ᾶπαν-

2154 3575 2274 3620 τας,
2312 3555 2456 3627 λιμῷ
2508 3555 2604 3610 καὶ
2632 3555 2795 3626 πενίᾳ
2821 3550 3542 3622 κατηχθεσμένους.Τούτων
3575 3550 3742 3603 ἀπάν-

2154 3666 2262 3706 των
2308 3645 2528 3700 ἔσεσθαι
2575 3645 2747 3716 πέρας
2796 3640 3212 3710 ἐπαγγέλλεται.
3259 3657 3278 3690 ι
3312 3637 3742 3708 Διαχυθὴσονται

2153 3738 2282 3809 γὰρ,
2314 3737 2470 3808 φησι,
2504 3734 2688 3797 πόλεις
2733 3735 2791 3786 ἐν
2841 3731 3084 3800 ἀγαθοῖς,
3118 3749 3138 3782 ι
3187 3727 3464 3786 τουτέστιν
3514 3728 3572 3778 ἐν
3617 3727 3740 3788 ταῖς

2152 3830 2407 3902 ἀρχαίαις
2431 3825 2752 3898 εὐημερίαις
2780 3823 3014 3889 ἔσονται,
3047 3822 3140 3880 καὶ⁵
3183 3819 3608 3892 παρακειμένων
3636 3816 3736 3871 αὐ-

2149 3925 2270 3984 ταῖς
2295 3919 2404 3973 τῶν
2427 3921 2508 3983 είς
2532 3917 2795 3987 ἀφθονίαν
2818 3914 3057 3984 ἀγαθῶν,
3087 3911 3449 3985 μεταϐαλοῦσι
3471 3911 3570 3980 τὴν
3592 3908 3736 3978 ὄψιν,

2149 4014 2242 4068 καὶ
2265 4012 2699 4085 ἁναδραμοῦνται
2731 4009 2892 4063 πάλιν
2919 4009 2977 4061 ἐν
3002 4010 3116 4071 τοῖς
3143 4007 3264 4060 κατ’
3286 4006 3472 4077 εὐχήν.
3512 4025 3530 4055 ι
3554 4005 3738 4074 Ἐλεή-

2151 4125 2232 4161 σει
2285 4106 2394 4178 γὰρ
2446 4107 2650 4177 Κύριος
2681 4103 2762 4156 ἔτι
2796 4103 2894 4173 τὴν
2923 4099 3084 4166 Σιὼν,
3114 4101 3207 4153 καὶ
3253 4099 3486 4169 αἱρετιεί
3527 4096 3607 4150 ἔτι
3636 4096 3737 4169 τὴν

2163 4199 2471 4271 Ὶερουσαλή
2483 4215 2541 4266 μ.
2575 4216 2593 4248 ι

2222 4291 2413 4361 Ἀθρει
2461 4290 2518 4342 δὲ
2553 4288 2702 4350 ὅπως
2733 4285 3002 4356 εὐτέχνως
3033 4285 3164 4354 ἡμῖν
3197 4285 3224 4338 ό
3256 4284 3355 4353 τῆς
3395 4280 3732 4353 προφητείας

2147 4384 2365 4456 πρόεισι
2397 4382 2572 4448 λόγος.
2610 4379 2684 4431 Οὐ
2714 4377 2823 4449 γὰρ
2853 4379 2932 4440 είς
2967 4377 3110 4430 ᾶπαν
3139 4374 3308 4446 αὐτὴν
3339 4374 3579 4444 ἐλεήσειν
3606 4388 3731 4424 κατ-

2147 4473 2568 4544 επαγγέλλεται,
2601 4469 2724 4523 οὐτε
2762 4469 2866 4541 μὴν
2897 4469 2974 4532 εἰς
3010 4468 3187 4522 πάντα
3222 4467 3412 4538 χρόνον
3441 4464 3694 4534 αἱρετιεῖν
3715 4477 3728 4490 ο

463 4559 784 4620 eiecturum,
809 4557 899 4611 sed
935 4558 1135 4622 adhuc,
1159 4555 1352 4625 inquit,
1387 4557 1626 4610 lenitatis
1659 4555 1826 4612 veluti
1885 4565 2030 4612 certa

2154 4569 2284 4631 me
2309 4568 2389 4631 τὸ,
2411 4565 2511 4632 ἔτι,
2531 4565 2684 4634 φησι,
2713 4560 3128 4636 μεμετρημένον
3143 4559 3333 4630 ὥσπερ
3362 4559 3450 4612 τὸν
3472 4559 3569 4627 τῆς
3595 4556 3734 4627 ἡμε-

463 4660 720 4699 utcnsura
745 4647 1022 4702 definitum
1071 4659 1282 4715 tempus
1339 4647 1680 4715 promittens.
1725 4647 1852 4704 Erat
1893 4648 2036 4703 enim

463 4745 587 4804 post
622 4738 736 4793 haec
759 4741 1056 4796 atrociores
1106 4741 1352 4796 subitura
1412 4738 1767 4804 calamitates,
1825 4749 2040 4810 propter

465 4827 644 4887 illatas
695 4831 911 4889 Christo
949 4832 1304 4889 contumelias
1351 4830 1728 4886 condemnata.
1771 4832 2038 4898 Quocirca

466 4921 595 4980 illud
630 4924 808 4981 adhuc
855 4925 1008 4994 quasi
1061 4924 1364 4979 dimensum
1419 4923 1768 4993 benignitatis
1828 4935 2039 4995 tempus

468 5014 739 5083 declarat,
765 5031 886 5071 cum
925 5015 1347 5072 comminatione
1389 5015 1597 5070 occulta
1633 5017 1732 5086 ipsi
1757 5027 2042 5076 eventum-

464 5123 606 5175 rum,
650 5109 737 5164 ubi
767 5108 1012 5165 Christus
1036 5106 1284 5162 Salvator
1306 5117 1491 5164 uoster
1523 5110 1820 5167 advenerit.

536 5286 699 5340 Vens.
739 5282 953 5338 i8-2L
994 5283 1058 5336 Et
1089 5282 1251 5337 levavi
1280 5283 1455 5338 oculos
1508 5303 1668 5353 meos,
1702 5296 1749 5340 et
1805 5287 1930 5351 vidi,
1987 5296 2037 5342 et

465 5394 578 5432 ecce
612 5385 840 5447 quatuor
855 5392 1073 5434 cornua.
1108 5376 1173 5432 Et
1199 5379 1315 5431 dixi
1362 5379 1432 5431 ad
1460 5379 1700 5449 angelum
1749 5381 1838 5449 qui
1861 5379 2040 5450 loque-

467 5471 620 5520 batur
653 5467 708 5519 in
735 5483 852 5522 me:
880 5467 1021 5532 Quid
1045 5479 1164 5523 sunt
1198 5469 1329 5534 Ita’c,
1374 5469 1589 5525 Domine
1614 5473 1639 5524 .9
1688 5469 1758 5524 Et
1792 5473 1926 5524 dixit
1970 5471 2041 5524 ad

472 5572 588 5613 me:
624 5557 749 5611 "ccc
782 5574 1000 5624 cornua,
1048 5577 1165 5628 queo
1197 5563 1517 5630 dissipat-unt
1551 5563 1768 5628 Judam,
1790 5574 1836 5616 et
1875 5561 2043 5616 Israel

467 5659 513 5702 et
547 5645 860 5703 Jerusalem.
895 5649 959 5704 Et
998 5654 1220 5707 ostendit
1255 5654 1380 5706 mihi
1425 5653 1679 5710 Dominus
1708 5664 1931 5725 quatuor
1959 5653 2040 5723 [a-

539 5829 580 5856 ττ
616 5833 633 5886 l
661 5835 815 5892 Esdr.
850 5853 886 5904 ι,
919 5837 969 5892 6.
1048 5838 1091 5868 ³³
1122 5836 1318 5909 Ephcs.
1346 5851 1405 5904 ιι,
1440 5837 1528 5893 2'2.

2153 4665 2375 4738 ρότητος
2433 4658 2621 4730 χρόνον
2669 4655 3117 4726 ὑπισχνούμενος.
3149 4650 3383 4720 Ἔμελλε
3431 4648 3540 4720 γὰρ
3595 4645 3734 4718 μετὰ

2145 4757 2304 4810 τοῦτο
2335 4755 2446 4815 τοῖς
2477 4751 2557 4804 ἔτι
2583 4749 2823 4820 χείροσιν
2846 4745 3110 4798 ὲναλῶναι
3144 4744 3355 4804 κακοῖς,
3384 4741 3476 4795 ἐπὶ
3504 4741 3624 4802 ταῖς
3647 4741 3730 4802 είς

2145 4846 2379 4920 Χριστὸν
2433 4841 2741 4914 παροινίαις
2773 4835 3217 4907 κατεγνωσμένη.
3259 4833 3468 4889 Οὐκοῦν
3513 4833 3593 4899 τὸ,
3622 4833 3727 4891 ἔτι,

2150 4933 2568 5008 μεμετρημένον
2604 4929 2794 5000 ὥσπερ
2824 4928 2973 5000 δηλοῖ
3003 4927 3094 4982 τὸν
3131 4928 3229 4996 τῆς
3252 4925 3586 4997 ἡμερότητος
3605 4923 3731 4995 χρό-

2146 5045 2259 5090 νον,
2291 5024 2522 5095 ἀπειλὴν
2564 5022 2758 5092 ἔχοντα
2797 5021 3095 5091 ἁσυμφανῆ
3140 5018 3250 5072 τῶν
3299 5017 3730 5088 συμϐησομένων

2148 5115 2288 5188 αὐτῇ
2322 5113 2465 5168 κατὰ
2496 5111 2621 5174 τοὺς
2655 5111 2878 5181 καιροὺς
2914 5109 3014 5180 τῆς
3038 5108 3130 5163 τοῦ
3154 5108 3404 5178 Σωτῆρος
3429 5105 3586 5177 ἡμῶν
3611 5107 3732 5161 ὲπι-

2150 5205 2375 5276 δημίας.

2213 5295 2321 5349 Καὶ
2353 5290 2468 5364 ἦρα
2502 5293 2644 5360 τοὺς
2696 5291 3048 5363 ὀφθαλμούς
3088 5308 3230 5360 μου,
3259 5289 3356 5344 καὶ
3406 5284 3592 5352 εἶδον,
3627 5286 3730 5340 καὶ

2147 5386 2278 5442 ίδοὺ
2304 5387 2573 5452 τέσσαρα
2595 5383 2832 5452 κέρατα.
2861 5381 2970 5436 Kal
2998 5377 3139 5434 εἶπα
3165 5381 3315 5450 πρὸς
3342 5381 3450 5436 τὸν
3467 5378 3726 5450 ἄγγελον

2143 5467 2611 5532 τὸνααςῖοῦντα
2655 5477 2724 5529 ἐν
2767 5475 2932 5543 ἐμοί’
2981 5474 3040 5528 Τί
3087 5473 3216 5526 ἐστι
3263 5473 3468 5537 ταῦτα,
3509 5472 3729 5540 Κύριε;

2145 5567 2255 5626 Kal
2283 5563 2412 5623 εἶπε
2443 5569 2591 5636 πρός
2618 5585 2726 5637 με’
2759 5565 2951 5624 Ίὶιῦτα
2981 5566 3054 5621 τὰ
3079 5563 3316 5635 κέρατα,
3345 5564 3418 5620 τὰ
3442 5563 3725 5630 διασκορ-

2147 5659 2408 5715 πίσαντα
2459 5660 2563 5714 τὸν
2604 5658 2848 5714 Ἰούδαν.
2876 5658 2973 5713 καὶ
3023 5658 3128 5713 τὸν
3169 5656 3434 5728 Ἰσραὴλ,
3489 5654 3586 5711 καί
3626 5652 3727 5710 '15-—
