4130 6528
372 424 397 438 ν
491 475 554 529 3|
1523 476 1582 531 S.
1624 473 1903 530 CYRILLI
1946 471 2417 529 ALEXANDRINI
2458 471 2779 528 ARCllll‘IP.
2852 466 2857 471 ’
3695 475 3765 530 52

489 591 560 646 dc
584 602 773 646 contra
796 605 895 649 eos
943 591 1063 646 acui
1093 606 1293 646 cornua
1320 589 1516 657 jubet?
1570 589 1757 659 Itaque
1814 597 2072 643 acuuntur

2181 587 2342 659 ζῆλον
2382 574 2587 657 μέγαν,
2622 587 2718 639 καὶ
2766 584 2924 656 θυμῷ
2976 584 3196 655 μεγάλῳ
3244 584 3535 656 ὀργίζομαι
3577 588 3670 640 ἐπὶ
3695 588 3765 642 τὰ

489 681 730 749 quidem,
769 700 873 739 nun
907 695 1082 739 tamen
1108 694 1296 737 contra
1320 680 1617 745 lsrae|,sed
1644 690 1836 736 contra
1876 687 2078 735 semet-

490 775 628 842 ipsa.
667 774 802 830 lnse
833 783 1018 829 mutuo
1070 789 1302 843 namque
1347 773 1776 835 insurrexerunt,
1828 772 2077 842 Assyrios

491 879 555 917 ac
586 864 904 935 Babylonios
942 865 1118 920 Persae
1139 863 1349 919 ethletli
1369 862 1508 917 bello
1527 863 1914 918 lacessiverunt
1933 862 2079 934 Cyro

496 965 773 1022 regnante,
792 965 849 1009 ut
877 972 1036 1025 supra
1058 956 1259 1011 dictum
1283 964 1387 1012 est.
1412 957 1775 1023 Quamobrem
1808 953 1912 1009 nisi
1977 969 2074 1009 ex-

491 1052 646 1096 acuta
674 1040 901 1099 fuissent
940 1059 1163 1109 cornua,
1190 1056 1244 1100 et
1271 1045 1564 1116 expugnati
1589 1043 1916 1115 _Babylouii,
1968 1057 2075 1097 non

492 1131 680 1187 fuisset
730 1132 992 1188 servitute
1045 1134 1324 1190 absolutus
1384 1134 1572 1201 Israel,
1630 1149 1736 1189 non
1789 1142 2076 1202 exemptus

494 1222 719 1278 vinculis
744 1231 798 1278 et
830 1223 1046 1279 miseris
1075 1225 1427 1282 intolerabili.
1453 1225 1697 1293 Quatuor
1724 1225 1905 1293 itaque
1937 1222 2076 1278 labri

492 1329 691 1367 cornua
727 1324 984 1370 acuentes
1016 1316 1068 1369 in
1096 1318 1344 1374 manibus
1371 1332 1582 1382 eorum,
1614 1317 1717 1372 hoc
1747 1325 1833 1371 est
1872 1315 2079 1370 haben-

494 1405 626 1455 tinm
653 1416 738 1467 ea,
766 1403 881 1457 sive
906 1404 1199 1471 victorum,
1235 1416 1292 1460 ut
1330 1420 1486 1476 reges
1514 1406 1800 1461 Persarum
1877 1404 2079 1459 intelli—

492 1509 705 1561 gamus,
732 1494 954 1567 intelligi
983 1506 1208 1567 possunt
1238 1499 1438 1569 angeli,
1475 1498 1863 1554 decentissime
1891 1499 1956 1551 ad
1983 1495 2077 1551 Dei

385 1622 391 1627 θ
486 1584 636 1652 iussa
675 1587 1009 1645 conﬁcienda
1038 1590 1342 1646 constituti.
1380 1590 1493 1645 Hoc
1539 1590 1702 1660 igitur
1727 1596 1845 1644 erat
1896 1587 2077 1657 subigi

491 1673 833 1747 Babylonios,
851 1688 906 1735 et
925 1681 1026 1735 sub
1054 1682 1336 1750 imperium
1363 1680 1652 1736 Persarum
1693 1680 2078 1748 Medorumque

494 1768 661 1837 redigi
697 1768 765 1822 de
793 1770 989 1838 quibus
1029 1770 1158 1825 alibi
1207 1771 1582 1827 universorum
1637 1769 1899 1825 Dominus
1952 1769 2023 1822 ait
2055 1783 2073 1820 :

496 1874 519 1909 ο
550 1857 882 1923 Sanctiﬁcati
908 1871 1055 1929 sunt,
1078 1873 1134 1919 et
1162 1878 1263 1935 ego
1286 1865 1495 1935 adduco
1519 1878 1661 1930 eos;
1705 1864 1951 1933 gigantes
1982 1876 2077 1917 ve-

2177 676 2305 748 έθνη
2336 678 2403 732 τὰ
2439 676 2909 748 συνεπιτιθέμενα.
2931 676 3075 731 Ἀνθ’
3102 668 3179 730 ὧν
3209 674 3327 744 ἐγὼ
3353 674 3452 747 μὲν
3482 677 3765 748 ὠργίσθην

2177 767 2353 836 ὸλίγα,
2382 769 2537 820 αὐτοὶ
2564 768 2621 820 δὲ
2657 767 3015 820 συνεπέθεντο
3052 767 3135 829 εἰς
3162 767 3330 821 κακά.
3364 787 3383 819 ›
3404 769 3462 820 '0
3495 767 3573 831 δὲ,
3608 769 3761 838 ὀλίγα

2177 860 2274 913 καὶ
2306 857 2635 929 συμμέτρως
2665 856 3031 928 ὠργισμένος,
3059 857 3153 911 καὶ
3177 856 3336 927 ζῆλον
3365 859 3619 926 ἐπαφιεὶς
3653 863 3765 923 τοῖς

2179 949 2604 1020 πεπορθηκόσιν,
2629 948 2709 1001 ὅτι
2741 947 2893 1019 παρὰ
2922 945 3080 1015 λόγον
3112 948 3406 1019 δεδράκασι
3435 948 3506 1002 τὰ
3532 950 3611 1013 εἰς
3635 951 3765 1014 τοὺς

2178 1039 2406 1103 ἁλόντας
2457 1038 2804 1111 τολμήματα,
2848 1039 2967 1102 πῶς
2995 1036 3279 1103 ὀξύνεσθαι
3313 1040 3435 1092 κατ’
3462 1039 3643 1093 αὐτῶν
3671 1057 3767 1094 κε-

2176 1129 2323 1184 λεύει
2360 1130 2431 1185 τὰ
2463 1132 2709 1202 κέρατα;
2755 1130 2964 1186 Οὐκοῦν
3014 1131 3289 1198 ὁξύνονται
3337 1132 3456 1203 μὲν,
3512 1132 3650 1203 πλὴν
3701 1133 3762 1186 οὐ

2178 1221 2322 1276 κατὰ
2347 1238 2410 1291 γε
2439 1222 2531 1276 τοῦ
2568 1221 2807 1292 Ἰσραὴλ,
2847 1218 2987 1277 ἀλλὰ
3018 1222 3161 1277 κατὰ
3194 1224 3345 1291 σφῶν
3378 1224 3581 1280 αὐτῶν.
3617 1226 3765 1278 Κατ-

2177 1312 2544 1384 εξανέστησαν
2572 1312 2681 1384 γὰρ
2718 1314 2975 1386 ἀλλήλων,
3008 1316 3103 1369 καὶ
3144 1316 3594 1388 πεπολεμήκασιν
3643 1318 3770 1370 Ἀσ-

2179 1404 2392 1476 συρίοις
2431 1399 2505 1457 τέ
2524 1404 2621 1458 καὶ
2650 1404 3017 1469 Βαϐυλωνίοις
3052 1405 3256 1477 Πέρσαι
3290 1408 3385 1461 καὶ
3414 1407 3612 1478 Μῆδοι,
3651 1394 3767 1459 K5-

2181 1515 2276 1570 ρου
2314 1494 2786 1566 βεϐασιλευκότος,
2817 1496 3072 1569 καθάπερ
3104 1496 3203 1568 ἤδη
3244 1497 3587 1575 προείρηται.
3622 1498 3769 1551 Οὐκ-

2175 1586 2290 1653 οῦν,
2327 1588 2376 1641 εί
2425 1585 2500 1658 μὴ
2532 1584 2748 1657 aecum
2791 1587 2862 1641 τὰ
2910 1587 3139 1658 κέρατα,
3175 1589 3269 1641 καὶ
3314 1589 3654 1659 ὲπεπόρθητο
3699 1587 3769 1641 τὰ

2176 1680 2552 1745 Βαϐυλωνίων,
2588 1680 2690 1733 οὐκ
2722 1680 2789 1733 ἂν
2820 1679 3142 1751 ἀπήλλακτο
3188 1680 3437 1744 δουλείας
3465 1683 3494 1734 ὁ
3524 1681 3764 1752 Ἰσραὴλ,

2175 1774 2276 1827 οὐκ
2301 1773 2369 1827 ἂν
2409 1772 2600 1844 ἀνείθη
2630 1771 2868 1843 δεσμῶν,
2900 1771 2995 1825 καὶ
3031 1773 3132 1841 τῆς
3166 1773 3442 1845 ἀφορήτου
3484 1773 3768 1827 ταλαιπωο

2181 1864 2320 1937 ρίας.
2352 1864 2418 1918 Ol
2463 1864 2644 1918 τοίνυν
2696 1862 2965 1933 τέσσαρες
3012 1863 3286 1930 τέκτονες,
3331 1866 3382 1917 ol
3441 1863 3511 1917 τὰ
3559 1863 3768 1932 κέρατα

490 1952 645 2006 niunt
671 1953 895 2023 implere
916 1952 1150 2011 luroreiu
1189 1931 1389 2023 meum,
1418 1958 1713 2028 gaudentes
1729 1931 1889 2011 simul
1911 1962 1964 2011 et
1983 1968 2072 2011 su-

2182 1931 2595 2026 τταραθήγοντες
2622 1955 2681 2007 ἐν
2705 1931 2892 2026 χερσὶν
2922 1952 3125 2018 αὐτῶν,
3157 1953 3408 2006 τουτέστι
3459 1951 3570 2006 τῶν
3617 1931 3769 2023 ἑχόν-

488 2042 797 2109 perbientes
820 2045 890 2102 ³¹.
916 2065 939 2099 s

2179 2062 2288 2098 των
2321 2044 2483 2111 αὐτὰ,
2512 2046 2637 2116 ήτοι
2680 2044 2790 2098 τῶν
2837 2043 3206 2118 κρατούντων,
3234 2042 3323 2097 ἵνα
3367 2044 3496 2107 τοὺς
3541 2042 3769 2113 Περσῶν

486 2131 698 2204 νοῶμεν
765 2135 1042 2206 βασιλέας,
1108 2140 1350 2210 νοηθεὴν
1397 2141 1639 2211 ἄγγελοι,
1668 2140 1731 2195 τὸ
1777 2139 1970 2195 δοκοῦν
2017 2137 2138 2210 Θεῷ
2176 2139 2571 2210 ἀποπεραίνειν
2621 2133 2681 2191 εὖ
2748 2137 2894 2209 μάλα
2947 2137 3433 2208 προστεταγμένοι.
3479 2135 3652 2190 Τοῦτο
3701 2131 3770 2206 ἦν

484 2221 593 2291 ἄρα
626 2223 688 2277 τὸ
729 2224 931 2280 ἁλῶναι
970 2228 1068 2299 τὴν
1101 2230 1484 2296 Βαϐυλωνίων,
1518 2232 1613 2286 καὶ
1642 2232 1747 2285 ὑπὸ
1779 2233 1937 2303 χεῖρα
1974 2228 2232 2300 γενέσθαι
2294 2229 2521 2301 Περσῶν
2585 2245 2645 2282 τε
2681 2230 2776 2283 καὶ
2805 2228 3029 2301 Μήδων,
3067 2228 3198 2299 περὶ
3263 2222 3339 2282 ὧν
3400 2225 3629 2298 ἑτέρωθί
3661 2227 3766 2279 πού

488 2331 654 2385 φησιν
687 2319 716 2370 ὁ
745 2318 856 2373 τῶν
881 2319 1022 2375 ὅλων
1050 2324 1356 2396 Δεσπότης·
1395 2344 1413 2377 ι
1437 2326 1795 2396 Ἠγιασμένοι
1833 2326 1959 2391 elei,
2019 2325 2114 2379 καὶ
2148 2323 2261 2394 ἐγὼ
2305 2323 2424 2394 ἄγω
2468 2323 2690 2388 αὐτοὺς,
2718 2324 2975 2394 γίγαντες
3023 2323 3270 2396 ἔρχονται
3317 2321 3605 2396 πληρῶσαι
3675 2321 3768 2375 τὸν

489 2407 658 2480 θυμόν
685 2427 809 2482 μου,
846 2415 1130 2486 χαίροντες
1157 2418 1276 2489 ἅμα
1329 2419 1425 2472 καὶ
1459 2416 1795 2491 ὑϐρίζοντες.
1831 2439 1850 2470 ι
2232 2418 2242 2425 “

1036 2551 1203 2624 ese
1269 2552 1421 2609 CAP.
1453 2552 1523 2613 ιι.

559 2679 724 2735 Vens.
778 2683 830 2749 Ι,
875 2683 929 2739 5.
974 2684 1039 2740 Et
1082 2686 1243 2745 levavi
1301 2687 1482 2743 oculos
1520 2704 1680 2757 meos,
1724 2701 1773 2745 et
1827 2691 1958 2758 vidi,
2022 2701 2071 2745 et

485 2786 602 2824 ecce
648 2774 747 2840 uir,
782 2784 828 2829 et
887 2777 941 2831 in
989 2795 1146 2831 manu
1210 2780 1322 2850 ejus
1375 2782 1645 2851 fuiticulus
1701 2787 2069 2851 geometricus.

2777 2544 3031 2605 ΚΕΦᾹΛ.
3082 2546 3156 2599 B'.

2248 2677 2356 2734 Kal
2399 2674 2520 2751 ἦρα
2561 2677 2704 2745 τοὺς
2742 2680 3091 2748 ὀφθαλμούς
3132 2695 3273 2749 μου,
3309 2682 3411 2735 καὶ
3455 2679 3637 2749 εἶδον,
3668 2686 3773 2740 ναὶ

2174 2768 2305 2823 ὶδοὺ
2340 2769 2516 2837 ἀνὴρ,
2543 2769 2640 2823 καὶ
2665 2769 2735 2822 ἐν
2760 2769 2837 2837 τῇ
2856 2769 3007 2838 χειρὶ
3032 2771 3218 2825 αὐτοῦ
3248 2775 3530 2841 σχοινίον
3550 2792 3768 2846 γεωμεα

491 2864 556 2916 Et
598 2867 709 2919 diri
757 2870 828 2921 ad
873 2886 991 2923 eum
1027 2887 1048 2926 .'
1088 2870 1205 2937 Quo
1242 2883 1296 2926 tu
1331 2876 1517 2930 vallis?
1548 2874 1616 2930 Et
1653 2877 1789 2931 dixit
1834 2880 1902 2931 ad
1949 2891 2070 2932 me:

2173 2863 2397 2931 τρικόν.
2437 2861 2550 2916 Kal
2593 2857 2735 2916 εῖπα
2772 2862 2923 2931 πρὸς
2968 2863 3185 2917 αὐτόν·
3223 2865 3348 2919 Ποῦ
3389 2866 3471 2921 σὺ
3505 2868 3767 2937 πορεύῃ;

489 2951 554 3007 Ut
604 2955 851 3011 dimetiar
904 2956 1223 3018 Jerusalem.
1247 2973 1293 3015 et
1345 2964 1547 3017 videam
1611 2975 1809 3036 quanta
1841 2966 2072 3021 latitudo

2178 2953 2291 3007 Kal
2314 2947 2445 3006 εἷπε
2470 2952 2620 3021 πρός
2638 2968 2715 3021 με
2737 2970 2750 2984 ο
2780 2951 3180 3022 Διαμετρῆσαι
3204 2953 3318 3023 τὴν
3340 2956 3765 3028 Ἰερουσαλὴμ,

483 3049 599 3115 ejus
651 3058 727 3102 est
781 3059 831 3103 et
856 3060 1058 3119 quanta
1097 3053 1388 3133 longitudo.
1438 3053 1503 3108 Et
1543 3072 1658 3111 ecce
1714 3060 1930 3130 angelus
1979 3060 2072 3130 qui

2176 3044 2284 3099 τοῦ
2335 3042 2486 3098 ἰδεῖν
2531 3044 2795 3112 πηλίκον
2839 3042 2908 3097 τὸ
2951 3043 3180 3110 πλάτος
3225 3044 3418 3115 αὐτῆς
3463 3047 3595 3101 ἐστι
3666 3049 3767 3103 καὶ

483 3137 801 3206 loquebatur
863 3141 918 3195 in
967 3159 1067 3207 me,
1125 3144 1319 3212 stabat,
1362 3156 1413 3200 et
1462 3151 1678 3218 angelus
1732 3150 1871 3203 alius
1926 3167 2072 3221 egre-

2175 3136 2440 3205 πηλίκον
2472 3135 2538 3188 τὸ
2574 3134 2793 3205 μῆκος.
2826 3132 2937 3190 Kal
2983 3135 3176 3205 160116
3201 3136 3459 3215 ἅγγελος
3494 3141 3527 3193 ὀ
3557 3140 3768 3195 λαλῶν

485 3226 730 3281 dicantur
767 3229 824 3284 in
865 3245 1136 3285 occursum
1162 3232 1304 3302 ejus,
1323 3244 1371 3288 et
1411 3236 1544 3290 dixit
1589 3238 1659 3291 ad
1686 3254 1825 3305 eum,
1856 3240 2072 3294 dicem:

2177 3229 2247 3282 ἐν
2272 3228 2403 3297 ἐμοὶ
2431 3226 2717 3295 εἱστήκει,
2739 3226 2837 3280 καὶ
2869 3225 3125 3297 ἄγγελος
3149 3226 3355 3295 ἔτερος
3374 3227 3767 3298 ἐξεπορεύετο

487 3315 773 3389 Frugifera
823 3319 1150 3376 habitabitur
1171 3322 1471 3379 Jerusalem
1503 3345 1534 3381 a
1565 3329 1905 3385 multitudine
1966 3330 2061 3386 Ito-

2173 3321 2252 3385 slc
2279 3316 2680 3385 συνάντησιν.
2717 3315 2899 3382 αὐτῷ,
2928 3316 3028 3370 καὶ
3074 3312 3206 3370 εἷκε
3244 3316 3394 3384 πρὸς
3430 3319 3636 3385 αὐτὸν,
3671 3322 3767 3374 λέ.

486 3409 686 3461 minam
736 3418 785 3462 et
808 3409 1168 3479 jumentorum
1226 3430 1344 3485 quia
1388 3418 1442 3470 in
1476 3421 1646 3475 medio
1705 3420 1840 3491 ejus,
1867 3433 1915 3476 et
1973 3439 2066 3495 ego

2173 3424 2321 3481 γων-
2378 3407 2774 3476 Κατὰκαρπος
2820 3408 3323 3477 κατοικηθήσεται
3355 3409 3765 3483 Ἰερουσαλὴμ

485 3516 577 3555 ero
602 3501 703 3567 illi,
724 3501 853 3556 dicit
885 3503 1159 3574 Dominus,
1191 3522 1371 3563 murus
1399 3510 1537 3582 ignis
1576 3512 1635 3565 in
1656 3514 1904 3583 circuitu,
1930 3529 1977 3570 et
2014 3517 2068 3571 iit

2173 3500 2287 3554 ἀπὸ
2310 3498 2584 3566 πλήθους
2609 3497 2958 3567 ἀνθρώπων,
2986 3499 3088 3553 καί
3115 3499 3352 3568 κτηνῶν
3373 3502 3443 3555 ἐν
3462 3502 3632 3572 μέσῳ
3653 3507 3763 3559 αὺ-

486 3591 713 3660 gloriam
752 3608 844 3648 ero
869 3594 923 3649 in
953 3596 1123 3651 medio
1153 3597 1291 3668 ejus.

558 3856 649 3913 XL
688 3858 803 3914 Non
826 3876 948 3918 esse
979 3874 1205 3922 essenta
1233 3882 1433 3924 cornua
1463 3881 1652 3926 contra
1682 3872 1957 3937 Israelem,
1978 3876 2072 3929 sed

486 3957 675 4004 contra
713 3965 808 4006 eos
838 3955 1017 4022 potius
1081 3959 1172 4027 qui
1218 3959 1647 4031 Hierosolymam
1710 3975 1872 4033 atque
1907 3966 2070 4021 etiam

483 4038 727 4094 Judaaam
757 4051 1069 4101 everterunt
1107 4063 1172 4105 ac
1230 4049 1563 4119 lacerarunt,
1621 4053 1868 4123 proxime
1915 4070 2076 4123 supe-

486 4130 599 4184 rior
650 4129 785 4186 visio
809 4132 1125 4201 planissime
1167 4140 1531 4199 demonstrat.
1570 4143 1755 4199 Elevat
1806 4145 2071 4214 siquidem

487 4235 707 4277 rursum
760 4224 949 4281 oculos
988 4228 1271 4298 propheta,
1293 4247 1397 4287 non
1452 4233 1639 4303 utique
1679 4235 1945 4303 corporis.
1977 4238 2074 4291 sed

486 4313 774 4370 interiores
793 4318 989 4386 potius,
1020 4328 1074 4375 et
1115 4323 1205 4391 qui
1265 4323 1626 4396 intelligentia
1678 4326 2071 4395 percipiuntur.

486 4405 623 4460 Tum
653 4409 944 4477 quemdam
966 4426 1027 4468 se
1056 4412 1253 4472 vidisse
1286 4415 1363 4469 ait
1396 4415 1594 4484 forms,
1626 4428 1680 4472 et
1710 4419 1896 4472 habitu
1949 4419 2073 4488 viri,

485 4494 783 4552 funiculum
818 4509 1084 4556 tenentem
1128 4505 1540 4571 geometricum,
1567 4520 1726 4574 quem
1755 4516 2075 4576 percuncta-

2170 3591 2301 3660 τῆς,
2329 3590 2427 3646 καὶ
2464 3588 2580 3660 ἐγὼ
2624 3590 2835 3658 ἔσομαι
2874 3589 3049 3659 αὐτῇ,
3083 3590 3248 3661 λέγει
3287 3594 3527 3662 Κύριος,
3566 3595 3763 3665 τεῖχος

2169 3682 2361 3749 δεξιοὺς
2404 3682 2725 3746 κυκλόθεν,
2757 3681 2859 3736 καὶ
2906 3683 2996 3748 είς
3034 3680 3223 3748 δόξαν
3255 3683 3469 3754 ἔσομαι
3499 3687 3568 3741 ἐν
3597 3686 3765 3757 μέσῳ

2172 3772 2383 3841 αὐτῆς.

2212 3920 2216 3924 _
2243 3865 2346 3920 lA’.
2390 3867 2512 3920 Ὅτι
2549 3866 2623 3937 μὴ
2656 3865 2801 3920 κατὰ
2826 3865 2920 3920 τοῦ
2953 3862 3174 3939 Ἰσραὴλ
3202 3868 3416 3942 ὼξύνθη
3442 3870 3509 3924 τὰ
3531 3871 3757 3943 κέρατα,

2173 3958 2292 4010 κατ’
2315 3957 2542 4011 ἐκείνων
2570 3957 2629 4011 δὲ
2663 3957 2882 4028 μᾶλλον,
2909 3958 2959 4012 οἳ
2984 3952 3130 4013 εἷλον
3155 3976 3216 4013 τε
3250 3960 3345 4014 καὶ
3379 3961 3762 4035 πεπορθήκασι

2172 4045 2272 4118 τὴν
2306 4046 2685 4119 Ἰερουσαλὴμ,
2730 4047 2825 4101 καὶ
2851 4048 3036 4118 μέντοι
3079 4046 3179 4119 τὴν
3202 4049 3481 4115 Ἰουδαίαν,
3507 4052 3538 4122 ἡ
3564 4051 3762 4119 γείτων

2173 4142 2364 4211 ὅρασις
2409 4140 2697 4207 ὲκδείξειεν
2735 4139 2825 4205 av;
2855 4141 2951 4194 καὶ
2999 4141 3147 4211 μάλα
3176 4140 3435 4206 εὐκόλως.
3467 4143 3621 4214 Αίρει
3650 4143 3759 4215 γὰρ

2175 4233 2337 4287 πάλιν
2365 4233 2492 4297 τοὺς
2520 4231 2833 4303 ὀφθαλμοὺς
2856 4233 2886 4284 ὁ
2918 4235 3223 4304 προφήτης,
3262 4233 3354 4287 καὶ
3380 4234 3503 4304 οὐχὶ
3529 4233 3592 4305 δὴ
3624 4233 3762 4288 πάνυ

2173 4340 2282 4386 τως
2309 4325 2439 4388 τοὺς
2465 4323 2561 4377 τοῦ
2596 4322 2868 4394 σώματος,
2902 4324 3029 4388 τοὺς
3057 4325 3115 4378 δὲ
3147 4324 3346 4395 μᾶλλον
3373 4326 3469 4379 καὶ
3512 4325 3758 4396 νοητοὺς.

2176 4409 2310 4467 Εἶτά
2337 4430 2462 4467 τινα
2492 4412 2779 4467 τεθεᾶσθαι
2805 4430 2968 4485 φησιν
2999 4418 3057 4467 ὲν
3085 4415 3279 4488 ἀνδρὸς
3325 4417 3589 4486 σχήματι,
3611 4432 3760 4484 σχοι-

2175 4502 2286 4557 νίον
2320 4504 2619 4576 κατέχοντα
2654 4504 3050 4576 γεωμετρικόνο
3082 4505 3246 4575 ἤρετο
3271 4505 3327 4559 δὲ
3361 4504 3523 4561 πάλιν
3547 4506 3631 4577 ἐφ’
3653 4507 3760 4578 ὅτῳ

488 4598 574 4642 tus
604 4596 708 4653 est,
747 4588 903 4660 cujus
930 4591 1007 4646 rei
1042 4595 1213 4662 gratia
1247 4596 1453 4650 veniret
1480 4606 1536 4652 et
1561 4597 1686 4664 quid
1735 4598 1836 4652 sibi
1877 4613 2072 4668 propo-

2175 4612 2234 4648 τε
2268 4594 2492 4665 βαδίζει,
2522 4596 2618 4650 καὶ
2641 4596 2726 4660 τίς
2758 4599 2787 4651 ὁ
2836 4596 3040 4660 σκοπὸς
3068 4597 3239 4668 αὐτῷ.
3274 4598 3382 4651 Τοῦ
3434 4597 3492 4651 δὲ
3539 4598 3604 4671 δὴ
3654 4602 3753 4669 φά-

485 4677 704 4734 suisset.
747 4676 828 4735 Eo
884 4682 1288 4753 respondente,
1342 4685 1479 4740 velle
1539 4686 1718 4741 metiri
1763 4684 2065 4743 Jerusalem

487 4806 504 4822 ο
562 4806 596 4825 Α
675 4810 692 4828 ο
768 4809 786 4827 ο
863 4809 883 4828 ο
957 4809 976 4827 ο
1053 4814 1068 4829 ο
1146 4811 1160 4828 ο
1239 4808 1257 4828 ο
1333 4813 1350 4830 ο
1428 4812 1444 4830 ο
1525 4817 1539 4830 ο

1057 4900 1073 4917 .
1154 4863 1278 4935 .(l)
1336 4866 1561 4922 incenso
1615 4878 1797 4923 autem
1847 4880 1902 4925 et
1950 4872 2069 4940 ipso
2175 4912 2188 4926 .
2235 4911 2248 4925 .

485 4950 943 5022 divino-templo,
973 4967 1173 5023 perque
1224 4963 1387 5009 totam
1419 4953 1663 5012 Judaeum
1713 4959 1964 5016 domibus
2008 4970 2066 5017 et

484 5042 711 5098 urbibus
739 5043 1094 5107 excisis,eam
1128 5058 1317 5101 rursus
1346 5055 1587 5101 erectum
1617 5048 1703 5115 iri,
1728 5066 1852 5121 spes
1879 5044 2062 5123 aliquo

486 5133 646 5187 modo
677 5134 932 5204 perierat.
963 5133 1212 5189 Ostendit
1237 5149 1371 5206 ergo
1402 5137 1561 5205 Deus,
1578 5141 1834 5198 cornibus
1861 5157 2062 5199 exacu-

487 5224 578 5290 tis,
617 5225 719 5279 lioc
742 5235 825 5280 est
869 5226 1140 5294 gentibus,
1174 5227 1287 5282 sive
1323 5231 1502 5299 regnis
1550 5231 1695 5288 inter
1738 5249 1797 5290 se
1844 5234 2063 5306 bellige-

485 5316 733 5371 rantibus
800 5325 1229 5374 resurrecturum
1288 5320 1474 5387 Israel,
1509 5332 1563 5377 et
1603 5324 1951 5382 habitandam
1996 5327 2065 5382 de

488 5408 697 5476 integro
715 5406 824 5476 jam
849 5406 1127 5464 dilatatam
1147 5410 1470 5480 Jerusalem,
1497 5415 1675 5471 divina
1711 5418 1909 5474 virtute
1946 5434 2066 5474 mu—

378 5510 387 5519 κ
488 5498 678 5563 uitam,
726 5499 1085 5571 supernisque
1127 5502 1401 5563 favoribus
1444 5505 1592 5562 velut
1657 5508 2065 5581 inexpugnabili

562 5668 604 5703 3’
640 5671 744 5726 lsa.
767 5688 885 5730 sui.
915 5674 970 5732 5.

2176 4702 2396 4752 σκοντος
2421 4686 2785 4759 διαμετρῆσαι
2813 4688 2914 4758 τὴν
2949 4687 3326 4760 Ἰερουσαλὴμ,
3384 4728 3401 4744 .
3441 4729 3456 4743 .
3504 4732 3515 4744 .
3562 4733 3574 4745 .
3621 4728 3636 4744 .
3680 4732 3692 4744 .
3739 4732 3754 4747 .

2294 4907 2310 4926 .
2351 4870 2764 4943 ἐμπρησθέντος
2792 4871 2848 4925 δὲ
2873 4871 2967 4925 καὶ
2987 4871 3152 4925 αὐτοῦ
3183 4872 3278 4926 τοῦ
3306 4873 3452 4927 θείου
3487 4873 3638 4939 ναοῦ,
3666 4878 3758 4930 καὶ

2167 4961 2277 5016 τῶν
2306 4963 2414 5017 ἀνὰ
2450 4963 2630 5016 πᾶσαν
2657 4961 2756 5034 τὴν
2782 4961 3047 5016 Ἰουδαίαν
3092 4965 3259 5017 οἴκων
3308 4980 3368 5017 τε
3419 4965 3511 5017 καὶ
3549 4965 3758 5020 πόλεων

2167 5053 2694 5124 ἀνατετραμμένων,
2727 5052 2969 5125 ἁνῄρητό
2993 5072 3109 5118 πως
3149 5056 3182 5122 ἡ
3216 5054 3371 5118 ἐλπὶς
3400 5054 3493 5108 τοῦ
3525 5056 3617 5110 καὶ
3644 5058 3757 5111 εἰσ-

2166 5144 2326 5209 αῦθις
2345 5143 2517 5214 αὐτὴν
2539 5142 2852 5215 ἀνασφῆλαι
2878 5144 3158 5200 δύνασθαι.
3183 5146 3467 5201 Δείκνυσιν
3486 5141 3578 5201 οὖν
3599 5147 3753 5214 Θεὸς,

2165 5236 2371 5291 ὅτιτῶν
2392 5235 2641 5307 κεράτων
2659 5237 3133 5308 παρωξυμμένων,
3150 5216 3397 5290 τουτέστι
3436 5239 3545 5294 τῶν
3561 5240 3755 5305 ἐθνῶν,

2166 5329 2284 5400 ήτοι
2310 5328 2421 5381 τῶν
2456 5328 2764 5399 βασιλειῶν,
2797 5329 2892 5382 καὶ
2923 5330 3016 5382 τὸν
3050 5328 3187 5399 πρὸς
3224 5329 3489 5401 ἀλλήλους
3521 5333 3757 5403 πόλεμον

2167 5421 2708 5492 συγκεκροτηκότων,
2753 5420 3075 5491 ὰνεθήσεται
3129 5421 3228 5489 μὲν
3255 5422 3495 5493 Ἰσραὴλ,
3540 5426 3752 5499 οίκήσει

2165 5508 2225 5564 δὲ
2264 5511 2425 5567 πάλιν
2457 5511 2917 5585 κατευρυνθεῖσαν
2957 5510 3058 5582 τὴν
3100 5510 3454 5584 Ἰερουσαλὴμ
3502 5515 3597 5569 καὶ
3631 5516 3754 5588 θείᾳ

2752 5673 2786 5699 '0

563 5849 640 5920 (l)
674 5852 931 5925 Suspicor
965 5854 1143 5914 minus
1174 5872 1343 5928 quam.
1365 5872 1461 5928 pro
1493 5856 1697 5914 lacunae
1725 5859 1922 5930 spatio,
1956 5870 2047 5918 aut
2078 5863 2217 5921 forte
2242 5865 2405 5922 etiam
2438 5867 2569 5923 nihil
2595 5868 2661 5925 ad
2688 5868 3012 5928 sententiam
3038 5871 3321 5930 omissum.
3350 5860 3636 5940 Iitt'crpres.
