4130 6534
346 288 420 343 ss
1198 244 1747 343 conura‘ursmus
1785 282 1852 340 IN
1897 283 2302 341 ZAGIIARIAM
2343 284 2790 341 PROPllE'l‘AM.
3016 274 3023 281 °
3572 279 3643 337 st

343 404 579 474 δυνάμει
622 402 1093 474 πεπυργωμένην,
1126 403 1221 456 καὶ
1262 398 1375 457 οἷον
1404 405 1608 476 ἀμάχῳ
1643 406 1805 474 φλογὶ
1834 407 1955 469 ταῖς

2062 404 2280 459 ﬂamma
2320 406 2767 476 circutnseptam.
2803 401 2991 458 Currit
3012 414 3147 472 ergo
3175 399 3398 471 angelus
3428 406 3488 453 ut
3537 413 3647 457 me-

344 494 558 549 ἄνωθεν
586 492 903 563 εὐμενείαις
932 492 1325 564 διεζωσμένην.
1361 493 1559 565 Τρέχει
1587 496 1766 548 τοίνυν
1791 497 1820 549 ὁ
1846 496 1946 563 ἄγ-

343 586 505 655 γελος
539 586 878 658 ἐκμετρῆσαι
922 585 1022 655 τὴν
1061 584 1444 657 Ἰερουσαλὴμ,
1481 586 1577 640 καὶ
1622 581 1734 639 οἷον
1762 587 1947 658 ὁρίσαι

344 674 617 732 πλατεῖαν
655 676 829 751 αὐτὴν
881 678 979 733 καὶ
1027 678 1470 751 εὐμηκεστάτην.
1504 679 1616 733 Καὶ
1651 680 1810 733 ταυτὶ
1847 681 1947 751 μὲν

347 773 668 846 ὶπορικῶς.

415 867 591 937 Φαίην
640 865 687 920 δ’
734 865 802 921 ἃν
849 865 932 920 ὅτι
988 865 1085 920 καὶ
1136 865 1224 920 ἐπ’
1258 866 1431 939 αὐτῆς
1480 867 1582 938 τῆς
1621 866 1949 939 Ἐκκλησίας

341 957 590 1027 Χριστοῦ
623 959 797 1012 νοοῖτο
840 956 909 1011 ἂν
939 958 1166 1022 εἰκότως
1198 960 1230 1029 ἡ
1262 958 1474 1031 ὅρασις.
1513 952 1948 1031 Τετυραννεύκει

342 1048 449 1119 μὲν
476 1049 586 1121 γὰρ
626 1049 769 1104 κατὰ
806 1048 1025 1103 πάντων
1054 1051 1083 1104 ὀ
1110 1043 1363 1114 Σατανᾶς
1390 1048 1500 1104 τῶν
1529 1049 1697 1106 ὄντων
1730 1050 1824 1104 ἐπὶ
1848 1051 1950 1121 τῆς

340 1141 475 1211 γῆς,
506 1143 604 1195 καὶ
630 1142 938 1211 γεγόναμεν
984 1142 1342 1212 αἰχμάλωτοι,
1378 1144 1490 1206 τοῖς
1523 1142 1735 1196 ἐκείνου
1764 1142 1949 1212 ζυγοῖς

342 1233 802 1304 ὑπενηνεγμένοι.
822 1232 963 1286 Ἀλλ’
996 1235 1028 1303 ἠ
1057 1225 1163 1291 τοι]
1188 1234 1441 1305 Σωτῆρος
1470 1234 1632 1306 χάρις
1660 1234 1949 1306 συνέτριψε

346 1324 449 1394 μὲν
473 1324 534 1376 τὸ
560 1324 771 1378 ἐκείνου
798 1324 993 1395 κέρας,
1023 1325 1394 1379 κατελέπτυνε
1419 1326 1477 1380 δὲ
1496 1327 1595 1399 τὴν
1623 1327 1947 1399 ὑπεροψίαν.

343 1410 773 1484 Τεθριάμϐευκε
821 1413 932 1483 γὰρ
977 1415 1154 1485 ἀρχάς
1198 1432 1258 1469 τε
1296 1417 1392 1471 καὶ
1425 1417 1678 1483 ἐξουσίας
1724 1418 1819 1472 καὶ
1856 1435 1953 1473 κο·-

344 1506 776 1577 σμοκράτορας,
812 1506 914 1571 τὰς
955 1507 1345 1579 ἀντικειμένας
1391 1509 1673 1582 δυνάμεις,
1717 1509 1950 1576 ἐξείλετο

341 1598 404 1651 δὲ
436 1598 610 1669 ἡμᾶς.
637 1599 732 1652 καὶ
760 1597 868 1652 τῶν
901 1599 1355 1672 ὲκείνουδεσμῶν
1391 1602 1950 1675 ἁπέλυσεν.Ἥγειρεν

344 1690 513 1761 ἡμῶν
558 1690 660 1761 τὴν
693 1689 1043 1762 Ἐκκλησίαν,
1077 1690 1175 1764 τὴν
1224 1693 1391 1762 ἁγίαν
1438 1693 1655 1767 ἀληθῶς
1694 1696 1791 1750 καὶ
1830 1695 1951 1751 δια-

2056 499 2221 552 tiatnr
2267 496 2594 560 Jerusalem,
2624 496 2849 565 ejusque
2900 492 3235 549 latitudinem
3300 500 3356 546 et
3413 490 3647 563 longitu-

2053 594 2236 650 dinem
2267 594 2423 665 quasi
2482 593 2725 649 detiniat.
2757 591 2823 646 Et
2858 592 2971 646 haec
3017 588 3236 660 quidem
3268 587 3550 643 historice.

2127 834 2522 925 Amimaverim
2553 880 2717 937 porro
2745 861 2909 920 etiam
2938 858 3008 919 de
3053 860 3169 933 ipsa
3210 858 3416 917 Christi
3456 856 3643 913 Eccle-

2055 959 2135 1014 sia
2207 960 2383 1013 visum
2431 959 2533 1012 hoc
2573 965 2698 1027 apte
2750 954 3011 1025 explicari
3065 967 3247 1023 posse.
3315 950 3646 1005 Exercuerat

2055 1050 2200 1105 enim
2232 1049 2573 1121 tyrannidem
2609 1047 2843 1105 Satanas
2906 1048 2959 1101 in
3013 1045 3271 1102 mortales
3338 1043 3642 1107 universos,

2006 1145 2021 1176 ‘
2054 1156 2387 1211 eramusque
2420 1140 2650 1211 captivi,
2693 1138 2986 1209 iiliusjugo
3024 1135 3245 1192 subditi.
3279 1134 3478 1190 Verum
3526 1130 3648 1186 Sal-

2055 1234 2261 1290 vatoris
2298 1235 2476 1304 gratia
2521 1235 2640 1301 ejus
2689 1248 2862 1289 cornu
2900 1228 3179 1292 contrivit,
3230 1236 3286 1282 et
3334 1224 3643 1294 superbiam

2055 1327 2373 1381 attenuavit.
2408 1322 2972 1396 Trinmphavitenim
3036 1321 3332 1392 principes,
3384 1327 3440 1371 et
3489 1330 3642 1386 pme-

2056 1422 2246 1478 states,
2271 1424 2326 1470 et
2365 1415 2548 1470 mundi
2593 1423 2857 1479 rectores,
2900 1421 2955 1469 et
2988 1411 3329 1468 adversarias
3388 1408 3643 1470 virtutes,

2053 1508 2220 1581 667
2250 1507 2559 1581 eripuitque
2596 1522 2712 1569 nos.
2748 1515 2803 1561 et
2856 1505 3002 1562 illius
3053 1503 3288 1560 vinculis
3348 1500 3642 1570 expedivit.

2056 1599 2329 1657 Excitavit
2367 1600 2666 1656 Ecclesiam
2698 1607 2939 1655 nostram
2979 1612 3105 1653 vere
3127 1602 3389 1659 sanctam,
3409 1603 3465 1648 et
3504 1592 3646 1647 fama

2056 1696 2290 1751 nobilem
2321 1694 2620 1760 civitatem,
2641 1692 2804 1748 latam
2838 1702 2894 1749 et
2920 1690 3314 1762 longissimam,
3336 1701 3498 1758 quam
3521 1699 3647 1741 cum

344 1782 548 1852 ϐόητον
589 1781 788 1845 πόλιν,
836 1781 936 1853 τὴν
990 1781 1209 1855 εὐρεῖαν
1259 1784 1353 1839 καὶ
1404 1784 1847 1857 εὐμηκεστὰτην,
1880 1786 1946 1858 ἢν

2056 1789 2229 1845 fructu
2262 1787 2548 1844 incolimus
2571 1786 2842 1861 homines,
2867 1794 2924 1842 et
2948 1781 3216 1854 iumenta,
3246 1783 3350 1839 hoc
3381 1786 3468 1839 est
3523 1794 3647 1836 ver-

342 1872 730 1943 κατακάρπως
784 1873 1087 1946 ᾡκήκαμεν
1155 1873 1436 1947 ἄνθρωποί
1489 1894 1547 1931 τε
1603 1879 1699 1933 καὶ
1754 1879 1949 1951 κτήνη,

340 1965 635 2017 τουτέστιν
685 1965 735 2018 οί
784 1964 1150 2037 λελογωμένοι
1188 1984 1249 2021 τε
1275 1964 1397 2040 ἤδη,
1429 1969 1525 2024 καὶ
1544 1970 1593 2023 οἱ
1618 1969 1789 2041 μήπω
1816 1971 1953 2042 πρὸς

342 2057 509 2111 τοῦτο
556 2058 787 2129 ἥκοντες
837 2060 1060 2131 μέτρου,
1097 2060 1381 2133 μέλλοντες
1422 2062 1478 2116 δὲ
1528 2063 1623 2118 καὶ
1658 2081 1953 2136 μυσταγω-

349 2149 638 2219 γούμενοι.
680 2151 1108 2223 Κατῳκήκαμεν
1152 2151 1333 2217 πόλιν,
1385 2153 1451 2226 ἢν
1506 2153 1670 2218 αὐτὸς
1724 2156 1952 2226 τειχίζει

344 2242 614 2314 Χριστὸς,
645 2242 908 2314 ἀρρήτοις
949 2242 1214 2312 δυνάμεσι
1246 2245 1607 2315 καταφλέγων
1655 2247 1784 2310 τοὺς
1822 2247 1952 2302 ἀνο-

344 2336 676 2407 εστηκὰτας,
710 2337 806 2390 καὶ
848 2336 947 2408 τῆς
989 2337 1186 2392 ἑαυτοῦ
1231 2337 1392 2411 δόξης
1431 2339 1822 2411 ἀναπιμπλῶν,
1857 2340 1955 2395 καὶ

342 2426 463 2483 οἷον
486 2426 735 2500 ἑστηκὼς
756 2429 814 2481 ἐν
840 2429 992 2501 μέσῳ
1018 2430 1127 2486 τῶν
1147 2431 1462 2496 οἰκούντων,
1487 2425 1568 2496 οἷς
1584 2432 1955 2504 ἐπηγγέλλετο

344 2521 558 2589 λέγων·
594 2541 611 2572 ι
636 2519 768 2576 Ἰδοὺ
799 2522 911 2590 ἐγὼ
935 2521 1057 2594 μεθ’
1081 2522 1236 2593 ὑμῶν
1266 2523 1383 2595 είμι
1412 2523 1594 2589 πάσας
1616 2524 1717 2589 τὰς
1739 2524 1955 2597 ἡμέρας

344 2615 458 2678 ἕως
488 2614 591 2686 τῆς
632 2613 944 2679 συντελείας
974 2614 1069 2669 τοῦ
1100 2614 1320 2680 αἰῶνος.
1351 2635 1371 2669 ›
1401 2616 1621 2686 Ταύτης
1660 2618 1761 2687 τῆς
1791 2617 1956 2687 ἁγίας

347 2708 565 2771 ⁴ιτιῦλεως
611 2706 948 2779 διεμὲμνητό
992 2724 1097 2762 που
1151 2709 1244 2762 καὶ
1294 2710 1324 2764 ὁ
1373 2710 1663 2782 προφήτης
1703 2710 1953 2775 Ἡσαΐας,

346 2798 550 2867 λέγων·
590 2816 608 2848 ι
640 2800 702 2852 υί
725 2798 996 2872 ὀφθαλμοί
1021 2818 1114 2853 σου
1135 2800 1361 2871 ὄψονται
1395 2802 1777 2875 Ἰερουσαλὴμ,
1803 2803 1955 2868 πόλις

346 2887 614 2954 πλουσία,
654 2889 855 2960 σκηναὶ
902 2887 959 2943 αῖ
1011 2891 1070 2945 οὐ
1127 2889 1203 2962 μὴ
1252 2891 1564 2959 σεισθῶσιν,
1618 2893 1730 2947 οὐδ’
1762 2893 1825 2947 οὐ
1878 2893 1955 2966 μὴ

348 2979 697 3037 σιλευθῶσιν
727 2981 778 3034 οἱ
821 2981 1089 3035 πάσσαλοι
1118 2981 1217 3053 τῆς
1257 2984 1463 3055 σκηνῆς
1510 2985 1699 3056 αὐτῆς,
1736 2985 1857 3040 οὐδὲ
1889 2986 1957 3041 τὰ

346 3073 571 3144 σχοινία
606 3074 777 3147 αὐτῆς
805 3075 866 3128 οὐ
904 3076 980 3149 μὴ
1014 3075 1373 3151 διαρραγῶσι.
1403 3096 1424 3131 s
1463 3078 1573 3135 Kal.
1606 3077 1743 3149 πρὸς
1784 3078 1956 3151 αὐτὴν

343 3164 407 3221 δέ
450 3183 628 3237 φησι·
663 3186 681 3219 ι
715 3168 992 3224 Πλὰτυνον
1025 3168 1116 3225 τὸν
1145 3152 1310 3224 τόπον
1346 3170 1446 3243 τῆς
1487 3171 1693 3243 σκηνῆς
1736 3188 1831 3226 σου
1858 3172 1958 3228 καὶ

344 3260 464 3317 τῶν
495 3259 739 3315 αὐλαιῶν
769 3277 885 3314 σου.
919 3260 1117 3333 Πῆξον,
1155 3263 1230 3336 μὴ
1259 3263 1442 3337 φείσῃο
1469 3263 1551 3321 ἔτι
1585 3264 1665 3330 εἰς
1707 3264 1778 3320 τὰ
1805 3265 1959 3332 δεξιὰ

347 3353 449 3406 καὶ
487 3351 569 3415 εἰς
607 3352 676 3405 τὰ
706 3353 971 3426 ἀριστερὰ
1001 3355 1323 3411 ὲκπέτασον.
1356 3375 1374 3408 ι
1411 3356 1820 3429 Κατευρύνεται
1847 3358 1957 3431 γὰρ

348 3442 389 3516 ἡ
422 3443 732 3513 Ἐκκλησία
781 3444 1044 3516 Χριστοῦ,
1090 3446 1186 3501 καὶ
1234 3447 1313 3511 είς
1357 3447 1587 3521 ἄπειρον
1630 3449 1954 3517 ἐκτείνεται,

347 3535 773 3607 ἀναριθμήτους
922 3536 1184 3610 δεχομένη
1222 3540 1351 3606 τοὺς
1394 3542 1835 3612 προσκυνοῦντας
1862 3544 1959 3599 αὐ-

348 3629 474 3683 τόν.

430 3722 524 3786 Ὦ,
580 3716 629 3773 ὢ
677 3720 926 3791 φεύγετε
969 3721 1039 3777 ἐκ
1086 3723 1201 3794 γῆς
1242 3724 1459 3795 βορῤᾶ,
1511 3726 1676 3799 λέγει
1716 3729 1956 3799 Κύριος,

348 3813 513 3868 διότι
568 3813 640 3867 ἐκ
694 3812 815 3869 τῶν
873 3814 1189 3885 τεσσάρων
1238 3818 1476 3889 ἀνέμων
1532 3820 1639 3875 τοῦ
1694 3822 1958 3891 οὐρανοῦ

350 3906 618 3971 συνάξω
670 3906 848 3976 ὑμᾶς,
889 3908 1053 3978 λέγει
1090 3911 1331 3978 Κύριος.
1380 3915 1486 3979 Εις
1523 3912 1681 3967 Σιὼν
1724 3916 1963 3970 ἁνασώ-
2006 3942 2016 3951 ~

352 3997 538 4060 ζεσθε
582 4001 636 4051 οι
675 3994 1098 4067 κατοικοῦὶτες
1128 4004 1424 4074 θυγατέρα
1448 4007 1830 4073 Βαϐυλωνος.

439 4090 541 4145 IB'.
598 4091 1012 4160 Ἐπιστυγνὰζει
1054 4094 1155 4163 μὲν
1199 4094 1389 4167 ὥσπερ
1423 4100 1534 4162 τοῖς
1577 4099 1811 4154 παθοῦσι
1860 4102 1961 4173 τὴν

354 4181 776 4253 αἰχμαλωσίαν,
826 4182 902 4246 ὡς
939 4183 1219 4241 δύσοιστον
1245 4188 1509 4242 ἁνατλᾶσι
1546 4189 1644 4265 τὴν
1686 4191 1963 4250 ταλαιπω-

354 4276 517 4349 ρξαν,
555 4276 649 4330 καὶ
677 4275 742 4348 δὴ
778 4276 875 4333 καὶ
908 4278 1369 4351 ἁπονοσφίζεσθαι
1409 4284 1622 4338 κελεύει
1650 4287 1836 4341 λοιπὸν
1861 4288 1963 4359 τῆς

354 4367 659 4421 Χαλδαίων
695 4369 902 4442 χώρας,
941 4371 1017 4436 ὡς
1068 4374 1187 4428 ἐνὸν
1233 4375 1333 4448 ήδη
1375 4376 1533 4433 τοῦτο
1574 4377 1707 4450 δρᾷν
1752 4380 1959 4446 αὐτοῖς,

2054 1879 2123 1936 bo
2149 1879 2242 1936 Dei
2274 1877 2512 1935 instituti
2531 1879 2670 1949 jam,
2704 1887 2761 1934 et
2791 1877 2884 1949 qui
2921 1877 2992 1934 ad
3019 1877 3163 1932 hunc
3185 1874 3476 1931 terminum
3511 1886 3646 1928 nono

2054 1970 2181 2027 dum
2209 1980 2593 2041 pervenerunt,
2633 1969 2952 2039 pervenient
2996 1977 3177 2026 autem
3204 2006 3220 2033 ,
3246 1976 3303 2025 et
3354 1980 3509 2024 sacra
3552 1965 3647 2022 do-

2054 2061 2225 2116 ctrina
2248 2060 2425 2117 adhuc
2451 2059 2786 2117 imbuuntur.
2813 2060 3130 2117 Habitamus
3158 2059 3457 2125 civitatem,
3482 2070 3645 2127 quam

2057 2154 2233 2209 munit
2260 2154 2374 2223 ipse
2396 2151 2649 2210 Christus
2676 2153 2904 2221 viribus,
2946 2161 3180 2225 quantas
3196 2152 3375 2208 oratio
3406 2149 3647 2220 comple-

2054 2246 2128 2301 cti
2182 2245 2328 2301 nulla
2386 2255 2586 2317 potest,
2615 2260 2778 2301 urens
2830 2244 3191 2311 adversarios,
3234 2252 3293 2298 et
3331 2240 3500 2313 gloria
3545 2254 3645 2297 sua

2058 2338 2308 2409 implens,
2329 2346 2385 2393 et
2410 2338 2567 2408 quasi
2596 2338 2649 2392 in
2676 2336 2853 2394 medio
2889 2335 3249 2393 habitantium
3299 2343 3472 2397 stans,
3527 2333 3648 2402 qui-

2056 2434 2160 2488 bus
2190 2432 2242 2488 id
2272 2431 2543 2502 promisit,
2569 2430 2621 2486 in
2656 2430 2772 2486 lucc
2824 2428 2987 2485 verba
3021 2447 3082 2487 τι
3121 2428 3266 2484 Ecce
3313 2439 3417 2493 ego
3466 2422 3650 2479 vobis-

2056 2537 2180 2579 cum
2217 2538 2337 2578 suur
2365 2522 2621 2593 omnibus
2660 2520 2851 2578 diebus
2912 2534 3085 2592 usque
3113 2518 3180 2575 ad
3225 2516 3650 2575 consummatio—

2059 2630 2181 2671 nem
2213 2614 2394 2672 saeculi
2417 2615 2484 2670 ³².
2510 2628 2529 2664 ο
2553 2613 2727 2685 Hujus
2750 2622 2953 2669 sanctae
2984 2612 3224 2668 civitatis
3253 2608 3502 2666 meminit
3550 2605 3653 2661 ali-

2057 2709 2182 2766 cubi
2209 2709 2475 2779 propheta
2504 2722 2727 2780 quoque
2750 2705 2936 2770 Isaias,
2968 2705 3053 2762 bis
3088 2704 3269 2761 verbis
3292 2719 3312 2758 :
3344 2722 3364 2756 ι
3394 2700 3547 2758 Oculi
3572 2699 3649 2757 tui

2059 2801 2320 2857 videbunt
2345 2799 2669 2865 Jerusalem,
2698 2799 2894 2857 civitas
2925 2799 3095 2861 dives,
3147 2794 3497 2854 tabernacula
3529 2807 3653 2863 qua

2058 2908 2166 2949 non
2193 2892 2701 2956 commovebuntur,
2739 2904 2916 2961 neque
2943 2889 3305 2946 movebuntur
3334 2885 3519 2957 paxilli
3569 2896 3652 2941 ta-

2058 2985 2336 3042 bernaculi
2363 2984 2500 3055 ejus,
2524 2997 2702 3053 neque
2727 2981 2952 3037 funiculi
2977 2979 3097 3050 ejus
3125 2976 3606 3048 disrumpentur”.
3625 2994 3644 3028 s

2060 3078 2126 3133 Et
2154 3079 2327 3148 ipsam
2367 3076 2448 3133 sic
2477 3075 2792 3144 alloquitur.
2828 3091 2847 3125 ι
2879 3072 3054 3128 Dilata
3110 3071 3289 3127 locum
3318 3067 3651 3126 tabernaculi

2062 3171 2160 3236 tui,
2195 3179 2254 3226 et
2285 3168 2643 3226 tentoriorum
2669 3175 2905 3223 tuorum.
2947 3164 3100 3236 Fige,
3127 3177 3195 3219 ne
3227 3177 3444 3232 parcas,
3474 3160 3652 3216 adhuc

2058 3265 2125 3318 ad
2149 3256 2426 3320 dexteram
2450 3268 2507 3317 et
2531 3260 2810 3317 sinistram
2840 3257 3007 3315 dilata
3036 3256 3104 3311 ³⁸.
3141 3273 3161 3309 r
3197 3253 3464 3311 Dilatatur
3508 3251 3655 3307 enim

2058 3354 2302 3412 Ecclesia
2360 3352 2607 3419 Christi,
2657 3362 2714 3407 et
2760 3352 2816 3407 in
2888 3352 3216 3406 immensum
3292 3344 3655 3410 extenditur,

2059 3446 2488 3505 innumerabiles
2561 3460 2779 3518 semper
2845 3445 3025 3518 ipsum
3101 3442 3397 3499 adorantes
3480 3438 3657 3496 susci'o

2059 3541 2234 3613 piens.

2132 3744 2300 3803 Vsus.
2333 3744 2398 3811 6,
2426 3743 2479 3800 7.
2514 3741 2593 3807 0,
2620 3758 2650 3797 o
2697 3740 2862 3812 fugite
2902 3739 2967 3794 de
3008 3746 3151 3793 terra
3190 3735 3487 3807 aquilonis,
3519 3733 3656 3790 dicit

2061 3838 2323 3895 Dominus
2348 3849 2367 3891 :
2391 3838 2513 3910 quia
2539 3838 2604 3890 de
2623 3845 2852 3906 quatuor
2877 3831 3041 3889 ventis
3061 3836 3180 3892 coeli
3199 3828 3522 3907 congregabo
3545 3851 3655 3897 eos.

2058 3930 2189 3984 dicit
2216 3929 2495 3985 Dominus.
2518 3927 2585 3982 In
2615 3926 2745 3983 Sion
2773 3925 3076 3996 saluautini,
3097 3928 3185 4001 qui
3212 3927 3463 3982 habitatis
3488 3926 3659 3996 ﬁliam

2064 4020 2377 4091 Babylonis.

2139 4112 2177 4170 Χ
2193 4112 2254 4171 ll.
2280 4112 2593 4185 lugemiscit
2612 4112 3018 4184 quodammodo
3041 4125 3208 4181 super
3231 4110 3298 4165 iis
3342 4109 3434 4179 qui
3461 4105 3657 4177 captivi

2066 4208 2313 4272 fuerant,
2346 4215 2407 4260 ut
2451 4219 2693 4259 aerumna
2746 4203 3078 4259 intolerabili
3126 4201 3381 4257 exercitis
3430 4214 3447 4255 :
3497 4207 3661 4269 atque

2069 4301 2235 4359 etiam
2268 4299 2334 4354 de
2367 4307 2567 4354 caetero
2598 4297 2861 4353 decedere
2880 4296 3254 4353 Chaldaeorum
3290 4304 3435 4350 terra
3466 4293 3657 4348 horta-

2064 4398 2174 4453 tur,
2193 4390 2337 4461 quod
2366 4388 2470 4444 illis
2492 4389 2605 4461 jam
2632 4387 2774 4443 istud
2799 4387 2979 4444 facere
3005 4380 3219 4444 nemine
3239 4396 3455 4445 vetante
3481 4384 3662 4461 liceat,

352 4459 710 4531 ἐξείργοντος
745 4462 981 4530 οὐδενὸς,
1025 4465 1192 4520 αὑτοῦ
1220 4485 1279 4522 τε
1322 4468 1670 4539 συλλέγοντος
1702 4474 1767 4527 ἐκ
1798 4474 1955 4529 τόποι

512 4549 528 4567 ε
667 4554 679 4569 .
822 4558 843 4569 -
945 4557 969 4568 ..
1114 4559 1129 4569 .
1229 4560 1240 4569 .
1495 4563 1519 4569 _
1551 4563 1563 4569 -
1619 4567 1637 4569 η

2070 4495 2123 4538 et
2157 4459 2273 4552 ipse
2314 4459 2552 4540 hostium
2596 4481 3049 4551 impressionlbus
3097 4480 3377 4551 dispersos
3419 4459 3659 4549 colligat.

351 4557 575 4616 παντὸς
602 4557 726 4617 τοὺς
751 4558 872 4620 ταῖς
900 4557 1010 4612 τῶν
1040 4559 1320 4630 πολεμίων
1344 4563 1668 4633 προσϐολαῖς
1704 4582 1955 4622 κατεσκε-

2075 4576 2269 4631 Filiam
2297 4589 2463 4646 porro
2480 4572 2770 4646 Babylonis
2792 4581 2847 4629 et
2867 4583 3067 4628 terram
3094 4571 3364 4642 aquilonis
3388 4568 3665 4626 Chaldaeo-

349 4645 692 4752 ξασμῗνους.
746 4648 1035 4724 Θυγατέρα
1079 4653 1137 4707 δὲ
1182 4654 1536 4723 Βαϐυλῶνος,
1596 4659 1687 4713 καὶ
1734 4661 1838 4733 γῆν
1874 4664 1955 4717 τοί

2078 4682 2198 4723 rum
2217 4645 2489 4737 regionem
2510 4645 2773 4721 nominat.
2791 4663 3117 4735 Metropoles
3129 4663 3275 4719 enim
3293 4661 3416 4716 aliis
3436 4658 3665 4715 urbibus

356 4737 571 4811 βορρᾶ,
619 4739 720 4812 τὴν
761 4742 871 4795 τῶν
915 4744 1201 4801 Χαλδαίων
1221 4746 1406 4820 χώραν
1449 4749 1725 4821 ὀνομάζει.
1758 4754 1824 4807 Δί
1860 4755 1955 4830 γὰρ

2078 4758 2183 4812 sibi
2207 4755 2469 4826 subjectis
2487 4757 2660 4812 instar
2688 4766 2926 4811 matrum
2958 4764 3106 4811 sunt.
3126 4753 3509 4810 Chaldaeorum
3536 4763 3667 4806 vero

358 4833 743 4904 μητροπόλεις
770 4838 832 4889 ὲν
852 4837 1007 4902 τάξει
1039 4839 1295 4911 μητέρων
1317 4841 1586 4896 τέθεινται
1609 4847 1731 4908 ταῖς
1758 4846 1955 4910 ἄλλαις

2083 4846 2232 4915 regio
2249 4845 2561 4916 aquilonem
2580 4844 3062 4901 interetorientem
3084 4845 3187 4901 sita
3203 4851 3308 4900 est.
3330 4841 3397 4897 Et
3419 4842 3522 4898 ista
3546 4840 3668 4911 qui-

355 4925 422 4979 αἳ
464 4925 761 5015 πράττοιεν
796 4927 864 4981 ἂν
891 4928 982 4981 ὑπ’
1008 4929 1220 4993 αὐταῖς.
1253 4929 1580 5004 Βορειοτὲρα
1625 4932 1682 4986 δέ
1720 4950 1838 4999 πως
1878 4936 1955 4989 κα¹

2083 4937 2207 4991 dem
2224 4954 2253 4991 a
2274 4939 2428 4993 nobis
2444 4942 2742 4993 secundum
2764 4938 3049 4995 historiam
3075 4937 3219 4994 dicta
3239 4951 3455 4993 rursum
3479 4944 3665 5015 sunto.

356 5013 511 5086 πρὸς
537 5010 622 5084 ἡὼ
652 5016 905 5086 κειμένη,
939 5016 1049 5072 τῶν
1080 5018 1366 5077 Χαλδαίων
1403 5022 1438 5092 ἠ
1480 5020 1656 5094 χώρα.
1698 5024 1808 5078 Καὶ
1847 5025 2006 5080 ταυτὶ
2048 5027 2148 5097 μὲν
2180 5030 2335 5099 ἡμῖν,
2362 5027 2439 5094 ὡς
2482 5029 2622 5102 πρὸς
2665 5046 2730 5099 γε
2796 5028 2866 5084 τὰ
2899 5030 2965 5095 ἐχ
3010 5029 3113 5096 τῆς
3157 5029 3399 5100 ἱστορίας
3430 5010 3671 5101 εἰρήσθω

358 5110 565 5165 πάλιν.
1312 5156 1317 5161 .
2996 5156 3003 5161 .

440 5201 772 5273 Μεταφοιτᾷ
803 5201 861 5254 δὲ
897 5202 927 5253 ὁ
957 5199 1117 5270 λόγος
1151 5202 1231 5265 είς
1271 5201 1506 5272 θεωρίαν
1537 5202 1636 5274 τὴν
1682 5221 1953 5276 πνευματι

2162 5204 2388 5261 Transit
2406 5216 2585 5263 autem
2609 5222 2794 5264 sermo
2809 5209 2877 5264 ad
2892 5209 3385 5266 considerationem
3406 5208 3668 5277 Spiritua-

352 5295 499 5366 κὴν,
528 5294 628 5345 καὶ
668 5292 725 5345 τὸ
753 5291 850 5346 τοῦ
881 5294 1136 5365 Σωτῆρος
1164 5294 1266 5365 ἤδη
1292 5294 1407 5357 πως
1435 5297 1766 5367 είσκρίνεται
1794 5297 1955 5369 πρόσ-

2076 5295 2203 5363 lem,
2226 5307 2280 5353 et
2309 5312 2596 5366 personam
2624 5298 2923 5356 Salvatoris
2946 5300 3203 5372 deinceps
3236 5299 3496 5363 insinuat,
3524 5297 3667 5378 dulci

354 5400 548 5445 ωπον,
612 5382 1189 5453 καταγλυκαινομένου
1250 5383 1452 5456 τρόπον
1501 5384 1659 5452 τινὰ,
1713 5386 1873 5455 μόνον
1915 5385 1955 5438 δί

2080 5388 2275 5446 aﬂ‘eetn
2315 5391 2478 5446 veluti
2527 5392 2913 5461 liquescentis,
2945 5399 3002 5448 et
3035 5391 3425 5464 propemodum
3456 5389 3670 5461 illacry-

355 5476 497 5548 οὐχὶ
540 5474 637 5528 καὶ
671 5474 1099 5547 ἐπιδακρύοντος
1129 5477 1241 5540 τοῖς
1282 5476 1375 5530 ἐπὶ
1406 5475 1505 5547 τῆς
1533 5474 1657 5549 γῆς,
1687 5477 1776 5531 διά
1804 5495 1887 5531 τοι
1914 5477 1955 5530 τί

2085 5482 2284 5539 mantis
2299 5483 2639 5551 mortalibus,
2672 5485 2799 5555 quia
2811 5500 3004 5543 omnes
3016 5486 3081 5543 ad
3098 5497 3386 5560 tyrannum
3406 5485 3669 5541 Satanam

356 5570 589 5637 πάντας
620 5566 718 5639 τὴν
747 5566 843 5621 τοῦ
858 5568 1296 5639 τυραννήσαντος
1317 5568 1532 5622 Σατανᾶ
1559 5568 1813 5641 λατρείαν
1844 5572 1977 5624 ὐπο-

442 5750 495 5782 ”
526 5748 721 5804 Matth.
757 5765 953 5819 xvvm,
990 5749 1077 5803 2t).
1160 5751 1202 5781 ³³
1234 5752 1332 5805 lsa.
1372 5768 1568 5816 xxxiii,
1602 5750 1691 5805 ~29.
1772 5751 1813 5783 ³³
1853 5752 1954 5805 lsn.
1987 5770 2095 5821 Liv,
2133 5753 2185 5808 ‘2.

2084 5574 2368 5631 colendum
2410 5586 2795 5647 praperent,et
2820 5578 2892 5634 illi
2928 5582 3167 5637 serviant
3193 5578 3510 5638 servitutem
3536 5579 3671 5640 adeo
3781 5605 3785 5611 -
