4130 6478
506 284 532 317 υ

505 284 579 339 εει)
1495 270 1562 328 S.
1601 269 1882 329 CYRILLI
1924 264 2392 325 ALEXANDRINI
2431 261 2752 320 Αιιαιιιιερ.
3173 301 3176 308 -
3719 261 3788 316 ω

509 402 746 474 ιιυνιιιςοι,
798 404 859 453 et
915 392 1056 466 quod
1108 388 1346 463 perierat
1398 387 1466 446 ad
1537 387 1768 445 salutem
1835 385 2091 442 restitue-

2216 381 2684 452 τυντετριμμένον,
2735 374 2988 453 νευρὼση
3024 375 3086 432 τὸ
3129 374 3457 447 ὴσθενηκὸς,
3504 374 3789 449 ἁνορθώσῃ

509 498 590 544 ret
615 488 682 544 ν’.

585 663 747 720 Vens.
784 662 967 717 10-12.
1000 660 1272 716 Delectare
1310 668 1357 713 et
1396 657 1592 729 gaude,
1626 656 1740 725 ﬁlia
1785 655 1943 722 Sion,
1969 656 2093 726 quia

506 773 621 812 scre
649 772 740 824 ego
772 756 915 808 venio
936 795 949 818 ,
980 763 1026 806 et
1057 749 1304 805 habitabo
1336 751 1388 802 in
1421 748 1590 801 medio
1621 747 1732 810 tui,
1754 746 1880 798 dicit
1915 745 2097 797 Domi-

513 867 632 902 mts.
669 849 735 902 Et
763 845 1063 916 confugient
1095 854 1270 914 gentes
1304 841 1484 895 multa:
1516 840 1584 894 ad
1617 837 1900 900 Dominum
1934 837 1986 890 in
2011 837 2096 890 die

511 942 635 1008 illa,
661 951 706 996 et
743 948 893 995 erant
927 939 974 991 ei
1005 939 1058 990 in
1089 934 1378 1006 populum,
1405 942 1452 987 et
1491 931 1799 985 habitabant
1834 929 1888 983 in
1925 929 2095 982 medio

512 1035 621 1097 “tui,
650 1043 694 1086 et
731 1032 859 1085 scies
918 1028 1166 1100 quoniam
1199 1025 1456 1080 Dominus
1489 1023 1814 1090 omnipotens
1845 1022 1987 1075 misit
2017 1038 2096 1076 me

508 1125 583 1178 ad
627 1133 698 1178 te.
734 1123 798 1176 Et
839 1118 1121 1191 possidebit
1162 1117 1418 1171 Dominus
1455 1113 1653 1167 ludam
1697 1123 1898 1180 partem
1943 1129 2094 1165 suam

510 1234 666 1285 super
697 1227 890 1270 terram
921 1221 1183 1274 sanctam,
1211 1219 1258 1264 et
1291 1210 1441 1277 eliget
1471 1207 1641 1261 adhuc
1663 1203 1982 1261 Jerusalem.

2195 476 2257 534 τὸ
2283 474 2752 546 κατερραγμένον,
2785 469 3038 532 εὐσθενὲς
3073 467 3331 541 ἀποφήνῃ
3361 467 3422 521 τὸ
3451 465 3790 535 ἄναλκι,.6ε-

2202 566 2456 638 ραπεύσῃ
2491 567 2552 618 τὸ
2581 564 2880 627 ἀπολωλός.

2278 658 2502 728 Τέρπου
2555 658 2653 712 καὶ
2711 656 3062 726 εὐφραίνου,
3110 655 3363 724 θύγατερ
3411 651 3595 718 Σιὼν,
3645 651 3794 705 διότι

2203 751 2332 805 ἰδοὺ
2382 750 2497 820 ἐγὼ
2545 749 2814 819 ἔρχομαι,
2863 747 2964 802 καὶ
3019 745 3471 815 κατασκηνώσω
3513 744 3585 799 ἐν
3626 744 3797 814 μέσῳ

2203 859 2356 906 σου,
2405 841 2568 911 λέγει
2631 841 2866 908 Κύριος.
2936 838 3049 894 Καὶ
3108 837 3587 908 καταφεύξοντια
3649 835 3794 902 ἔθνη

2204 935 2408 990 πολλὰ
2434 935 2534 988 ἐπὶ
2579 935 2688 988 τὸν
2724 934 2948 1002 Κύριον
2972 933 3045 986 ἐν
3086 931 3161 1002 τῇ
3203 931 3393 1002 ἡμέρᾳ
3430 930 3656 998 ἐκείνῃ,
3697 927 3797 982 καὶ

2202 1024 2453 1078 ἔσονται
2479 1023 2641 1088 αὐτῷ
2664 1024 2751 1090 είς
2774 1021 2952 1086 λαὸν,
2985 1020 3084 1076 καί
3113 1018 3699 1086 κατασκηνώσουσνν
3727 1017 3798 1071 ἐν

2193 1117 2364 1186 μέσῳ
2403 1135 2544 1181 σου,
2586 1116 2686 1171 καὶ
2725 1113 3033 1185 ἑπιγνώσῃ
3091 1114 3183 1169 ὅτι
3216 1114 3431 1181 Κύριος
3463 1109 3798 1177 παντοκρά-

2200 1225 2315 1278 τωρ
2347 1208 2765 1274 ἐξαπέσταλκέ
2802 1224 2879 1277 με
2931 1205 3085 1276 πρὸς
3126 1206 3229 1263 σέ.
3272 1207 3385 1260 Καὶ
3422 1205 3798 1270 κατακληρο-

511 1310 764 1379 ramice:
806 1309 1021 1377 Κύριος
1059 1305 1167 1359 τὸν
1215 1304 1440 1359 Ἰούδαν
1494 1299 1610 1368 τὴν
1654 1297 1872 1369 μερίδα
1909 1297 2097 1353 αὐτοῦ
2133 1301 2231 1356 ἐπὶ
2265 1307 2381 1373 τὴν
2405 1303 2525 1376 γῆν
2583 1302 2699 1371 τὴν
2757 1302 2958 1372 ἁγίαν,
2991 1300 3089 1356 καὶ
3137 1299 3387 1370 αἰρετιεῐ
3412 1300 3499 1355 ἔτι
3532 1299 3648 1366 τὴν
3698 1297 3798 1352 Ἰε-

505 1402 850 1476 ρουσαλήμ.

586 1504 703 1558 XV.
733 1503 799 1555 Et
826 1499 951 1556 hinc
983 1509 1310 1564 cognoscere
1362 1489 1566 1562 poteris
1599 1501 1866 1559 supremae
1899 1485 2099 1543 laetitia

515 1595 803 1650 materiam
847 1588 1166 1645 mortalibus
1207 1585 1448 1638 futurum
1489 1580 1790 1636 Salvatoris
1832 1579 1887 1634 in
1929 1588 2101 1634 terras

514 1687 829 1742 adventum.
862 1676 1129 1734 Delectari
1157 1677 1356 1731 etenim
1415 1683 1471 1730 et
1500 1673 1668 1728 laetari
1698 1671 1920 1727 omnino
1943 1669 2103 1741 jussit
2135 1702 2177 1756 Β

466 1846 481 1852 _
518 1777 858 1849 spiritualem'
899 1772 1052 1836 Sion,
1084 1785 1207 1841 quae
1248 1779 1330 1823 est
1371 1765 1610 1822 Ecclesia
1655 1763 1745 1818 Dei
1783 1763 2012 1817 viventis
2034 1758 2099 1825 ‘9,

514 1875 632 1929 sive
666 1872 778 1941 ipsa
812 1883 910 1938 per
944 1865 1102 1920 fidem
1139 1861 1473 1918 salvatorum
1509 1854 1881 1912 sacratissima
1918 1851 2103 1906 multi—

519 1965 669 2020 tudo.
700 1957 974 2015 Promittit
1004 1962 1183 2008 autem
1213 1966 1273 2007 se
1299 1959 1584 2005 venturum
1608 1986 1624 2012 ,
1651 1955 1703 2001 et
1731 1958 1954 2014 prorsus
1981 1956 2104 1997 cum

518 2055 651 2126 ipsis
694 2053 957 2108 futurum.
1003 2030 1189 2116 inquit
1231 2041 1378 2098 enim
1429 2038 1645 2096 divinus
1684 2035 1922 2093 Joannes
1944 2034 2015 2100 '°,
2047 2034 2104 2090 ln

517 2147 722 2202 mundo
761 2151 910 2208 erat,
945 2149 1002 2194 et
1034 2152 1064 2192 a
1102 2133 1368 2192 creaturis
1400 2133 1514 2188 suis
1549 2145 1654 2186 non
1691 2127 2106 2198 disjungebatur

520 2240 668 2296 Deus
691 2234 927 2292 Verbum
969 2250 983 2286 :
1020 2227 1266 2298 sed'ipse
1295 2226 1461 2278 vitam
1491 2221 1797 2278 viventibus
1829 2219 2106 2288 impertie-

519 2334 637 2396 bat,
663 2337 719 2383 et
737 2323 1072 2396 continebat,
1099 2328 1262 2390 atque
1291 2313 1648 2372 conservabat
1671 2311 1856 2370 omnia
1883 2320 1941 2366 ut
1971 2313 2106 2367 bene

519 2430 708 2478 essent
758 2427 812 2475 et
841 2418 1120 2481 viverent;
1157 2431 1176 2463 ι
1216 2409 1325 2466 Sed
1357 2411 1592 2464 mundus
1625 2421 1748 2462 eum
1778 2419 1884 2460 non
1909 2417 2108 2474 cogno-

519 2515 601 2569 vit
627 2513 696 2567 ⁵¹.
741 2530 761 2564 ι
808 2506 1090 2572 Αόοιιινίι,
1117 2501 1262 2558 enim
1313 2508 1622 2555 creaturam
1651 2499 1719 2554 ".
1757 2495 1879 2550 Fuit
1926 2503 2107 2549 autem

518 2607 830 2666 nobiscum,
853 2591 1463 2670 quando,similitudine
1491 2597 1683 2644 nostra
1715 2595 1986 2656 suscepta,
2009 2601 2111 2656 per

521 2707 763 2754 sanctam
781 2692 1060 2762 Virginem
1090 2695 1272 2748 natus,
1312 2701 1330 2735 ι
1357 2681 1492 2736 Elin
1524 2681 1686 2736 terris
1707 2679 1879 2744 visus,
1902 2689 1960 2734 et
1987 2693 2109 2734 cum

522 2783 838 2843 hominibus
872 2783 1229 2833 conversatus
1263 2779 1348 2826 est
1369 2771 1437 2826 ⁵³.
1472 2788 1490 2821 ι
1529 2768 1782 2846 Testatur
1811 2768 1953 2823 idem
1987 2782 2112 2822 san-

521 2886 649 2934 ctus
671 2873 839 2930 David
864 2889 880 2926 ε
909 2891 928 2924 ι
955 2869 1095 2925 Deus
1124 2864 1412 2922 manifeste
1441 2862 1642 2927 veniet,
1670 2860 1809 2917 Deus
1827 2869 2031 2926 noster,
2058 2869 2114 2915 et.

524 2986 631 3024 non
663 2967 844 3024 silebit
865 2964 934 3018 ⁵⁸.
976 2982 995 3016 ι
1039 2961 1190 3014 Τυιιο
1221 2965 1277 3013 et
1303 2953 1558 3026 gentibus
1595 2949 1975 3008 manilestatus
2008 2959 2110 3008 est.

2261 1479 2380 1539 'IE'.
2423 1482 2733 1540 Κάντεῢθεν
2771 1484 2838 1540 ἂν
2869 1483 3084 1555 μάθοις,
3114 1481 3192 1547 ὡς
3222 1482 3375 1539 ἔσται
3405 1484 3504 1553 τῆς
3535 1481 3799 1538 ἀνωτάτω

2209 1573 2474 1648 θυμηδίας
2508 1576 2763 1642 ὑπόθεσις
2799 1579 2914 1641 τοῖς
2939 1577 3034 1630 ἐπὶ
3061 1575 3164 1646 τῆς
3196 1575 3298 1646 γῆς
3338 1574 3433 1630 τοῦ
3466 1575 3720 1646 Σωτῆρος
3763 1579 3798 1649 ἠ

2210 1665 2499 1737 παρουσία.
2531 1663 2843 1737 Τέρπεσθαι
2868 1663 2978 1738 γὰρ
3019 1664 3114 1720 καὶ¹
3145 1663 3535 1735 εὐφραίνεσθαι
3565 1665 3801 1735 προστέο

2208 1774 2371 1828 ταχεν
2401 1757 2713 1826 ἀναγκαίως
2742 1757 2841 1828 τὴν
2867 1757 3063 1828 νοητὴν
3081 1755 3375 1827 Σιὼν,ήτις
3403 1755 3551 1809 ἐστὶν
3577 1756 3804 1828 Ἐκκλη-

2209 1849 2301 1904 σία
2330 1848 2468 1904 Θεοῦ
2501 1850 2724 1914 ζῶντος,
2763 1851 2932 1921 ἤγουν
2976 1848 3116 1920 αὑτὴ
3147 1847 3259 1902 τῶν
3300 1846 3391 1901 διὰ
3423 1850 3662 1911 πίστεως
3710 1865 3804 1900 σε-

2208 1943 2505 2014 σωσμένων
2539 1943 2572 2013 ή
2608 1942 2880 2014 ἱερωτάτη
2923 1939 3152 2012 πληθύς.
3188 1937 3681 2009 Κατεπηγγέλλετο
3717 1938 3800 2004 δὲ,

2206 2035 2290 2089 ὅτι
2339 2033 2432 2088 καὶ
2461 2033 2601 2104 ᾔει,
2647 2033 2741 2086 καὶ
2785 2033 2940 2086 ἔσται
2972 2030 3036 2102 δὴ
3070 2030 3290 2094 πάντως
3331 2030 3390 2084 ἐν
3425 2029 3576 2100 μέσῳ
3606 2029 3800 2099 αὐτῆς.

2217 2125 2382 2202 Ἡμῖν
2402 2123 2510 2194 γάρ
2541 2140 2703 2194 φησιν
2725 2123 2753 2176 6
2783 2120 3070 2183 θεσπέσιος
3083 2118 3357 2188 Ἰωάννης·
3386 2117 3474 2172 Ἐν
3502 2115 3581 2187 τῷ
3614 2117 3806 2188 κόσμῳ

2208 2213 2298 2288 ἦν,
2330 2217 2426 2272 καὶ
2451 2216 2561 2270 τῶν
2593 2214 2760 2271 αὐτοῦ
2787 2211 3105 2284 κτισμάτων
3135 2212 3235 2265 οὐκ
3257 2211 3652 2281 ἀπενοσφίζετο
3670 2209 3808 2275 Θεὸς

2209 2310 2284 2365 ὣν
2327 2309 2357 2363 6
2403 2308 2599 2378 Λόγος,
2631 2306 2748 2362 ἀλλ’
2777 2301 2846 2377 ἦν
2891 2302 3054 2368 αὐτὸς
3087 2301 3367 2368 ζωοποιῶν
3408 2303 3478 2356 τὰ
3508 2303 3654 2373 ζωῆς
3683 2319 3810 2374 μετ-

2214 2401 2428 2470 έχοντα,
2461 2400 2556 2452 καὶ
2581 2397 2823 2468 συνέχων
2854 2395 2924 2450 τὰ
2944 2395 3123 2451 πάντα
3170 2393 3310 2465 πρὸς
3352 2393 3413 2447 τὸ
3445 2388 3504 2448 εὖ
3538 2388 3676 2448 εἶναι
3710 2395 3807 2448 καὶ

2211 2491 2346 2563 ζῇν·
2391 2511 2408 2543 ι
2457 2488 2601 2543 Ἀλλ’
2629 2491 2658 2542 6
2692 2490 2898 2560 κόσμος
2945 2485 3106 2542 αὑτὸν
3145 2485 3245 2538 οὐκ
3274 2483 3438 2554 ἔγνω.
3493 2504 3512 2538 ι
3562 2487 3808 2558 Προσκε..

2213 2583 2422 2653 κύνηκε
2461 2581 2571 2653 γὰρ
2619 2583 2685 2652 τῇ
2735 2579 2931 2633 κτίσει.
2980 2577 3179 2644 Γέγονε
3225 2575 3290 2629 δέ
3342 2575 3669 2648 μεθ’ήμῶν,
3717 2577 3808 2630 ὅτε

2212 2676 2313 2748 τὴν
2350 2674 2474 2728 καθ’
2508 2674 2656 2744 ἡμᾶς
2702 2671 2961 2742 ὁμοίωσιν
3006 2667 3325 2731 ἀναλαϐὼν,
3358 2668 3448 2722 διὰ
3496 2667 3598 2738 τῆς
3646 2667 3811 2736 ἁγίας

2212 2767 2480 2839 ἐγεννήθη
2513 2763 2820 2838 Παρθένου,
2873 2781 2891 2814 ι
2929 2762 3060 2816 Ὅτε
3090 2763 3185 2815 καὶ
3223 2761 3316 2814 ἐπὶ
3361 2761 3464 2831 γῆς
3498 2759 3678 2830 ὤφθη,
3714 2760 3810 2815 καὶ

2213 2863 2328 2925 τοῖς
2378 2858 2690 2930 ἀνθρώποις
2743 2854 3186 2926 συνανεστράφη.
3240 2871 3258 2904 ι
3287 2853 3417 2936 ὶΚαὶ
3465 2852 3810 2925 μαρτυρήσει

2215 2951 2390 3020 λέγων
2433 2949 2461 3002 6
2490 2946 2780 3010 θεσπέσιος
2809 2943 2973 2998 Δαδίδ
2994 2959 3008 2974 ο
3049 2962 3068 2996 ι
3115 2944 3174 2996 '0
3203 2941 3337 3004 Θεὸς
3366 2940 3630 3012 ἐμφανῶς
3665 2940 3809 3012 ἥξει,

523 3063 642 3117 Non
678 3060 821 3116 enim
853 3054 1085 3125 amplius
1121 3048 1479 3106 lsraeiiticum
1513 3060 1687 3118 genus
1741 3043 2113 3101 tantummodo

2216 3044 2244 3097 6
2277 3043 2410 3106 Θεὸς
2451 3029 2629 3112 ήμῶν,
2674 3038 2770 3094 καὶ
2810 3038 2872 3090 οὐ
2919 3035 3436 3106 παρασιωπήσεται.
3487 3051 3506 3086 ι
3544 3033 3682 3087 Τότε
3713 3035 3814 3103 γέ-

522 3171 622 3227 per
653 3163 803 3208 vetus
835 3150 962 3205 illud
997 3146 1306 3202 mandatum
1334 3142 1619 3199 erudiebat
1645 3159 1659 3195 :
1683 3142 1926 3212 quinimo
1949 3155 2116 3196 evan-

525 3246 716 3318 gelicis
749 3237 1230 3312 prredicatiouibus
1260 3243 1409 3292 totus
1460 3233 1560 3290 sub
1615 3232 1728 3290 sole
1747 3233 1910 3304 671
1969 3230 2118 3287 orbis

525 3335 897 3395 inaurabatur,
924 3339 978 3385 et
1003 3328 1180 3382 evasit
1201 3324 1423 3380 inomni
1445 3331 1606 3394 gente
1623 3325 1750 3379 etin
1775 3322 1921 3378 omni
1940 3321 2116 3392 regio-

528 3444 598 3483 ne
627 3438 880 3494 magnum
901 3433 1096 3475 nomen
1117 3415 1236 3486 eius
1251 3417 1322 3471 ⁸⁸.
1343 3416 1465 3486 Ipse
1483 3415 1630 3478 enim
1665 3413 2118 3482 eratexspectatio

527 3513 958 3589 gentium,iuxla
978 3511 1298 3580 prophetam
1324 3508 1394 3575 ⁸⁵,
1421 3507 1590 3576 etipsi
1616 3505 1938 3562 curvabitur
1960 3522 1979 3556 ι
2004 3520 2120 3559 om-

531 3627 599 3668 ne
623 3624 787 3680 genu,
833 3604 1162 3666 emlestium,
1200 3600 1541 3658 terrestrium
1582 3607 1638 3654 et
1667 3597 2037 3660 infernorum;
2066 3604 2120 3650 et

531 3700 907 3769 omnislingua
945 3692 1295 3750 conﬁtebitur
1317 3691 1445 3760 quia
1477 3690 1738 3746 Dominus
1767 3687 1926 3744 Jesus
1962 3685 2118 3741 Chri-

532 3805 648 3850 stus
665 3794 719 3848 iu
739 3790 908 3864 gloria
926 3798 1009 3842 est
1027 3785 1119 3842 Dei
1139 3783 1319 3854 Patgis
1337 3784 1400 3842 ⁵⁷.
1417 3779 2007 3838 »Ωυηουιιθτυιιιεηῑιιι
2027 3791 2120 3844 per

532 3889 693 3943 ﬁdem
731 3885 784 3939 in
820 3883 990 3952 ipsum
1012 3919 1028 3946 ,
1059 3886 1114 3933 et
1150 3892 1270 3932 cum
1308 3876 1424 3945 ipso
1458 3873 1772 3929 habitarunt
1805 3870 1860 3924 in
1896 3877 2117 3935 saneta,

530 3992 585 4037 et
620 3994 738 4048 quae
772 3975 1036 4032 duntaitat
1084 3970 1404 4041 intelligitur
1435 3967 1600 4032 Sion,
1645 3965 1734 4032 qui
1787 3962 2033 4017 habitant
2065 3961 2117 4015 in

533 4073 736 4129 ultimis
790 4068 976 4124 mundi
1031 4066 1259 4130 linihus,
1309 4069 1795 4132 cognoveruntque
1839 4055 2121 4126 perspicue

533 4167 702 4222 Deum
753 4163 833 4218 sic
875 4158 1132 4215 dilexisse
1176 4155 1465 4218 mundum,
1504 4169 1524 4202 ι
1574 4159 1632 4205 ιιι
1673 4150 1885 4205 dederit
1923 4147 2116 4202 Filium

532 4274 690 4313 suum
723 4252 1056 4323 unigenitum
1075 4290 1088 4316 ,
1117 4257 1176 4302 ut
1206 4245 1385 4300 omnis
1415 4243 1505 4312 qui
1540 4240 1716 4296 credit
1741 4240 1792 4294 in
1822 4253 1947 4294 eum
1966 4278 1980 4303 ,
2014 4253 2118 4293 non

534 4356 744 4420 pereat,
775 4344 866 4398 sed
905 4343 1099 4396 habeat
1130 4339 1299 4394 vitam
1333 4342 1596 4389 mternant
1617 4333 1686 4384 ⁸⁸.
1729 4350 1748 4384 ι
1792 4330 1937 4386 Misit
1971 4330 2116 4384 enim

2219 3150 2346 3202 γονε
2377 3132 2472 3186 καὶ
2514 3129 2836 3200 καταφανὴς
2867 3129 2981 3190 τοῖς
3011 3126 3241 3180 ἔθνεσιν.
3273 3124 3350 3178 Οὐ
3388 3123 3497 3195 γὰρ
3537 3123 3618 3178 ἔτι
3652 3123 3819 3195 μόνον

2220 3225 2282 3280 τὸ
2328 3223 2388 3288 ἐξ
2447 3221 2668 3295 Ἰσραὴλ
2716 3218 3039 3274 ἐπαιδεύετο
3065 3216 3243 3286 γένος,
3295 3214 3385 3269 διὰ
3428 3214 3531 3286 τῆς
3578 3216 3818 3288 ἀρχαίας

2195 3307 2198 3312 ’
2220 3318 2437 3388 ἐκείνης
2471 3315 2690 3385 ἐντολῆς
2713 3328 2728 3343 ο
2759 3308 3164 3382 κατεχρυσοῦτο
3183 3308 3240 3362 δὲ
3277 3307 3480 3379 μᾶλλον
3505 3309 3622 3373 τοῖς
3649 3309 3823 3378 εὐαγ-

2220 3410 2459 3480 γελικοῖς
2489 3404 2843 3477 κηρύγμασιν
2878 3403 2911 3472 ἡ
2947 3401 3040 3454 ὑπ’
3069 3399 3319 3471 οὐρανὸν,
3367 3399 3462 3452 καὶ
3498 3398 3725 3470 γέγονεν
3753 3401 3820 3453 ἐν

2223 3501 2365 3555 ἔθνει
2414 3495 2701 3552 παντὶκαὶ
2760 3495 2816 3547 ἐν
2861 3491 3014 3563 πάσῃ
3059 3491 3119 3543 δὲ
3168 3487 3324 3561 χώρᾳ
3362 3490 3504 3560 μέγα
3547 3490 3609 3544 τὸ
3641 3491 3820 3561 ὄνομα

2223 3589 2408 3646 αὑτοῦ.
2462 3585 2633 3649 Αὐτὸς
2689 3583 2797 3655 γὰρ
2848 3578 2916 3653 ἦν
2979 3579 3032 3647 ὴ·
3065 3577 3405 3648 προσδοκία
3450 3578 3562 3632 τῶν
3613 3579 3814 3648 ἐθνῶν,

2222 3680 2366 3736 κατὰ
2406 3680 2506 3751 τὴν
2555 3677 2648 3731 τοῦ
2698 3675 2980 3748 προφήτου
3020 3672 3227 3743 φωνὴν,
3274 3671 3369 3725 καὶ
3408 3669 3559 3742 αὐτῷ
3602 3671 3815 3742 κάμψει

2229 3791 2248 3825 ι
2327 3773 2436 3826 πᾶν
2499 3769 2666 3839 γόνυ,
2729 3763 3106 3837 ἐπουρανίων,
3182 3763 3279 3817 καὶ
3338 3763 3595 3832 ἐπιγείων
3619 3801 3635 3828 ,
3717 3764 3817 3818 καὶ

2223 3862 2618 3934 καταχθονίων,
2651 3859 2746 3913 καὶ
2782 3859 2933 3912 πᾶσα
2959 3857 3184 3925 γλῶσσα
3216 3854 3692 3925 ἐξομολογήσεται⁸
3728 3854 3815 3910 ὅτι

2222 3954 2430 4026 Κύριος
2487 3950 2696 4020 Ἰησοῦς
2743 3947 2979 4019 Χριστὸς
3020 3947 3100 4009 είς
3140 3944 3298 4011 δόξαν
3335 3942 3470 3997 Θεοῦ
3507 3943 3742 4016 Πατρός.
3787 3963 3810 3998 ι

2223 4043 2705 4116 Συνδεδραμήκασι
2737 4040 2846 4112 γὰρ
2875 4039 2964 4092 διὰ
2986 4036 3224 4098 πίστεως
3254 4035 3342 4088 ἐπ’
3369 4033 3552 4098 αὐτὸν,
3592 4034 3688 4088 καὶ
3715 4035 3816 4090 σὺν

2223 4136 2371 4208 αὐτῷ
2400 4133 2788 4205 κατῳκήκασιν
2837 4134 2896 4186 ἐν
2940 4133 3008 4202 τῇ
3043 4129 3176 4200 ἁγίᾳ
3225 4127 3320 4182 καὶ
3368 4129 3532 4198 νοητῇ
3570 4127 3729 4192 Σιὼν,
3761 4128 3816 4180 οἱ

2223 4234 2290 4286 ἐκ
2317 4228 2569 4302 περάτων
2594 4225 2693 4296 τῆς
2723 4225 2850 4296 γῆς,
2879 4223 3154 4292 ἐγνώκασι
3183 4238 3244 4275 τε
3277 4219 3485 4290 σαφῶς,
3516 4221 3600 4273 ὅτι
3639 4219 3817 4284 οὕτως

2224 4321 2514 4392 ἠγάπησεν
2543 4322 2572 4374 6
2605 4317 2736 4382 Θεὸς
2769 4317 2859 4370 τὸν
2887 4315 3114 4386 κόσμον,
3151 4333 3170 4367 ι
3205 4313 3347 4367 ὥστε
3370 4312 3462 4368 τὸν
3489 4311 3618 4365 Υἱὸν
3649 4311 3814 4365 αὐτοῦ

537 4393 693 4496 nobis
736 4439 802 4492 de
844 4435 984 4492 coelo
1023 4433 1219 4489 Filium
1264 4444 1420 4484 suum
1466 4426 1649 4490 Pater,
1684 4423 2020 4478 Salvatorem
2065 4431 2113 4475 et

2224 4414 2316 4468 τὸν
2345 4410 2612 4484 μονογενῆ
2641 4409 2890 4473 δέδωκεν,
2923 4408 3010 4462 ἵνα
3029 4408 3142 4471 πᾶς
3168 4408 3197 4460 6
3225 4405 3498 4462 πιστεύων
3525 4406 3603 4468 εἰς
3626 4404 3812 4470 αὑτὸν,

536 4535 1055 4600 Ιζοιιειηιιιοιθιῐι,ιιι
1077 4524 1365 4580 credentes
1395 4521 1448 4575 in
1483 4519 1656 4582 illum,
1677 4518 1730 4570 in
1762 4517 1878 4584 ipso
1903 4513 2116 4568 Patrem

537 4626 845 4687 videamus,
872 4631 928 4678 et
954 4629 1012 4676 ut
1039 4629 1348 4687 expressam
1385 4611 1644 4684 genitoris
1677 4609 1965 4679 imaginem
1993 4621 2118 4660 eum

533 4719 627 4789 qui
663 4733 730 4772 ex
767 4716 883 4784 ipso
917 4710 1212 4768 secundum
1245 4715 1494 4759 naturam
1529 4711 1692 4756 natus
1720 4710 1800 4754 est
1827 4701 2119 4760 intuentes,

537 4811 889 4876 archetypum
939 4801 1238 4871 cogitemus
1259 4795 1328 4848 ".
1369 4793 1525 4847 Tunc
1568 4789 1860 4855 nimirum,
1898 4797 2022 4843 tunc
2068 4798 2125 4841 et

539 4901 810 4971 possessio
867 4898 983 4967 ejus
1037 4891 1203 4947 Judas
1259 4887 1437 4942 factus
1488 4894 1602 4949 est,
1659 4884 1760 4938 hoc
1812 4889 1893 4936 est
1946 4881 2123 4936 omnis

539 4993 803 5046 conﬁtens
849 4997 903 5042 et.
932 4985 1240 5057 gloriﬁcans
1267 4981 1439 5049 ipsum
1470 4995 1485 5032 :
1513 4977 1682 5032 Judas
1704 4975 1847 5030 enim
1880 4973 2124 5028 redditur

455 5147 458 5150 γ
538 5081 818 5152 confessio.
858 5078 996 5132 Nam
1029 5084 1087 5128 ut
1123 5083 1209 5128 est
1240 5071 1380 5142 apud
1411 5069 1636 5126 Paulum
1677 5085 1690 5120 :
1735 5085 1754 5118 ι
1794 5063 1910 5120 Non
1943 5065 2032 5134 qui
2069 5064 2121 5118 in

443 5165 454 5172 ”
543 5170 832 5229 inanitesto
879 5176 960 5221 est
1006 5165 1260 5228 Judaeus,
1301 5175 1478 5232 neque
1519 5159 1860 5215 circumcisio
1898 5173 2019 5226 quae
2071 5157 2122 5210 in

542 5276 707 5319 carne
740 5257 1032 5312 manifesto
1061 5257 1150 5321 lit,
1183 5255 1277 5310 sed
1312 5254 1402 5322 qui
1440 5253 1490 5307 in
1527 5250 1737 5306 occulto
1761 5248 1978 5304 Judaeus
2010 5257 2124 5314 est,

2230 4507 2306 4579 μὴ
2337 4504 2629 4574 ἀπόληται,
2653 4501 2768 4556 ἀλλ’
2797 4501 2898 4573 ἔχῃ
2925 4498 3070 4572 ζωὴν
3103 4498 3343 4555 αἰώνιον.
3377 4517 3396 4550 ι
3434 4496 3817 4564 Ἐξαπέστειλε

2226 4597 2333 4670 γὰρ
2369 4597 2504 4666 ἡμῖν
2531 4593 2591 4658 ἐξ
2628 4590 2858 4665 οὐρανοῦ
2901 4589 2992 4644 τὸν
3026 4589 3155 4643 Υίὸν
3183 4588 3348 4646 αὐτοῦ
3391 4590 3420 4643 6
3447 4587 3656 4658 Πατὴρ,
3696 4588 3815 4641 Σω-

2228 4690 2370 4760 τῆρα
2401 4688 2495 4742 καὶ
2529 4684 2845 4757 Λυτρωτὴν,
2876 4683 2966 4738 ἵνα
3001 4681 3394 4745 πιστεύσαντες
3431 4682 3511 4744 εἰς
3541 4680 3728 4744 αὐτὸν,
3757 4681 3817 4734 ἐν

2230 4780 2378 4852 αὑτῷ
2403 4780 2492 4834 τὸν
2521 4779 2744 4847 Πατέρα
2772 4774 3056 4846 όψὼμεθα,
3083 4775 3180 4829 καὶ
3205 4775 3281 4838 ὡς
3315 4773 3500 4830 εἰκόνα
3525 4773 3815 4843 βλέποντες

2229 4873 2432 4947 ἀκριϐῆ
2465 4871 2559 4926 τοῦ
2602 4869 2997 4939 γεγεννηκότος
3028 4868 3120 4921 τὸν
3145 4867 3209 4931 ἐξ
3245 4865 3409 4920 αὐτοῦ
3450 4866 3593 4920 κατὰ
3628 4868 3814 4935 φύσιν,

2230 4966 2501 5037 ἐννοῶμεν
2544 4964 2607 5021 τὸ
2653 4962 2982 5034 ἀρχέτυπον.
3031 4962 3165 5016 Τότε
3213 4961 3308 5014 καὶ
3354 4961 3556 5031 κλῆρος
3593 4959 3818 5028 γέγονεν

2239 5057 2438 5120 Ἰούδας
2464 5056 2673 5126 Κυρίου
2695 5093 2710 5119 ,
2740 5054 2991 5108 τουτέστι
3034 5054 3143 5116 πᾶς
3180 5055 3210 5106 6
3237 5051 3730 5123 ἐξομολογούμενός
3756 5068 3817 5103 τε

2229 5151 2322 5204 καὶ
2368 5146 2664 5214 δοξολογῶν
2714 5145 2895 5200 αὐτόν’
2933 5145 3375 5214 ἐξομολόγησις
3400 5141 3511 5213 γὰρ
3542 5144 3573 5196 6
3616 5141 3817 5204 Ἰούδας

2226 5240 2612 5314 ἑρμηνεύεται.
2657 5239 2745 5301 Ὠς
2789 5240 2898 5310 γὰρ
2926 5240 2954 5292 6
2988 5235 3199 5300 Παῦλός
3244 5252 3430 5307 φησιν,
3486 5253 3506 5287 ι
3547 5234 3660 5306 Οὐχ
3697 5234 3728 5286 6
3758 5235 3817 5286 ἔν

542 5365 598 5408 et
628 5348 969 5407 circumcisio
1008 5349 1190 5402 cordis
1226 5349 1281 5400 in
1318 5344 1514 5415 spiritu
1536 5383 1550 5407 ,
1583 5357 1689 5396 non
1734 5340 1942 5403 littera,
1975 5338 2113 5408 cujut

2231 5333 2308 5404 τῷ
2355 5332 2576 5404 φανερῷ
2645 5333 2914 5396 Ἰουδαῖος,
2971 5329 3093 5382 οὐδὲ
3142 5330 3201 5382 ἐν
3235 5325 3476 5398 φανερῷ·
3504 5326 3600 5380 καὶ
3652 5323 3818 5396 σαρκὶ

545 5444 663 5500 laus
700 5453 805 5493 non
847 5453 913 5492 ex
957 5435 1295 5499 hominibus,
1329 5434 1420 5488 sed
1452 5446 1520 5489 ex
1555 5431 1663 5485 Deo
1683 5430 1750 5483 °°..
1787 5447 1805 5480 ι
1849 5428 2121 5497 Quotquot

617 5600 661 5631 ⁸⁸
693 5597 888 5650 Ezerh.
912 5611 1100 5656 xxxw,
1135 5593 1221 5648 16.
1299 5591 1342 5622 δ’
1369 5589 1388 5642 ι
1418 5589 1655 5644 Timoth.
1688 5602 1766 5648 ιιι,
1802 5584 1885 5656 15.

546 5671 592 5702 δ*
623 5670 759 5724 l’sal.
813 5683 956 5728 XLIV,
1018 5667 1068 5719 ’5.
1173 5666 1215 5695 ⁵⁸
1246 5662 1470 5716 Malach.
1506 5677 1543 5722 l,
1577 5659 1658 5711 ll.

2231 5424 2522 5496 περιτομὴ,
2560 5422 2677 5479 ἀλλ’
2709 5427 2736 5478 6
2770 5425 2828 5478 ἐν
2858 5422 2936 5494 τῷ
2980 5420 3209 5493 κρυπτῷ
3259 5419 3510 5484 Ἰουδαῖός
3549 5419 3690 5484 ἐστι,
3721 5417 3817 5470 καὶ

1964 5583 2009 5614 ⁸⁰
2040 5581 2195 5635 Joan.
2233 5599 2271 5643 ι,
2322 5582 2404 5634 ιυ.
2484 5580 2677 5636 “ibid.
2755 5579 2800 5611 ⁵²
2839 5578 2994 5633 Rom.
3027 5594 3067 5643 ι,
3095 5576 3187 5631 25.
3264 5576 3307 5608 ⁸⁸
3342 5574 3548 5630 Baruclt
3581 5590 3666 5637 ιιι,
3726 5565 3810 5625 58.

1772 5659 1821 5688 ¹⁵θ
1843 5655 1977 5709 Gen.
2014 5669 2113 5706 λιι

2231 5659 2292 5716 U;
2331 5657 2462 5721 Aeg.
2500 5669 2563 5721 ιι,
2599 5652 2651 5707 8.
2731 5652 2778 5683 ⁸⁷
2809 5651 3052 5721 Philipp.
3094 5665 3154 5714 tt,
3191 5647 3279 5718 l0,
3315 5647 3399 5703 ll.
3477 5646 3523 5678 "‘
3546 5643 3702 5702 Joan.
3731 5657 3812 5709 ιιι,

553 5741 634 5795 l0.
671 5722 680 5724 ⁷
715 5741 758 5772 ⁵³
789 5722 954 5794 Ιολιιι.¹
982 5753 1089 5803 λιν,
1127 5735 1153 5787 ’7
1182 5750 1334 5802 seqq.
1363 5749 1376 5799 ;
1411 5730 1618 5785 Coluss.
1651 5744 1688 5795 ι,
1723 5727 1809 5781 l‘o’.
1887 5727 1929 5755 5°
1963 5727 2113 5780 llom.

2239 5724 2328 5790 es,
2358 5722 2450 5778 ευ.
