4130 6494
319 315 382 370 ιι
1151 308 1700 368 COMMENTARIUS
1735 309 1801 366 IN
1842 309 2250 368 ZACIIARIAI
2288 309 2736 368 PROPHETAN.
3535 308 3614 363 ‘63
3647 375 3654 382 .

316 433 596 507 περιτομὴ
630 432 863 506 καρθίας
914 432 974 486 tv
1004 433 1300 506 πνεύματι,
1332 435 1392 488 οὐ
1436 435 1750 508 γράμματι,
1796 427 1861 490 οὐ
1893 437 1923 489 6

2037 436 2195 508 igitur
2232 434 2712 492 circumcisiouem
2759 432 2812 488 in
2857 431 3050 500 spiritu
3093 445 3188 502 per
3231 431 3508 488 Christum
3557 441 3616 485 ut

313 528 544 591 ἔπαινος
589 527 692 581 οὐκ
749 524 810 592 ἐξ
863 524 1194 597 ἀνθρώπων,
1235 525 1352 581 ἀλλ’
1379 528 1446 581 ὲκ
1490 526 1648 582 Θεοῦ.
1696 547 1716 580 ι
1759 529 1922 580 ⁵Οσοι

253 677 256 684 ,
317 617 614 689 τοιγαροῦν
659 618 760 690 τὴν
794 619 855 672 ὲν
893 617 1169 689 πνεύματι
1213 619 1520 692 περιτομὴν
1553 617 1644 672 διὰ
1683 619 1922 689 Χριστοῦ

318 712 810 783 πεπλουτήκαμεν,
842 710 1045 782 κλῆρος
1071 709 1245 774 ,αὐτοῦ
1289 712 1598 781 γεγόναμεν
1631 729 1650 763 ι
1693 712 1788 765 ἐπὶ
1824 712 1924 783 τὴν

252 809 257 815 ”
316 805 428 874 γῆν
476 803 576 872 τὴν
635 804 822 872 ἁγίαν,
864 821 882 855 ι
921 803 1009 856 ἵνα
1054 803 1155 874 τὴν
1201 802 1316 857 ἄνω
1356 802 1568 873 νοῶμεν
1596 803 1772 868 πόλιν,
1823 802 1924 874 τὴν

317 895 520 967 νοητὴν
561 895 944 966 Ἰερουσαλὴμ,
981 889 1050 966 ἧς
1101 895 1355 965 τεχνίτης
1405 895 1502 949 καί⁸
1537 895 1872 967 δημιουργὸς
1895 897 1925 948 6

315 989 478 1053 Θεὸς,
518 989 547 1042 6
590 987 826 1060 φιλητήν
859 1005 918 1040 τε
958 987 1130 1058 αὐτὴν
1172 987 1270 1041 καὶ
1308 986 1534 1058 αἱρετὴν
1579 987 1921 1059 ποιούμενος.

322 1098 343 1132 ι
391 1082 640 1151 Αίρετιεῖ
688 1081 820 1151 γὰρ,
854 1081 1038 1150 φησιν,
1074 1081 1155 1133 ἐτι
1188 1079 1286 1150 τὴν
1343 1081 1719 1152 Ἰερουσαλήμ.
1760 1099 1780 1133 ι
1809 1081 1925 1135 Οὐκ

315 1171 591 1226 ἀπίθανον
649 1171 706 1225 δὲ
765 1171 932 1225 πάλιν
979 1171 1141 1241 εἴπερ
1199 1171 1376 1224 ἓλοιτό
1419 1189 1506 1235 τις
1569 1171 1926 1244 Ἰερουσαλὴμ

317 1264 534 1318 οῐεσθαι
573 1265 670 1318 καὶ¹
700 1263 796 1318 νῦν
839 1263 1158 1334 ὡνομᾶσθαι
1196 1263 1296 1334 τὴν
1341 1264 1691 1336 Ἐκκλησίαν,
1730 1266 1797 1337 ἢν
1831 1266 1926 1320 καὶ¹

318 1355 462 1409 Θεοῦ
516 1356 671 1410 πόλιν
718 1356 1008 1421 ἀποκαλεῖ,
1065 1355 1241 1424 λέγων
1298 1357 1330 1409 6
1379 1355 1668 1421 θεσπέσιος
1719 1358 1884 1412 Δαϐίδ
1908 1373 1924 1389 ·

322 1467 345 1498 ι
385 1447 661 1520 Καθάπερ
688 1447 1031 1520 ἠκούσαμεν,
1062 1448 1207 1502 οὕτω
1236 1449 1334 1501 καὶ⁸
1381 1449 1598 1520 εἴδομεν
1645 1451 1705 1505 ἐν
1772 1451 1927 1504 πόλει

318 1535 538 1605 Κυρίου
583 1535 693 1589 τῶν
735 1536 1045 1608 δυνάμεων,
1085 1540 1144 1591 ὲν
1174 1538 1329 1592 πόλει
1373 1538 1468 1592 τοῦ
1512 1539 1650 1594 Θεοῦ
1683 1541 1860 1612 ὴμῶν.
1902 1559 1922 1592 ι

391 1631 782 1700 Εὑλαϐείσθω
812 1629 984 1686 πᾶσα
1012 1630 1173 1700 σὰρξ
1208 1631 1329 1686 ἀπὸ
1359 1631 1688 1700 προσώπου
1715 1633 1925 1701 αὐτοῦ,

316 1716 475 1770 διότι
515 1717 831 1787 ἐγήγερται
852 1720 924 1773 ἐκ
958 1717 1234 1790 νεφελῶν
1273 1722 1459 1790 ἁγίων
1495 1722 1710 1778 αὐτοῦ.

2023 529 2240 585 divitias
2289 527 2708 598 acquisivimus,
2756 525 3035 595 possessio
3080 525 3197 591 ejus
3251 523 3377 578 lacti
3425 539 3616 580 sumus

2027 639 2048 674 ι
2097 636 2262 690 super
2306 631 2508 675 terram
2559 625 2830 684 sanctam,
2863 634 2882 668 ι
2930 625 2993 670 ιιι
3034 628 3286 683 superam
3337 616 3616 671 civitatem

2026 715 2378 780 meditemur,
2403 710 2735 775 Jerusalem,
2760 723 2881 779 quae
2910 709 3093 764 animo
3120 707 3352 775 videtur,
3381 706 3535 777 cujus
3561 720 3614 762 et

2024 805 2276 862 conditor
2305 804 2446 860 Deus
2477 803 2555 868 “,
2587 803 2679 872 qui
2709 802 2880 872 ipsam
2910 799 3199 855 amabilem
3228 808 3286 856 et
3323 799 3615 869 optabilem

2027 897 2178 952 iacit.
2221 913 2241 949 ι
2293 896 2470 966 Eliget
2529 897 2674 951 enim
2733 895 2912 948 adhuc
2960 891 3296 958 Jerusalem,
3335 911 3354 944 ι
3419 893 3613 960 inquit.

2027 989 2142 1044 Non
2194 998 2282 1044 est
2329 989 2553 1058 insuper
2601 985 2992 1058 improbabile,
3040 986 3083 1040 si
3131 986 3252 1056 quis
3300 986 3620 1040 existimare

2027 1084 2201 1150 volet,
2226 1082 2528 1138 Jerusalem
2571 1093 2628 1138 et
2661 1096 2803 1136 nunc
2835 1089 3083 1134 vocatam
3119 1094 3242 1134 esse
3285 1078 3578 1132 Ecclesiam
3600 1119 3614 1141 ,

2028 1193 2190 1249 quam
2223 1187 2278 1233 et
2310 1172 2402 1232 Dei
2435 1176 2709 1230 civitatem
2738 1173 2957 1228 divinu‘s
2991 1172 3156 1226 David
3191 1171 3464 1235 nominat,
3493 1185 3617 1223 cum

2029 1271 2104 1326 ait
2136 1288 2152 1325 :
2196 1290 2215 1324 ι
2257 1270 2412 1326 Sicut
2443 1268 2778 1332 audivimus,
2816 1266 2891 1320 ita
2929 1275 2983 1319 et
3015 1265 3281 1330 vidimus,
3311 1264 3363 1318 in
3398 1265 3622 1320 civitate

2032 1360 2244 1418 Domini
2272 1362 2553 1426 virtutum,
2587 1360 2642 1414 in
2671 1359 2892 1415 civitate
2927 1357 3018 1412 Dei
3049 1357 3221 1413 nostri
3244 1357 3309 1411 ε’.
3344 1373 3363 1407 ι

2106 1629 2269 1686 Vens.
2308 1631 2395 1686 15.
2434 1629 2638 1685 Timent
2680 1629 2851 1684 omnis
2890 1645 3014 1683 caro
3058 1645 3089 1682 ιι
3137 1627 3273 1696 [acie
3313 1629 3462 1697 ejus,
3495 1626 3622 1697 quia

2031 1725 2288 1779 excitatus
2323 1732 2400 1776 est
2425 1738 2453 1777 e
2482 1722 2704 1775 nubibus
2737 1721 2934 1774 sanctis
2963 1721 3096 1775 suis.

398 1805 518 1876 ις’.
575 1807 940 1879 Ἐπιφώνημα
981 1809 1080 1879 μὲν
1107 1810 1266 1864 τοῦτο
1297 1810 1460 1864 καλὸν
1492 1811 1588 1865 καὶ
1627 1814 1930 1884 ὲπωφελὲς,

2110 1814 2251 1872 XVI.
2308 1813 2603 1869 Pulchrum
2660 1814 2793 1877 hoc,
2843 1823 2894 1867 et
2948 1811 3077 1868 utile
3127 1812 3517 1883 epiphonema,
3570 1820 3626 1865 et

319 1896 421 1948 καὶ
465 1896 803 1966 πρόσκλησις
853 1896 1058 1968 ἀγαθὴ,
1104 1900 1220 1961 τοῖς
1265 1899 1543 1953 ἐθέλουσιν
1595 1900 1927 1974 εὐδοκιμεῖν,

315 1989 438 2042 εἴτε
488 1989 617 2060 παρ’
644 1986 812 2042 αὐτοῦ
838 1988 1033 2058 γέγονε
1056 1989 1152 2044 τοῦ
1179 1990 1338 2057 Θεοῦ,
1369 1993 1484 2047 εἴτε
1515 1994 1621 2066 μὴν
1648 1997 1714 2051 ὲκ
1753 2015 1932 2070 προσ-

320 2078 487 2132 ώπου
537 2079 631 2133 τοῦ
679 2081 1043 2152 προφητικοῦ.
1095 2083 1242 2156 Πλὴν
1288 2087 1466 2141 ἐκεῖνο
1507 2089 1928 2162 περιαθρητέον.

332 2169 440 2232 Ὦς
455 2170 565 2243 γὰρ
590 2171 770 2241 πάντη
801 2188 860 2224 τε
893 2172 986 2226 καὶ
1018 2173 1236 2237 πάντως
1255 2177 1644 2250 ἀπολουμένων
1679 2183 1844 2253 οἵπερ
1865 2183 1933 2238 ἂν

315 2262 482 2334 αὐτῷ
548 2262 623 2334 μὴ
685 2263 1074 2330 πιστεύσειαν,
1133 2268 1485 2325 εὐλαϐεῖσθαι
1553 2277 1930 2348 προστέταχεο

324 2354 497 2409 τοῦτο
528 2356 626 2409 καὶ
663 2356 826 2420 αὐτὸς
863 2357 891 2408 6
924 2358 1161 2430 Χριστὸς
1191 2361 1290 2433 τὴν
1336 2364 1416 2428 είς
1447 2365 1610 2420 αὐτὸν
1649 2368 1836 2423 πίστιν
1869 2371 1932 2424 οὐ

319 2445 716 2518 προσιεμένοις
764 2446 1039 2517 ἐπεφώνει
1081 2454 1196 2515 τοῖς
1243 2453 1306 2520 ἐξ
1363 2455 1610 2529 Ἰσραήλ·
1658 2477 1678 2511 ι
1738 2460 1932 2532 Ἀμὴν,

318 2537 480 2607 ἀμὴν
506 2535 652 2604 λέγω
683 2537 836 2608 ὑμῖν,
862 2539 957 2593 ἐὰν
986 2539 1066 2612 μὴ
1101 2543 1433 2615 πιστεύσητε
1459 2547 1542 2601 ὅτι
1571 2549 1686 2618 ἐγώ
1713 2553 1852 2622 είμι,
1874 2556 1934 2608 ὲν

319 2629 452 2691 ταῖς
501 2627 806 2703 ἁμαρτίαις
855 2629 1012 2700 ὐμῶν
1063 2633 1466 2690 ἀποθανεῖσθεο
1522 2657 1542 2691 ι
1583 2642 1680 2695 καὶ
1732 2645 1933 2712 πάλιν,

325 2737 350 2772 ε
424 2718 487 2772 ’0
541 2719 816 2774 πιστεύων
848 2723 929 2786 εἰς
966 2725 1056 2776 τὸν
1099 2725 1249 2793 Υίὸν,
1295 2728 1358 2781 οὐ
1389 2730 1656 2800 κρίνεται,
1691 2736 1720 2788 6
1757 2735 1814 2790 δὲ
1855 2737 1935 2808 μὴ

325 2810 633 2875 πιστεύων,
669 2812 771 2883 ἤδη
804 2814 1078 2886 κέκριται,
1111 2819 1193 2872 ὅτι
1224 2818 1302 2891 μὴ
1347 2823 1716 2880 πεπίστευκεν
1747 2827 1830 2892 είς
1872 2829 1937 2883 τὸ

323 2903 508 2975 ὖνομα
557 2903 654 2956 τοῦ
715 2904 849 2958 Υἱοῦ
901 2906 994 2960 τοῦ
1046 2909 1205 2965 Θεοῦ.
1261 2931 1281 2963 ι
1335 2914 1607 2987 Ταύτῃτοι
1658 2921 1754 2974 καὶ
1786 2921 1936 2986 λίθος

324 2996 790 3068 προσκόμματος,
836 3000 930 3054 καὶ
962 3001 1136 3073 πέτρα.
1182 3005 1482 3058 σκανδάλου
1513 3011 1935 3082 κατωνόμασται

323 3088 592 3160 Χριστός.
649 3090 864 3162 Ὠσπερ
898 3092 1006 3164 γάρ
1065 3095 1212 3148 ἐστιν
1253 3099 1702 3171 ὁμολογουμένως
1768 3105 1937 3159 καλὸν

324 3179 427 3230 καὶ
472 3179 742 3250 σωτήριον
780 3180 841 3232 τὸ
873 3181 1052 3236 πίστει
1082 3186 1382 3254 στεφανοῦν
1412 3190 1600 3256 αὐτὸν,
1649 3192 1793 3247 οὕτω
1839 3196 1935 3249 καὶ
1964 3183 2008 3244 C

323 3263 560 3340 ὀλέθρου
589 3269 874 3340 πρόξενον,
909 3273 968 3327 τὸ
1003 3275 1078 3347 μὴ
1104 3277 1454 3335 εὐλαϐεῖσθαι
1481 3282 1574 3338 τὸν
1607 3284 1674 3339 δι’
1707 3287 1854 3357 ἡμᾶς
1879 3290 1936 3341 ὲν

325 3365 448 3425 τοῖς
483 3363 607 3416 καθ’
641 3366 794 3435 ἡμᾶς
823 3368 1108 3436 γεγονότα,
1149 3371 1246 3427 καὶ
1275 3373 1377 3444 οὐχ
1406 3375 1598 3448 ἐτέρου
1625 3394 1719 3431 του
1751 3379 1934 3450 χάριν,

328 3453 366 3524 ἢ
431 3453 524 3507 ἴνα
575 3454 727 3526 σώσῃ
778 3456 840 3509 τὸ
871 3458 1170 3526 ἀπολωλός.
1245 3463 1576 3538 Ἐγηγέρθαι
1629 3469 1688 3523 δὲ
1735 3472 1800 3525 ὲκ
1846 3489 1936 3526 νε-

328 3545 517 3614 φελῶν
546 3547 718 3616 ἁγίων
752 3549 919 3604 αὐτὸν
945 3553 1243 3625 νομιοῦμεν
1275 3557 1460 3623 πάλιν,
1491 3560 1569 3624 ὡς
1605 3561 1665 3628 ἐξ
1697 3563 1939 3634 ἠρεμίας

327 3640 435 3710 τῆς
467 3641 638 3694 παλαι
679 3643 777 3696 καὶ
819 3645 1030 3716 σιωπῆς
1061 3647 1366 3719 ἀφιγμένον
1397 3652 1476 3716 είς
1511 3652 1726 3724 κίνησιν
1755 3655 1856 3726 τῆς
1880 3659 1940 3711 ὲν

324 3735 470 3804 ἡμῖν
517 3735 821 3804 φροντίδος,
883 3739 1147 3807 γεγονότα
1203 3756 1267 3809 γε
1335 3743 1446 3812 μὴν
1499 3744 1564 3798 ἐκ
1626 3745 1939 3816 σπέρματος

327 3825 510 3893 ἁγίων
559 3827 833 3900 Ἀϐραὰμ,
867 3829 1076 3895 Ἰσαὰκ,
1123 3830 1344 3901 Ἰεσσαὶ,
1386 3834 1482 3888 καὶ
1514 3836 1704 3900 Δαὸὶδ,
1738 3839 1803 3892 ἐκ
1831 3839 1940 3893 τῶν

330 3918 436 3969 σὺν
471 3918 706 3986 ἐκείνοις
730 3922 1265 3994 γενεαλογουμένων,
1296 3925 1391 3990 οὓς
1422 3930 1518 3981 καὶ
1543 3929 1775 3998 νεφέλας
1802 3932 1941 3986 ἀπο-

329 4009 518 4076 καλεῖ,
540 4011 629 4065 διά
650 4031 732 4066 τοι
763 4015 825 4067 τὸ
863 4015 999 4085 ὑψοῦ
1038 4018 1302 4088 φέρεσθαι
1334 4020 1442 4074 τῶν
1465 4021 1640 4089 ἁγίων
1663 4022 1756 4077 τὸν
1789 4025 1937 4092 νοῦν,

333 4104 438 4156 καὶ
479 4107 873 4174 παραιτεῖσθαι
908 4110 1008 4180 μὲν
1034 4110 1103 4163 τὰ
1135 4112 1228 4163 ἐπὶ
1259 4111 1360 4182 τῆς
1396 4114 1500 4184 γῆς
1541 4115 1635 4168 καὶ
1685 4118 1946 4188 φρόνημα

327 4194 395 4246 τὸ
433 4199 903 4269 κατερῤιμμένον,
931 4200 1163 4275 ζητεῖ[ν]
1191 4203 1246 4256 δὲ
1280 4205 1483 4274 μᾶλλον
1506 4207 1573 4260 τὰ
1608 4207 1720 4262 ἄνω
1755 4211 1850 4263 καὶ
1884 4213 1942 4263 ἐν

329 4289 448 4350 τοῖς
485 4289 758 4356 οὐρανοῖς,
797 4292 894 4345 καὶ
938 4295 1049 4366 μὴν
1089 4296 1183 4349 καὶ
1213 4297 1275 4350 τὺ
1318 4299 1377 4352 ὲν
1407 4299 1559 4364 τάξει
1587 4301 1786 4369 νεφῶν,
1827 4304 1942 4364 τοῖς

324 4382 554 4449 νοητοῖς
585 4381 763 4447 ὑετοῖς
804 4386 1098 4458 κατάρδειν
1140 4389 1382 4462 ἑτέρους.
1421 4391 1541 4445 Ὅτι
1585 4392 1642 4446 δὲ
1673 4391 1772 4464 τὴν
1814 4393 1944 4446 ἀνά-

331 4487 533 4526 στασιν
573 4475 766 4538 ὲννοεῖ,
807 4476 1221 4552 πληροφορήσει
1264 4482 1427 4536 πάλιν
1463 4483 1629 4548 αὐτὸς
1667 4484 1696 4537 6
1723 4486 1939 4558 Σωτὴρ,

326 4564 425 4618 διὰ
449 4566 553 4636 τῆς
579 4567 674 4620 τοῦ
696 4570 1012 4637 Ψάλλοντος
1038 4576 1226 4646 φωνῆς
1252 4575 1396 4632 οὕτω
1426 4577 1628 4646 λέγων·
1659 4597 1680 4631 ι
1713 4581 1942 4636 Ἕνεκεν

325 4655 438 4726 τῆς
495 4657 876 4734 ταλαιπωρίας
920 4665 1031 4719 τῶν
1081 4667 1316 4738 πτωχῶν
1360 4670 1454 4724 καὶ
1499 4670 1593 4725 τοῦ
1633 4674 1944 4744 στεναγμοῦ

326 4749 448 4802 τῶν
487 4751 741 4822 πενήτων
781 4754 877 4808 νῦν
914 4757 1320 4831 ἀναστήσομαι.
1380 4778 1400 4812 ι
1464 4761 1796 4836 Ἐγήγερται
1830 4766 1945 4819 τοί-

2034 1909 2338 1964 cohortatio
2367 1908 2509 1963 bona
2538 1906 2849 1962 volentibus
2882 1908 3016 1961 bene
3051 1907 3269 1972 audire,
3301 1907 3415 1960 sive
3449 1920 3478 1958 a
3515 1903 3626 1959 Deo

2031 2011 2146 2067 est,
2175 2001 2292 2056 sive
2336 2015 2403 2055 ex
2454 2014 2687 2068 persona
2729 1999 3026 2068 prophetae.
3060 1997 3446 2054 Verumtamen
3496 1997 3626 2051 illud

2033 2094 2487 2150 considerandum
2515 2093 2823 2164 diligenter.
2849 2091 3072 2146 Timere
3096 2091 3242 2146 enim
3269 2090 3446 2158 jubet,
3468 2089 3628 2159 quasi

2032 2187 2262 2256 perditis
2307 2187 2556 2256 penitus,
2599 2186 2912 2256 quicunque
2961 2185 3063 2253 ipsi
3112 2197 3218 2238 non
3268 2182 3623 2237 crediderint.

2035 2280 2152 2335 lloe
2191 2287 2244 2333 et
2278 2280 2394 2349 ipse
2425 2278 2680 2334 Christus
2713 2277 2973 2333 lsraelitis
3010 2276 3170 2331 Iidem
3209 2275 3264 2330 in
3301 2275 3474 2344 ipsum
3513 2289 3626 2329 non

2036 2366 2450 2424 admittentibus
2477 2366 2806 2430 minabatur,
2824 2379 2949 2422 cum
2974 2365 3181 2420 dlceret
3208 2381 3222 2418 :
3259 2381 3278 2414 ι
3308 2365 3478 2420 Amen
3503 2364 3628 2418 dico

2035 2460 2220 2524 vobis,
2252 2459 2353 2514 nisi
2385 2451 2729 2514 credideritis
2752 2457 2880 2527 quia
2909 2471 3012 2528 ego
3044 2471 3196 2519 sum,
3229 2455 3535 2511 moriemini
3571 2457 3627 2509 iu

2034 2552 2276 2623 peccatis
2313 2554 2513 2608 vestris
2535 2551 2608 2615 ⁸³;
2659 2567 2678 2603 ι
2725 2559 2780 2605 et
2825 2549 3020 2604 iterum
3066 2563 3084 2603 :
3138 2567 3157 2600 ι
3205 2547 3309 2616 Qui
3357 2547 3533 2603 credit
3573 2548 3630 2602 in

2037 2643 2270 2710 Filium,
2307 2659 2413 2698 non
2445 2643 2749 2712 iudicatur;
2785 2642 2876 2712 qui
2913 2651 3095 2697 autem
3131 2655 3242 2696 non
3279 2642 3483 2705 credit,
3513 2640 3628 2710 jam

2031 2737 2306 2807 judicatus
2335 2745 2438 2804 est,
2461 2737 2588 2806 quia
2617 2751 2722 2790 non
2749 2736 2982 2789 credidit
3002 2737 3054 2788 in
3081 2735 3297 2788 nomine
3316 2735 3482 2806 672
3509 2734 3628 2787 Filii

2041 2829 2131 2883 Dei
2160 2829 2226 2883 “.
2270 2846 2290 2880 ι
2331 2828 2538 2884 Idcirco
2571 2838 2625 2883 et
2661 2829 2795 2898 lapis
2829 2827 3150 2884 oﬂ'ensionis
3188 2837 3242 2882 et
3276 2839 3428 2897 petra
3465 2843 3627 2882 scan-

2038 2921 2145 2977 dali
2200 2919 2380 2975 dictus
2431 2931 2516 2974 est
2560 2919 2812 2974 Christus
2837 2920 2904 2974 ⁶⁸.
2951 2921 3415 2986 Quemadmodum
3471 2922 3615 2973 enim

2039 3015 2176 3069 citra
2214 3011 2609 3068 dubitationem
2656 3011 2940 3079 cujusdam
2985 3011 3255 3066 laudabile
3293 3020 3347 3065 et
3390 3011 3630 3065 salutare

2037 3115 2124 3161 est
2147 3103 2249 3159 [ide
2272 3104 2450 3173 ipsum
2476 3102 2766 3167 honorare,
2786 3103 2858 3156 ita
2882 3111 2937 3157 et
2959 3105 3247 3157 exitiosum
3278 3119 3385 3159 non
3419 3106 3628 3184 timere,

2039 3201 2131 3273 qui
2169 3208 2388 3272 propter
2427 3213 2525 3254 nos
2560 3207 2744 3254 nostra
2795 3198 3057 3268 suscepit,
3091 3212 3189 3252 nec
3223 3198 3327 3252 alia
3364 3200 3428 3255 de
3462 3215 3630 3255 causa

2039 3307 2202 3363 quam
2251 3301 2311 3346 ut
2350 3290 2584 3346 saltaret
2623 3289 2766 3358 quod
2814 3291 3053 3359 perierat
3079 3287 3145 3343 “.
3183 3288 3494 3344 Excitatum
3528 3307 3628 3344 au-

2043 3395 2151 3440 tem
2197 3385 2370 3454 ipsum
2401 3397 2468 3438 ex
2514 3381 2747 3438 nubibus
2785 3381 2991 3438 sanctis
3018 3382 3130 3435 suis
3171 3391 3434 3452 praeterea
3475 3393 3635 3453 puta-

2041 3477 2242 3540 bimus,
2261 3483 2320 3530 ut
2344 3473 2436 3545 qui
2463 3489 2529 3530 ex
2555 3474 2776 3543 antiqua
2806 3473 2989 3543 quiete
3013 3481 3068 3528 et
3090 3473 3306 3528 silentio
3334 3476 3400 3528 ad
3428 3463 3633 3529 mot'um

2043 3567 2432 3625 sollicitudinis
2475 3565 2625 3621 circa
2668 3581 2768 3621 nos
2805 3565 3052 3630 venerit,
3089 3575 3274 3620 natum
3319 3580 3387 3621 ex
3430 3566 3638 3620 semine

2041 3673 2356 3719 sanctorum
2387 3660 2684 3725 Abraham,
2718 3658 2888 3725 Isaac,
2909 3656 3081 3725 Iesse,
3108 3669 3164 3714 et
3194 3657 3382 3725 David,
3418 3667 3472 3713 et
3501 3659 3639 3712 alio-

2043 3771 2164 3812 rum
2202 3755 2294 3824 qui
2331 3755 2384 3809 in
2426 3754 2618 3808 ordine
2649 3751 3013 3822 generationis
3049 3750 3303 3819 deinceps
3342 3764 3639 3804 recensen-

2042 3858 2154 3912 tur,
2185 3861 2322 3917 quos
2361 3852 2417 3900 et
2449 3845 2621 3899 nubes
2655 3842 2920 3912 appellat,
2948 3844 3094 3912 quod
3130 3849 3447 3897 sanctorum
3487 3855 3640 3894 mens

2041 3942 2275 3997 sublime
2329 3938 2562 4005 feratur,
2627 3946 2683 3992 et
2734 3945 2947 3992 terrena
2999 3937 3347 4005 cogitataque
3402 3934 3635 3988 humilia

2043 4035 2322 4104 repudiet,
2355 4042 2412 4087 et
2450 4045 2684 4100 superna
2729 4031 2908 4098 potius
2966 4045 3031 4084 ac
3074 4029 3319 4085 cmlestia
3366 4036 3574 4098 quaerat
3621 4041 3637 4079 :

2044 4125 2364 4193 quinetiam,
2399 4135 2550 4176 more
2597 4119 2842 4186 nubium,
2879 4120 3076 4188 pluviis
3111 4133 3230 4187 qua
3264 4118 3641 4188 intelliguntur

2047 4229 2146 4270 nec
2169 4219 2456 4284 apparent,
2481 4212 2620 4266 alios
2645 4211 2855 4281 irriget.
2875 4209 3028 4277 Quod
3063 4221 3246 4264 autem
3273 4208 3639 4266 exsurrectio—

2041 4321 2168 4362 nem
2219 4304 2520 4375 intelligat,
2557 4319 2775 4358 rursum
2827 4302 3077 4357 Salvator
3121 4302 3238 4369 ipse
3290 4301 3637 4364 tcsﬁlicatur,

2046 4413 2180 4454 voce
2211 4396 2617 4466 Psalmographi
2650 4397 2723 4451 ita
2753 4394 2981 4465 loquens
3013 4417 3024 4450 :
3060 4413 3078 4446 ι
3109 4392 3340 4464 Propter
3364 4394 3639 4448 miseriam

2049 4490 2270 4560 inopum
2307 4498 2360 4544 et
2385 4489 2643 4559 gemitum
2672 4499 2992 4558 pauperum,
3030 4499 3173 4540 nunc
3197 4499 3488 4556 exsurgam
3515 4481 3580 4539 ".
3614 4503 3634 4536 ι

2047 4582 2332 4636 Excitatus
2365 4589 2452 4636 est
2479 4579 2669 4649 igitur,
2709 4579 2812 4634 hoc
2853 4587 2938 4634 est
3004 4589 3188 4632 motus
3225 4586 3309 4631 est
3341 4578 3404 4632 de
3443 4586 3640 4631 caetero

2045 4673 2114 4728 ad
2144 4673 2423 4729 ferendam
2456 4686 2615 4742 opem
2647 4670 2863 4725 miseris
2893 4678 2946 4723 et
2975 4668 3190 4724 aﬂlictis
3221 4684 3388 4739 super
3413 4679 3636 4723 terram.

2050 4765 2168 4836 ipse
2198 4776 2382 4820 autem
2415 4764 2683 4819 malorum
2711 4761 2953 4816 omnium
2985 4769 3069 4815 est
3093 4760 3291 4816 solutio
3311 4801 3325 4826 ,
3359 4769 3412 4814 et
3441 4760 3643 4813 veteris

328 4855 460 4906 νυν,
506 4845 779 4910 τουτέστι,
815 4849 1104 4919 κεκίνηται
1140 4849 1328 4906 λοιπὸν
1367 4855 1448 4920 είς
1482 4856 1806 4924 ἐπικουρίαν
1835 4860 1935 4922 τοῖς

2050 4856 2324 4912 maledicti
2348 4857 2492 4921 linis,
2511 4867 2565 4912 et
2589 4854 2918 4927 principium
2950 4855 3130 4908 omnis
3159 4854 3310 4922 boni,
3329 4861 3384 4908 et
3413 4851 3644 4924 largitor

327 4932 433 4984 ἐπὶ
480 4932 583 5004 τῆς
627 4934 733 5006 γῆς
771 4939 1115 5010 πεπραχόσιν
1165 4941 1387 5008 ἀθλίως.
1437 4944 1612 5010 Αὐτὸς
1653 4945 1712 5000 δὲ
1763 4949 1796 5018 ἡ
1837 4947 1948 5002 τῶν

2049 4951 2162 5020 spei
2193 4951 2318 5005 vita:
2349 4949 2714 5020 sempiternae.

327 5023 534 5076 κακῶν
580 5024 840 5080 ἁπάντων
891 5028 1066 5094 λύσις,
1119 5033 1214 5086 καὶ
1255 5034 1358 5104 τῆς
1406 5037 1642 5108 ἀρχαίας
1692 5038 1833 5110 ἀρᾶς
1881 5037 1944 5091 τὺ
1980 5041 2179 5113 πέρας,
2243 5041 2338 5096 καὶ
2371 5040 2516 5112 ἀρχὴ
2581 5038 2677 5093 τοῦ
2719 5036 2928 5104 παντὸς
2954 5034 3184 5110 ἀγαθοῦ,
3230 5039 3323 5093 καὶ
3369 5034 3532 5108 δοτὴρ
3561 5033 3648 5086 η’

329 5115 498 5180 πίδος
529 5120 627 5188 τῆς
654 5119 734 5185 είς
765 5120 941 5176 αἰῶνα
972 5125 1064 5179 τὸν
1094 5127 1383 5197 μέλλοντα.

954 5263 1211 5320 ΚΕΦΑΛ.
1255 5266 1328 5320 Γ.

407 5387 523 5442 Καὶ
566 5387 764 5452 ἔδειξέ
806 5412 911 5464 μοι
949 5399 1164 5468 Κύριος
1206 5402 1452 5469 Ἰησοῦν
1492 5405 1599 5461 τὸν
1639 5409 1798 5478 ἱερέα
1837 5409 1948 5464 τὸν

322 5480 534 5554 μέγαν
583 5482 822 5542 ἑστῶτα
865 5493 977 5560 πρὸ
1021 5494 1348 5564 προσώπου
1393 5499 1652 5570 ἀγγέλου
1697 5503 1944 5572 Κυρίου.

408 5688 456 5719 ⁸⁸
493 5686 663 5742 Hebr.
699 5687 902 5760 xtalO.
1005 5689 1050 5722 ⁶¹
1084 5689 1227 5746 Psal.
1264 5710 1431 5760 xcv",
1463 5697 1515 5752 9.

327 5773 502 5826 xvm,
539 5760 628 5814 ll.
708 5760 755 5795 ⁸⁷
791 5759 934 5814 Psal.
970 5761 1126 5825 “,6.

714 5854 994 5915 PATROL.
1031 5855 1148 5916 Gn.
1189 5855 1420 5917 LXXII.

1623 5697 1667 5730 ⁸³
1697 5698 1854 5754 Joau.
1887 5714 2006 5768 vm,
2037 5699 2130 5755 24.

2707 5271 2859 5330 CAP.
2883 5233 2986 5332 tu.

2126 5408 2293 5464 Vsus.
2321 5409 2371 5475 1,
2395 5409 2448 5463 2.
2475 5405 2540 5462 Ει
2566 5409 2793 5462 ostendit
2820 5407 2946 5461 mihi
2977 5407 3232 5461 Dominus
3256 5404 3439 5460 Iesum
3471 5424 3649 5462 sacer-

2054 5503 2228 5558 dotem
2267 5519 2516 5574 magnum
2561 5512 2786 5558 stantem
2821 5512 2942 5557 ante
2975 5502 3162 5573 [aciem
3196 5499 3370 5573 angeli
3411 5501 3644 5563 Domini.

2820 5696 2865 5728 "
2891 5697 2911 5751 1
2940 5695 3084 5754 Petr.
3121 5711 3183 5764 ιι,
3221 5697 3275 5753 8.

2237 5699 2283 5733 ⁸⁵
2314 5696 2469 5756 Joau.
2501 5714 2587 5764 ιιι,
2615 5697 2701 5751 18.
2820 5696 2865 5728 ⁸³
2891 5697 2911 5751 1
2940 5696 3084 5754 Petr.
3121 5711 3183 5764 ιι,
3221 5697 3275 5753 8.
3383 5697 3429 5730 ⁸⁸
3452 5697 3644 5756 Matth.

3245 5859 3283 5920 2
