4130 6470
513 318 585 373 45
1510 304 1567 359 S.
1611 300 1887 359 CYRILLI
1926 286 2393 354 ΑιΕχΑΝυιὶιΝι
2438 288 2757 353 ARCHIEP.
3715 293 3786 346 ιι

516 429 585 486 Et
618 428 856 485 diabolus
886 428 1055 482 stabat
1087 426 1353 481 a'dexlr'is
1383 424 1517 489 eius,
1544 433 1602 477 ut
1630 424 1998 478 adversaretur
2027 422 2097 475 ei.

2206 419 2315 472 Kal
2362 422 2397 473 ό
2431 417 2711 483 διάϐολος
2756 413 3018 482 είστήκει
3062 412 3129 466 ἐκ
3172 408 3379 475 δεξιῶν
3431 408 3639 471 αὐτοῦ,
3680 410 3787 462 τοῦ

514 525 585 579 Et
623 522 761 577 dixit
798 520 1055 575 Dominus
1093 518 1161 572 ad
1199 517 1470 572 diabolum
1505 532 1524 570 :
1563 515 1801 584 Increpat
1838 515 2094 568 Dominus

2205 508 2565 564 ἀντικεῖσθαι
2600 508 2777 573 αὐτῷ.
2822 507 2930 561 Καὶ
2961 500 3094 557 εἷπε
3136 505 3285 571 πρὸς
3322 502 3427 556 τόν
3468 500 3783 555 διάϐολον·

512 616 566 667 in
602 624 684 679 te,
708 611 948 676 diabole,
968 620 1015 664 et
1048 609 1275 675 increpet
1308 609 1363 662 in
1394 618 1443 663 te
1474 608 1564 677 qui
1594 606 1747 675 elegit
1775 605 2094 661 Jerusalem.

515 700 706 756 Nonne
734 715 849 755 ecce
878 699 975 752 hoc
1003 706 1059 752 ιιι
1088 696 1246 752 torris
1274 707 1537 751 extractus
1565 712 1630 751 ex
1657 696 1817 766 igne?

498 941 502 946 ’
583 960 750 1015 XVII.
811 958 1065 1014 Narratio
1111 957 1376 1012 visionem
1427 956 1691 1022 continet,
1725 965 2096 1010 verumtamen

515 1068 734 1109 sensum
773 1051 936 1106 habet
988 1050 1329 1113 historicum,
1377 1047 1478 1101 sub
1522 1046 1809 1117 aenigmate
1860 1060 1917 1099 se
1969 1045 2099 1099 iusi-

516 1155 773 1200 nuantem
811 1152 863 1199 et
897 1152 953 1196 ut
982 1141 1216 1211 imagine
1249 1139 1443 1194 iterum
1472 1137 1655 1192 Iesum
1684 1138 2097 1192 describentem.

511 1240 828 1295 Tenendum
859 1249 1043 1307 porro,
1084 1234 1397 1303 prophetam
1438 1232 1643 1286 visione
1665 1232 1775 1301 jam
1809 1246 1867 1284 re
1918 1228 2099 1299 perfe-

510 1342 597 1386 cta
649 1340 701 1383 et
729 1329 794 1382 ad
816 1327 1019 1382 exitum
1056 1324 1284 1379 deducta
1322 1307 1482 1377 verba
1545 1322 1744 1376 facere.
1771 1321 1864 1375 Est
1916 1331 2098 1374 autem

511 1435 850 1492 nequaquam
878 1417 1151 1471 fabulosus
1173 1429 1373 1479 sermo,
1401 1430 1573 1483 neque
1605 1416 1671 1468 ab
1694 1413 1940 1467 instituto
1974 1412 2103 1465 alie-

511 1530 634 1579 nus,
664 1526 837 1581 neque
876 1510 1079 1564 otiosas
1110 1506 1450 1561 narrationes
1493 1514 1741 1561 acervat:
1797 1519 2008 1567 verum,
2045 1513 2105 1557 ut

510 1608 644 1671 dixi,
699 1604 968 1676 principio
1021 1611 1311 1671 antequam
1370 1600 1672 1662 evenirent,
1700 1597 1802 1651 ista
1862 1597 2018 1659 vidit,
2053 1609 2107 1655 et

2215 599 2585 668 Ἐπιτιμήσαι
2617 600 2834 667 Κύριος
2870 597 2940 649 ἐν
2982 594 3103 658 σοὶ,
3151 592 3412 655 διάϐολε,
3460 593 3556 645 καὶ
3600 593 3786 645 eam;

2194 697 2387 764 μήσαι
2435 694 2504 745 ἐν
2552 691 2652 744 σοὶ
2696 694 2728 743 ὀ
2766 688 3166 756 ἐκλεξάμενος
3210 685 3327 754 τὴν
3368 682 3784 754 Ἰερουσαλήμ.

2213 789 2335 839 Οὐκ
2401 784 2529 838 ἰδοὺ
2584 782 2759 837 τοῦτο
2824 781 2904 847 ὠς
2959 779 3144 844 δαλὸς
3210 775 3667 846 ἐξεσπασμένος
3721 775 3787 827 ἐκ

2202 878 2392 943 πυρός
2417 893 2434 939 ;

2275 969 2373 1021 1Ζ’.
2420 967 2648 1037 "Opaca:
2701 963 2802 1032 μὲν
2848 960 2910 1014 τὸ
2956 960 3223 1032 διήγημα,
3267 959 3407 1030 πλὴν
3463 959 3576 1027 ἔχει
3628 957 3789 1024 λόγον

2205 1056 2514 1127 ἰστορικὸν,
2566 1051 2981 1121 αἰνιγματωδῶς
3034 1050 3408 1111 εἰσϐάλλοντα,
3468 1048 3561 1101 καί
3610 1047 3683 1109 ώς
3732 1047 3790 1099 ἐν

2203 1149 2371 1201 εἰκόνι
2417 1146 2578 1199 πάλιν
2606 1144 2683 1215 τῷ
2733 1142 2908 1212 Ἰησοῦ
2956 1141 3553 1212 προσδιαγραφόμενον.
3593 1139 3791 1191 ’ἰστέον

2202 1240 2281 1302 δὲ,
2314 1240 2396 1292 ὅτι
2425 1237 2534 1289 τῶν
2577 1238 2636 1289 ἐν
2657 1238 2776 1298 ταῖς
2802 1236 3058 1306 όράσεσιν
3084 1237 3162 1297 εἰς
3188 1235 3360 1304 πέρας
3389 1231 3788 1302 ἐκϐεϐηκότων,

2202 1333 2331 1395 τοὺς
2358 1332 2487 1401 περί
2511 1330 2690 1384 αὐτῶν
2713 1332 2740 1382 6
2762 1330 3047 1400 προφήτης
3072 1330 3305 1381 ποιεῖται
3329 1325 3541 1393 λόγους.
3576 1326 3794 1377 Εἰκαιο-

2209 1423 2385 1495 μυθὴς
2418 1423 2474 1475 δὲ
2519 1421 2794 1491 οὐδαμῶς,
2827 1420 2949 1473 οὐδὲ
2984 1418 3088 1490 μὴν
3114 1419 3342 1472 κατόπιν
3368 1418 3478 1469 τῶν
3507 1415 3793 1485 ἐπιτηδευ-

2210 1517 2393 1587 μάτων
2454 1515 2709 1585 ἔρχεται,
2761 1514 2856 1566 καὶ
2921 1510 3189 1582 περιττῶν
3248 1512 3379 1580 ἡμῖν
3439 1509 3793 1579 διηγημάτων

2209 1606 2437 1679 σωρεύει
2480 1608 2672 1677 δχλονο
2716 1606 2857 1669 ἀλλ’,
2891 1604 2967 1668 ὡς
3005 1603 3160 1674 ἔφην,
3208 1603 3269 1655 ἐν
3310 1603 3505 1673 ἀρχαῖς
3548 1600 3652 1670 πρὸ
3684 1598 3794 1650 τῶν

511 1698 835 1751 annuutiare
896 1710 1149 1766 magnum
1198 1707 1385 1762 opera:
1441 1692 1673 1759 pretium
1754 1689 1923 1753 ducit,
1975 1688 2101 1742 dum

2208 1700 2545 1767 πραγμάτων
2569 1696 2822 1749 τεθέαται
2859 1694 3053 1757 ταῦτα,
3084 1692 3178 1746 καὶ
3212 1691 3578 1759 ἀπαγγέλλειν
3625 1690 3795 1742 ποιεῖ-

512 1792 585 1844 ita
619 1788 831 1845 erudiat
862 1798 915 1843 et
952 1761 1122 1841 tutum
1152 1761 1339 1840 reddat
1385 1783 1663 1846 lsraelem,
1716 1795 1785 1835 ne
1833 1780 2101 1836 similibus

2205 1761 2293 1842 ται
2333 1761 2467 1861 περί
2507 1788 2727 1852 πολλοῦ,
2772 1788 2934 1857 σοφόν
2963 1804 3019 1841 τε
3046 1787 3140 1840 καί
3166 1785 3381 1855 ἀσφαλῆ
3411 1783 3671 1845 καθιστὰς
3699 1782 3793 1834 τὸν

510 1898 633 1938 sese
668 1882 880 1937 delictis
930 1881 1125 1936 iterum
1192 1878 1450 1943 involvat,
1504 1877 1807 1943 iterumque
1859 1874 2105 1942 captivus

514 1974 605 2029 ﬁat
624 2015 639 2040 ,
672 1974 851 2028 sciens
883 1989 942 2028 se
971 1972 1237 2026 salvatum
1265 1985 1386 2024 cum
1415 1969 1619 2029 labore,
1647 1978 1701 2021 et
1725 1966 2100 2021 liberationem

512 2078 726 2132 quoque
771 2062 874 2131 ipsi
902 2076 1037 2130 opus
1070 2068 1190 2115 erat
1241 2060 1469 2129 gratiam
1510 2057 1674 2128 673
1712 2056 2100 2125 pr0pemodum

512 2156 597 2210 vel
627 2156 760 2224 ipsis
789 2157 842 2209 in
876 2153 1014 2209 caelo
1042 2152 1247 2222 angelis
1280 2166 1425 2206 cura
1484 2164 1547 2204 ac
1580 2148 1931 2204 sollicitudini
1967 2146 2102 2201 fuis‘

509 2264 593 2306 se.
614 2250 701 2303 Ait
727 2263 856 2316 ergo
882 2262 941 2302 se
969 2245 1167 2299 vidisse
1188 2252 1418 2298 stantem
1448 2241 1717 2311 angelum,
1739 2249 1795 2294 et
1822 2254 2005 2293 coram
2040 2253 2104 2292 eo

511 2340 696 2397 Jesum
730 2338 894 2391 lilium
920 2335 1146 2391 Josedee
1172 2334 1509 2388 sacerdotem
1544 2346 1819 2400 magnum.
1853 2330 1916 2382 Et
1941 2342 2104 2398 ange-

515 2433 603 2486 lus
634 2430 851 2501 quidem
885 2438 1068 2498 typum
1096 2434 1149 2480 et
1177 2423 1464 2494 imaginem
1492 2421 1694 2476 Christi
1718 2420 1940 2491 gerebat
1966 2436 1980 2473 :
2014 2433 2103 2473 sa-

516 2523 712 2577 cerdos
742 2530 924 2575 autem
984 2520 1154 2573 totius
1203 2516 1381 2586 populi
1436 2528 1723 2583 personam
1782 2510 2103 2567 sustinuisse

517 2616 694 2677 potest
733 2605 952 2670 intelligi
981 2620 994 2657 :
1022 2605 1103 2659 sic
1128 2604 1271 2657 enim
1301 2602 1480 2657 divina
1518 2600 1799 2670 Scriptura
1822 2616 1945 2655 eum
2007 2614 2102 2657 ac-

516 2700 667 2769 cipit.
690 2697 867 2764 Quare
905 2695 1101 2751 alicubi
1135 2695 1201 2749 ad
1237 2693 1417 2749 Mosen
1442 2694 1570 2749 dicit
1617 2694 1755 2747 Deus
1790 2710 1806 2749 :
1835 2710 1854 2744 ι
1886 2691 1952 2746 Ει
1974 2707 2104 2748 ecce

516 2803 615 2858 ego
645 2788 826 2857 accepi
874 2785 1089 2841 Levitas
1129 2800 1225 2855 pro
1261 2784 1519 2840 omnibus
1564 2784 1689 2839 filiis
1734 2783 1923 2850 Israel,
1961 2784 2103 2838 dono

517 2881 628 2934 dati
668 2889 799 2935 sunt
830 2879 959 2933 mihi
997 2879 1064 2932 ⁵⁸.
1100 2897 1119 2930 ι
1158 2878 1421 2945 Quocirca
1450 2876 1584 2930 nihil
1632 2878 1892 2931 adversus
1937 2876 2100 2931 deco-

520 2987 636 3025 rum
663 2979 849 3040 peccat
872 2970 1067 3036 oratio,
1093 2984 1190 3038 pro
1218 2969 1365 3022 omni
1403 2967 1598 3037 populo
1631 2968 1965 3023 sacerdotem
2011 2983 2102 3022 ac-

513 3062 740 3130 cipiens.
768 3060 1058 3131 Postquam
1105 3060 1249 3113 enim
1286 3057 1477 3125 Israel,
1510 3058 1667 3113 cultis
1706 3058 1862 3113 idolis
1886 3063 2103 3127 spretis
2129 3100 2170 3155 C

517 3172 622 3224 que
657 3156 866 3225 legibus
920 3170 1015 3224 per
1062 3152 1247 3207 Mosen
1291 3151 1437 3219 latis,
1491 3150 1731 3219 abiectus
1781 3162 1865 3207 est
1894 3168 1924 3206 a
1961 3152 2097 3207 facie

519 3245 636 3311 Dei,
664 3245 1011 3311 postmodum
1059 3244 1206 3313 justa
1252 3241 1305 3295 in
1332 3256 1453 3297 eum
1491 3242 1570 3296 ira
1593 3242 1826 3311 expleta,
1883 3243 2101 3298 miseri-

518 3338 703 3392 cordia
734 3352 763 3389 a
800 3335 910 3390 Deo
928 3344 1019 3388 est
1040 3334 1285 3400 affectus,
1322 3343 1377 3389 et
1419 3334 1595 3388 denuo
1627 3334 1695 3389 ad
1748 3343 2097 3403 conspectum

519 3430 635 3497 ejus
679 3437 982 3483 revocatus.
1017 3426 1084 3481 Et
1114 3427 1238 3492 hoc,
1268 3426 1481 3496 opinor,
1503 3434 1605 3491 est,
1629 3427 1728 3482 sub
1755 3428 1987 3495 quodam
2024 3427 2102 3480 in-

522 3529 840 3591 legumento
872 3520 1179 3583 verborum,
1212 3527 1356 3573 stare
1380 3518 1717 3573 sacerdotem
1756 3529 1881 3573 ante
1907 3518 2100 3572 faciem

521 3612 697 3681 angeli
733 3610 969 3666 Domini.
1000 3609 1055 3663 In
1080 3610 1159 3664 ira
1188 3610 1385 3679 quippe
1472 3618 1773 3675 aversatur,
1830 3619 1884 3664 et
1915 3609 2105 3664 oculos

520 3716 764 3760 removet
805 3719 833 3756 a
861 3702 1357 3771 contemptoribus:
1390 3712 1577 3756 contra
1628 3702 1894 3756 miserans
1931 3703 2106 3755 intue-

522 3808 609 3851 tur
662 3807 717 3851 et
746 3796 987 3866 respicit.
1013 3793 1150 3849 llinc
1181 3803 1236 3848 et
1260 3793 1474 3849 divinus
1497 3794 1704 3849 Psaltes
1731 3797 1927 3849 orabat
1981 3796 2053 3848 ita
2085 3809 2101 3845 :

526 3907 548 3940 ι
581 3887 658 3942 Ne
688 3898 905 3942 avertas
939 3886 1131 3941 faciem
1160 3894 1305 3939 tuam
1340 3899 1369 3938 a
1403 3900 1513 3952 me,
1561 3897 1618 3939 et
1678 3901 1745 3941 ne
1773 3886 2007 3941 declines
2049 3886 2105 3940 in

520 3982 600 4035 ira
635 3997 664 4035 a
698 3995 853 4034 servo
887 3989 979 4033 tuo
1007 3977 1105 4031 ὀδ
1144 3977 1210 4031 Et
1244 3978 1435 4032 iterum
1466 3992 1480 4030 :
1523 3996 1541 4029 ι
1579 3978 1806 4048 Respice
1836 3978 1890 4032 in
1915 3992 2019 4044 me,
2052 3987 2108 4033 et

522 4071 785 4126 miserere
805 4068 1026 4124 mei".i
1053 4066 1318 4122 Caeterum
1344 4077 1537 4121 natura
1565 4068 1828 4137 benignus
1869 4078 1923 4121 et
1945 4070 2107 4124 misc-

522 4163 693 4217 ricors
715 4162 857 4216 Deus
884 4160 1135 4215 lsraelem
1165 4174 1196 4213 a
1231 4168 1455 4229 peccato
1483 4159 1766 4216 liberabat.
1794 4159 1893 4226 Qui
1926 4170 2105 4215 autem

521 4255 573 4308 in
600 4254 727 4307 illud
754 4253 1041 4308 induxerat
1070 4251 1300 4307 Satanas
1331 4252 1529 4317 stabat,
1553 4253 1904 4308 nihilominus
1919 4255 2109 4308 adver-

519 4360 669 4411 sans,
688 4354 743 4399 et
758 4358 819 4399 se
839 4358 1115 4413 opponens
1133 4343 1229 4409 illi,
1255 4354 1311 4399 et
1330 4344 1589 4399 deserens
1606 4343 1755 4398 illum
1779 4345 2016 4414 insuper,
2031 4356 2106 4409 et,

2217 1883 2452 1954 Ἰσραὴλ,
2499 1884 2585 1935 ἵνα
2630 1881 2704 1953 μή
2750 1884 2863 1944 τοῖς
2917 1882 3053 1943 ἴσοις
3100 1879 3403 1949 πταίσμασι
3453 1874 3790 1948 περιπεσὼν,

2204 1976 2359 2047 ἁλοίη
2393 1975 2487 2029 καὶ
2517 1974 2785 2045 δεύτερον,
2813 1973 2987 2036 εἰδὼς,
3024 1974 3104 2026 ὅτι
3137 1972 3401 2025 σέσωσται
3440 1969 3573 2039 μετά
3602 1970 3789 2034 πόνου,

2204 2069 2299 2121 καὶ
2356 2069 2638 2138 μονονουχὶ
2689 2067 2907 2137 φροντὶς
2949 2066 3139 2135 γέγονε
3202 2064 3297 2118 καὶ
3338 2067 3449 2125 τοῖς
3488 2065 3545 2115 ἐν
3578 2059 3791 2132 οὐρανῷ

2202 2156 2458 2226 ἀγγέλοις
2502 2159 2534 2225 ἡ
2581 2156 2669 2209 ἐπ’
2705 2156 2852 2226 αύτῷ
2897 2155 3163 2226 λύτρωσίς
3194 2172 3251 2207 τε
3286 2153 3380 2207 καὶ
3423 2152 3601 2223 χάρις.
3644 2150 3789 2222 Ἔφη

2204 2247 2418 2313 τοίνυν,
2455 2247 2535 2300 δτι
2577 2246 2827 2299 τεθέαται
2879 2246 2976 2316 μὲν
3017 2246 3226 2298 ἑστῶτα
3265 2245 3354 2297 τὸν
3391 2244 3641 2311 ἄγγελον,
3686 2240 3794 2313 πρὸ

2204 2342 2498 2413 προσώπου
2531 2340 2587 2393 δὲ
2626 2338 2789 2393 αὑτοῦ
2836 2339 2923 2392 τὸν
2972 2337 3181 2408 Ἰησοῦν
3227 2337 3320 2389 τὸν
3371 2334 3649 2397 Ἰωσεδὲκ,
3698 2333 3790 2385 τὸν

2204 2434 2356 2505 ἱερέα
2383 2432 2474 2485 τὸν
2513 2431 2706 2501 μέγαν.
2736 2431 2845 2484 Καὶ
2884 2430 2912 2482 ό
2949 2430 3048 2498 μὲν
3074 2428 3304 2496 ἄγγελος
3342 2428 3421 2489 εἰς
3477 2426 3660 2479 εἰκόνα
3699 2423 3793 2477 καὶ

2206 2524 2379 2578 τύπον
2415 2525 2654 2593 εἱστήκει
2680 2520 2947 2592 Χριστοῦ⁹
2992 2521 3020 2572 6
3067 2519 3122 2572 δέ
3156 2535 3218 2588 γε
3253 2519 3431 2590 ἱερεὺς
3478 2517 3693 2588 νοηθείη
3725 2514 3793 2570 ἂν

2205 2616 2328 2672 ἀντὶ
2372 2615 2575 2677 παντὸς
2609 2614 2700 2669 τοῦ
2735 2613 2865 2667 λαοῦ
2890 2630 2904 2645 ο
2939 2612 3273 2682 λαμϐάνεται
3311 2610 3423 2682 γὰρ
3450 2610 3592 2664 οὓτω
3641 2610 3791 2681 παρὰ

2204 2707 2326 2769 ταῖς
2367 2706 2541 2769 Θείαις
2572 2705 2836 2776 Γραφαίς.
2865 2703 2974 2756 Kal
3005 2702 3135 2771 γοῦν
3161 2701 3262 2771 ἔφη
3298 2718 3397 2754 που
3423 2700 3557 2771 πρὸς
3585 2702 3791 2755 Μωσέα

2205 2798 2375 2861 Θεός·
2415 2816 2434 2849 ι
2492 2797 2602 2851 Καὶ
2653 2796 2760 2849 ἰδοὺ
2807 2795 2918 2864 ἐγὼ
2965 2796 3162 2864 εἴληφα
3214 2798 3341 2857 τοὺς
3389 2795 3620 2857 Δευῖτας
3670 2795 3792 2847 ἀντὶ

2203 2890 2419 2942 πάντων
2448 2887 2557 2940 τῶν
2591 2887 2722 2939 υἱῶν
2759 2885 2992 2956 Ἰσραὴλ,
3020 2884 3158 2954 δόμα
3188 2884 3459 2953 δεδομένοι
3484 2884 3589 2936 εἰσί
3619 2900 3729 2952 μοι.
3765 2902 3784 2935 ι

2208 2977 2467 3047 Ἔρχεται
2508 2975 2573 3048 δὴ
2603 2972 2695 3029 οῦν
2727 2977 2757 3028 6
2785 2974 2942 3043 λόγος
2974 2976 3105 3045 ἡμῖν
3139 2974 3239 3026 οὐκ
3290 2973 3398 3027 ἀπὸ
3448 2972 3650 3025 σκοποῦ
3695 2971 3791 3024 τοῦ

2208 3069 2538 3140 πρέποντος,
2574 3068 2695 3121 ἀντί
2728 3066 2930 3129 παντὸς
2969 3065 3063 3118 τοῦ
3102 3062 3232 3117 λαοῦ
3266 3064 3357 3116 τὸν
3392 3063 3540 3134 ἱερέα
3573 3062 3799 3131 δεχομέ-

2203 3175 2333 3219 νοις.
2388 3156 2606 3228 Ἐπειδὴ
2648 3156 2758 3226 γάρ
2790 3156 3012 3225 γέγονεν
3049 3157 3077 3208 6
3128 3153 3347 3224 Ἰσραήλ
3391 3156 3455 3207 ἐκ
3498 3154 3799 3223 προσώπου

2200 3246 2359 3311 Θεοῦ,
2412 3246 2789 3318 λελατρευκὼς
2836 3246 3100 3309 εἰδώλοις,
3147 3247 3237 3299 καὶ
3288 3246 3450 3298 αὑτὸν
3496 3246 3551 3299 δὲ
3586 3246 3676 3298 τὸν
3706 3246 3798 3301 διὰ

2202 3340 2449 3403 Μωσέως
2492 3340 2766 3410 ἀτιμήσας
2796 3338 2982 3408 νόμον,
3013 3331 3131 3388 εἶτα
3164 3335 3548 3406 πληρωθείσης
3576 3336 3672 3404 τῆς
3705 3338 3795 3387 ἐπ’

2202 3432 2353 3501 αύτῴ
2393 3433 2607 3494 δικαίας
2648 3431 2838 3501 ὀργῆς,
2872 3429 3095 3499 ἡλέηται
3132 3428 3284 3499 παρά
3327 3428 3483 3489 Θεοῦ,
3529 3428 3796 3497 κέκληταί

2202 3540 2262 3575 τε
2307 3522 2467 3576 πάλιν
2516 3524 2596 3584 εἰς
2636 3521 2760 3589 om
2807 3520 2995 3572 αὐτοῦ.
3047 3521 3155 3573 Ka‘t
3203 3519 3384 3586 τοῦτο,
3430 3516 3604 3588 οἶμαι,
3643 3520 3792 3572 ἐστὶν

2204 3611 2619 3683 αἰνιγματωδῶς
2661 3612 2722 3664 τὸ
2754 3612 2977 3664 ἑστάναι
3026 3611 3115 3663 τὸν
3163 3611 3311 3681 ἱερέα
3360 3610 3466 3681 πρὸ
3498 3609 3791 3681 προσώπου

2204 3705 2439 3772 ἀγγέλου
2472 3703 2697 3773 Κυρίου.
2761 3703 2846 3755 Ἐν
2885 3704 3020 3772 ὀργῇ
3074 3703 3173 3773 μὲν
3211 3702 3320 3773 γὰρ
3360 3703 3793 3773 ἁποστρέερεται,

2205 3796 2300 3850 καὶ
2326 3795 2652 3865 ἀποκομίζει
2674 3794 2803 3857 τοὺς
2837 3795 3152 3864 ὀφθαλμοὺς
3184 3794 3291 3847 τῶν
3322 3794 3591 3847 εἰωθότων
3620 3812 3794 3847 κατα-

2206 3890 2422 3958 φρονεῖν
2444 3902 2458 3917 ⁶
2492 3886 2776 3957 οἰκτείρων
2802 3902 2865 3953 γε
2902 3885 3007 3955 μὴν
3038 3885 3210 3955 ἐφορᾷ
3241 3885 3335 3937 καὶ
3378 3885 3791 3939 ἐπισκέπτεται.

2205 3980 2317 4035 Καὶ
2343 3978 2472 4047 γοῦν
2501 3980 2529 4031 ό
2558 3977 2843 4039 θεσπέσιος
2872 3976 3173 4046 Ψαλμῳδδς
3206 3978 3569 4047 προσηύχετο,
3587 3976 3758 4046 λέγων
3776 3991 3795 4006 ο

2212 4091 2231 4123 ι
2279 4072 2369 4142 Μὴ
2406 4068 2758 4141 ἀποστρέψῃς
2787 4069 2846 4121 τδ
2887 4067 3180 4137 πρόσωπόν
3230 4085 3323 4120 σου
3374 4069 3467 4121 ἀπ’
3504 4068 3659 4136 ἐμοῦ,
3696 4069 3791 4122 καὶ

2213 4163 2289 4234 μὴ
2312 4160 2567 4234 ἐκκλίνῃς
2595 4163 2652 4213 ἐν
2681 4161 2821 4230 ὀργῇ
2858 4159 2967 4212 ἀπὸ
2989 4158 3086 4211 τοῦ
3116 4156 3302 4212 δούλου
3336 4176 3448 4211 σου.
3488 4179 3505 4210 ι
3538 4161 3646 4212 Kal
3686 4160 3793 4213 πά-

2208 4255 2290 4307 λιν
2310 4272 2323 4286 ·
2363 4273 2381 4305 ι
2428 4250 2749 4320 Ἐπίὃλεψον
2771 4249 2857 4302 ἐπ’
2884 4250 3004 4320 ἐμὲ,
3032 4250 3126 4303 καὶ
3156 4250 3377 4319 ἐλέησόν
3408 4268 3495 4321 με.
3533 4270 3551 4303 ι
3596 4251 3733 4305 Ἀλλ’
3760 4254 3789 4304 6

2215 4345 2314 4415 μὲν
2354 4344 2515 4411 φύσει
2554 4342 2786 4412 χρηστὸς
2820 4340 2915 4393 καὶ
2962 4340 3354 4411 φιλοικτίρμων
3402 4342 3529 4405 Θεὸς
3564 4341 3790 4412 ἠλευθέ-

518 4436 661 4505 quod
696 4436 911 4506 quidem
939 4436 1007 4490 ad
1042 4435 1323 4492 arbitrium
1360 4450 1425 4491 ac
1462 4435 1794 4491 voluntatem
1830 4436 1998 4504 ipsius
2023 4445 2105 4488 at-

2212 4452 2309 4506 ρου
2354 4435 2452 4503 τῆς
2482 4433 2754 4504 ἁμαρτίας
2788 4432 2877 4485 τὸν
2921 4431 3153 4503 Ἰσραήλ.
3198 4430 3256 4484 ὐ
3282 4434 3338 4487 δέ
3372 4450 3434 4502 γε
3476 4437 3554 4497 εἰς
3585 4435 3790 4505 ταύτην
3846 4428 3851 4431 ⁷

520 4530 747 4596 tiuebat,
779 4528 1231 4592 misericordiam,
1258 4535 1315 4581 ut
1352 4527 1589 4596 peccatis
1612 4526 1847 4581 obnoxio
1886 4535 1940 4582 et
2000 4526 2102 4580 im-

521 4619 740 4690 pietatis
770 4617 1089 4674 criminibus
1140 4617 1353 4673 irretito
1399 4627 1455 4672 et
1481 4617 1680 4673 nullius
1713 4616 1883 4687 frugis
1937 4617 2101 4672 tribui

463 4772 469 4780 ,
522 4726 629 4766 non
669 4710 870 4765 siuens.
909 4727 929 4761 ι
956 4709 1149 4764 Stabat
1176 4709 1345 4775 enim,
1372 4708 1574 4776 inquit,
1597 4722 1663 4761 ac
1686 4707 1895 4763 dextris
1925 4706 2099 4776 ejus,»

452 4799 470 4811 ’
521 4800 756 4872 quodam
815 4800 975 4856 modo
1014 4801 1235 4856 dextera
1262 4799 1590 4854 destructis:
1628 4812 1732 4851 non
1776 4799 1919 4851 enim
1970 4798 2104 4854 sini-

523 4904 664 4949 stras
693 4909 780 4949 res
811 4902 1043 4957 nostras,
1080 4892 1175 4947 sed
1209 4890 1431 4945 dextras
1453 4955 1459 4961 .
1481 4897 1536 4944 et
1591 4889 1884 4945 laudabiles
1936 4905 2106 4960 oppu-

519 4995 668 5055 gnat.
696 4984 805 5040 Iloc
831 4983 1125 5053 contigisse
1147 4983 1364 5038 cuidam
1426 4981 1479 5035 in
1512 4980 1787 5036 Christum
1816 4982 2105 5051 impiorum

521 5076 711 5131 beatus
747 5076 913 5129 David
953 5073 1219 5128 sentiebat
1268 5070 1455 5124 dicens
1488 5087 1501 5122 :
1532 5088 1551 5121 ι
1609 5070 1863 5125 Diabolus
1924 5081 2032 5126 stet
2073 5088 2106 5126 a

524 5166 727 5221 dextris
766 5166 881 5233 ejus
912 5165 1013 5219 τί.»
1056 5158 1461 5215 Adversabatur
1492 5175 1619 5231 ergo
1666 5160 1899 5215 Satanas
1938 5179 1951 5216 :
2008 5164 2104 5217 sed

521 5254 697 5322 angeli
730 5268 860 5308 voce
896 5250 1292 5320 increpabatur.
1322 5246 1540 5301 Au'divit
1597 5251 1738 5303 enim
1776 5251 2041 5305 dicentem
2080 5271 2093 5306 :

526 5362 548 5395 ι
587 5342 829 5414 lncrepet
858 5342 1116 5396 Dominus
1165 5340 1216 5393 in
1247 5348 1319 5402 te,
1356 5339 1587 5407 diabolo,
1621 5352 1678 5395 et
1706 5341 1946 5409 increpet
1992 5342 2099 5395 Do-

528 5436 702 5490 minus
736 5438 787 5489 in
818 5444 887 5497 te,
918 5432 1010 5502 qui
1036 5432 1196 5503 elegit
1232 5431 1588 5487 Jerusalem.»
1631 5432 1927 5487 Considera
1952 5434 2095 5488 enim

519 5525 792 5592 quomodo
838 5523 980 5578 illico
1024 5523 1132 5578 Deo
1180 5522 1432 5577 infestum
1472 5532 1525 5577 et
1579 5525 1830 5592 superuis
1876 5524 2097 5578 calculis

593 5703 640 5737 ⁸⁸
663 5703 829 5760 Num.
865 5718 945 5771 ιιι,
977 5704 1147 5770 9,10.
1227 5703 1272 5736 ⁶⁹
1304 5701 1446 5760 Psal.
1478 5718 1622 5769 xxvi,
1654 5701 1705 5759 9.
1784 5702 1828 5735 ⁷ο
1854 5702 2002 5759 Psal.
2034 5718 2181 5770 xxiv,
2221 5704 2306 5759 l6.

2210 4522 2567 4597 ἐμϐεϐληκὼς
2614 4525 2881 4587 Σατανᾶς,
2930 4524 3171 4594 εἱστήκει
3221 4524 3382 4577 πάλιν
3420 4527 3790 4597 ἀντικείμενός

2208 4633 2267 4670 τε
2301 4617 2397 4669 καὶ
2446 4614 2758 4681 ἀντεξάγων
2799 4616 2967 4687 αὐτῷ,
3004 4617 3099 4670 καὶ⁹
3144 4617 3528 4686 καταγορεύων
3560 4618 3659 4678 ἔτι.
3694 4619 3791 4671 καὶ

2208 4707 2330 4760 ὅσον
2354 4707 2478 4777 ἥκει
2507 4708 2680 4759 εἰπεῖν
2713 4707 2794 4769 εἰς
2826 4705 2887 4758 τὸ
2911 4704 3059 4775 αὑτῷ
3084 4705 3295 4768 δοκοῦν,
3320 4707 3790 4779 κατοικτείρεσθαι

2222 4796 2298 4867 μὴ
2331 4797 2531 4865 ἀφιεὶς,
2576 4796 2652 4858 ὡς
2673 4796 2731 4849 ἐν
2753 4795 3205 4869 πλημμε).[ε]ίαις
3229 4797 3378 4862 ὄντα,
3409 4799 3503 4853 καί⁸
3546 4802 3656 4860 τοῖς
3688 4799 3789 4869 τῆς

2205 4890 2524 4954 δυσσεϐείας
2556 4890 2896 4959 ἐγκλήμασιν
2925 4890 3264 4960 ἐνεχόμενον,
3290 4893 3383 4944 καὶ
3407 4890 3557 4944 οὐδὲν
3597 4891 3788 4961 ἔχοντα

2205 4982 2397 5046 δεξιόν.
2426 4982 2685 5052 Εἰστήκει
2717 4981 2846 5054 γὰρ,
2878 4983 3065 5051 φησιν,
3108 4983 3171 5034 ἐκ
3208 4982 3396 5046 δεξιῶν
3432 4982 3618 5048 αὑτοῦ,
3662 4984 3789 5055 τρό-

2208 5091 2308 5127 πον
2347 5072 2469 5125 τινά
2506 5072 2799 5144 παραλύων
2826 5072 2892 5125 τὰ
2917 5072 3100 5139 δεξιά·
3132 5073 3360 5143 πολεμεῖ
3382 5072 3491 5143 γὰρ
3518 5074 3638 5144 οὐχὶ
3676 5078 3788 5139 τοῖς

2209 5167 2418 5228 σκαιοῖς
2470 5164 2627 5235 ήμῶν
2682 5164 3022 5235 πράγμασιν,
3079 5164 3215 5217 ἀλλά
3267 5167 3378 5228 τοῖς
3430 5164 3623 5228 δεξιοῖς
3690 5167 3787 5219 καὶ

2202 5254 2640 5323 ἐπαινουμένοις.
2666 5254 2937 5326 Τ[οι]οῦτό
2960 5272 3013 5307 τι
3052 5255 3241 5307 παθεῖν
3271 5257 3514 5326 ἐπηρᾶτό
3540 5274 3659 5308 τινα
3678 5256 3787 5309 τῶν

2201 5346 2281 5408 εἰς
2309 5344 2543 5416 Χριστὸν
2586 5345 3057 5417 δεδυσσεδηκότων
3108 5350 3134 5399 6
3186 5348 3454 5418 μακάριος
3486 5349 3667 5411 Δαὸὶδ,
3698 5348 3788 5399 λέ-

2199 5452 2313 5503 γων
2333 5452 2345 5463 ·
2385 5454 2403 5487 ι
2441 5436 2550 5488 Καὶ
2578 5436 2823 5501 διάϐολος
2846 5440 3025 5508 στήτω
3046 5441 3109 5492 ἐκ
3132 5439 3320 5505 δεξιῶν
3351 5440 3535 5493 αὑτοῦ.
3580 5459 3598 5492 ι
3640 5441 3789 5492 Ἀντο

2201 5524 2380 5578 έκειτο
2417 5526 2596 5580 τοίνυν
2625 5529 2652 5580 6
2681 5529 2948 5592 Σατανᾶς,
2982 5529 3120 5600 πλὴν
3149 5532 3444 5601 ἐπετιμᾶτο
3482 5531 3567 5585 διά
3602 5530 3785 5602 φωνῆς

2383 5706 2423 5735 ⁷¹
2458 5704 2599 5758 l’sal.
2633 5720 2783 5773 cun,
2812 5711 2863 5763 6.
