4130 6480
387 319 466 376 65
1218 316 1773 375 COMMENTARIUS
1809 317 1877 375 IN
1918 315 2321 384 ZACHARIAM
2363 321 2810 380 PIIOPHETAM.
3624 333 3696 390 ιη

387 431 1012 505 ἀγγέλουΧΠκουεηγάρ
1037 434 1311 504 λέγοντος·
1346 455 1364 488 ι
1406 435 1764 507 Ἐπιτιμήσαι
1793 436 1985 508 Κύριος

2101 436 2266 508 impie
2283 439 2638 497 obsistentem
2657 441 2978 499 ostenderit.
2999 441 3110 500 Deo
3134 442 3400 514 siquidem
3431 447 3695 504 miseran-

387 523 450 578 δν
503 525 610 588 σοὶ,
665 522 904 589 διάϐολε,
952 525 1048 580 καὶ
1095 527 1424 599 ἐπιτιμῆσαι
1478 526 1685 601 Κύριος
1723 530 1781 583 ὲν
1825 529 1930 589 σοὶ.
1965 531 1995 584 ὀ

388 614 760 686 ἐκλεξάμενος
799 615 901 687 τὴν
943 616 1324 690 Ἰερουσαλήμ.
1375 637 1394 671 ι
1439 618 1632 692 Ἀθρει
1665 621 1795 692 γὰρ,
1843 621 1992 684 ὅπως

389 710 662 782 θεομάχον
690 708 894 774 ἔδειξεν
916 709 1103 778 εὐθὺς,
1145 711 1240 765 καὶ
1273 713 1393 776 ταῖς
1411 711 1621 765 ἀνωθεν
1665 711 1870 782 ψήφοις
1898 713 1991 766 άν-

387 804 556 868 οσίως
607 803 1072 874 ἀντιπράττοντα.
1133 801 1274 857 Θεοῦ
1319 803 1430 875 γάρ
1485 803 1852 877 οίκτεῖροντος
1896 805 1992 859 καὶ

387 894 834 958 ἀπαλλάττοντος
880 893 982 966 ἠδη
1034 893 1420 966 πλημμελείας
1451 895 1543 949 τὸν
1590 895 1831 967 Ἰσραὴλ,
1879 897 1992 950 είσ-

389 985 689 1057 δεξαμένου
717 1003 778 1039 τε
812 987 908 1040 καὶ
938 985 1239 1040 ἀπόλεκτον
1265 986 1364 1058 ήδη
1399 987 1722 1058 ποιουμένου
1758 987 1855 1059 τὴν
1895 988 1992 1042 Ἰεη

388 1077 700 1150 ρουσαλὴμ.
743 1076 1070 1150 κατηγορῶν
1099 1078 1160 1132 οὐ
1208 1077 1463 1144 παύεται,
1499 1079 1594 1133 καὶ
1641 1081 1992 1152 κατακρίνειν

386 1174 680 1246 ἀποτολμᾷ
727 1174 855 1238 τοὺς
903 1172 1262 1244 ἠλεημένους.
1310 1170 1537 1232 Οὐκοῦν,
1566 1170 1864 1242 ἀκόρεστον
1910 1174 1992 1236 είς

387 1266 564 1336 ὀργὰς
589 1265 860 1336 διελέγχει
887 1263 954 1337 δὴ
982 1264 1159 1333 λέγων
1180 1279 1193 1294 ·
1229 1282 1248 1316 s
1302 1263 1417 1317 Οὐκ
1453 1262 1566 1316 ίδοὺ
1596 1261 1754 1316 τοῦτο
1777 1262 1855 1327 ὡς
1882 1263 1991 1318 δα-

386 1356 480 1420 λὸς
525 1357 936 1428 ὲξεσπασμένος
976 1359 1042 1411 ὲκ
1077 1357 1285 1427 πυρός;
1340 1374 1360 1408 s
1399 1355 1627 1424 Ὅμοιον
1674 1355 1786 1426 γὰρ
1824 1354 1901 1419 ὡς
1941 1357 1990 1409 εί

385 1447 540 1517 λέγοι
579 1450 742 1520 τυχόν
763 1465 778 1478 ·
813 1448 1294 1521 Πεπλημμέληκεν
1320 1446 1773 1519 ὁμολογουμένως
1819 1449 1849 1501 ό
1889 1449 1993 1502 Ἰσ-

389 1541 553 1613 ραὴλ,
580 1543 676 1597 καὶ
708 1545 830 1607 ταῖς
858 1545 977 1604 σαῖς
997 1541 1340 1612 φιλοψογίαις
1367 1541 1744 1612 ἐπεσχημένος
1767 1540 1986 1612 ὁρᾶται.

384 1636 536 1708 Πλὴν
561 1635 808 1690 ἔκτέτικε
845 1635 1004 1700 δίκας
1031 1637 1092 1690 οὑ
1123 1635 1384 1706 μετρίως,
1421 1633 1620 1704 ἀνέτλη
1648 1632 1747 1696 τὰς
1773 1650 1987 1704 συμφο-

385 1729 514 1799 ρὰς,
549 1730 646 1782 καὶ
671 1727 986 1798 ἐξεσπάσθη
1018 1726 1194 1798 μόλις,
1229 1727 1307 1791 ὡς
1340 1728 1405 1780 ὲκ
1444 1725 1620 1798 πυρὸς
1655 1725 1813 1789 δαλὸς
1850 1728 1984 1798 ἠμί-

2105 540 2159 585 te
2174 539 2228 585 et
2261 529 2520 588 Israelem
2529 533 2646 604 jam
2665 534 2900 604 peccatis
2928 534 3612 609 exsolvente,eligeuthue
3634 551 3692 596 et

2099 622 2328 678 electam
2392 625 2651 682 reddente
2712 625 3051 696 Jerusalem,
3083 643 3342 686 accusare
3391 632 3558 706 67‘.
3587 649 3694 691 non

2101 731 2311 784 cessat,
2356 728 2414 776 et
2447 719 2878 778 misericordiam
2925 723 3152 792 adeptos
3186 725 3451 782 damnare
3507 729 3689 784 audet.

2098 806 2277 876 Quare
2295 809 2414 880 ejus
2444 811 2823 882 inexplebilem
2875 813 3012 870 iram
3049 814 3346 888 redarguit,
3397 817 3694 888 inquiens:

2103 918 2121 952 ι
2162 899 2354 957 Nonne
2382 916 2512 958 ecce
2549 904 2655 960 hoc
2705 916 2768 960 ut
2826 909 2990 963 torris
3029 917 3310 967 extractus
3347 925 3414 967 ex
3459 912 3631 984 igne?
3672 934 3690 968 ι

2099 987 2334 1045 Perinde
2386 1001 2471 1047 est
2529 993 2674 1048 enim
2735 1010 2800 1050 ac
2840 997 2884 1051 si
2921 997 3067 1052 dicat
3123 999 3400 1058 fortasse:
3441 1001 3694 1060 Peccavit

2096 1079 2263 1138 Israel
2327 1083 2652 1152 manifesto,
2709 1098 2764 1144 et
2825 1091 2932 1145 tuis
2991 1090 3465 1150 criminationibus
3523 1098 3696 1152 teneri

2096 1177 2328 1231 videtur.
2363 1179 2614 1233 Attamen
2648 1195 2756 1234 non
2797 1181 3143 1238 mediocriter
3171 1184 3392 1254 punitus
3418 1196 3528 1253 est,
3551 1188 3697 1244 cala-

2098 1267 2315 1323 mitates
2337 1270 2616 1338 sustinuit,
2647 1282 2702 1327 et
2737 1273 2824 1327 vis
2861 1282 2922 1328 ut
2951 1275 3115 1330 torris
3147 1277 3441 1334 semiustus
3468 1280 3536 1335 ab
3571 1282 3696 1352 igne

2095 1368 2372 1416 extractus
2399 1373 2486 1418 est
2517 1381 2531 1418 :
2559 1365 2641 1420 sic
2660 1365 2806 1420 enim
2841 1365 3175 1435 captivitatis
3229 1369 3688 1429 detrimentorum

2093 1462 2150 1509 et
2181 1453 2644 1512 incommodorum
2696 1459 2851 1530 quasi
2892 1459 3180 1531 imaginem
3219 1460 3452 1518 eiliuxit.
3510 1465 3691 1531 Matio,

2094 1553 2149 1602 et
2177 1561 2324 1614 αισι-ε
2341 1549 2560 1617 quidem
2600 1551 2937 1620 gravissima!
2972 1567 3228 1609 aerumnae
3271 1553 3692 1612 ﬂammameﬂu-

2095 1640 2194 1710 git.
2238 1641 2437 1697 Desine
2477 1642 2641 1712 igitur
2683 1643 3059 1699 misericordia
3122 1645 3374 1716 dignatus
3401 1657 3688 1706 accusare:

2099 1752 2118 1786 ι
2161 1734 2304 1790 Deus
2341 1735 2488 1790 enim
2540 1737 2585 1791 si
2625 1734 2924 1806 justiticat,
2975 1737 3101 1807 quis
3151 1746 3238 1794 est
3289 1739 3381 1810 qui
3433 1740 3693 1794 condent-

385 1820 623 1891 φλεκτος
643 1837 658 1851 ’
684 1818 830 1874 οὕτω
860 1820 972 1892 γὰρ
1004 1820 1072 1875 τὰ
1099 1821 1166 1873 ὲκ
1211 1820 1312 1890 τῆς
1352 1817 1731 1890 αἰχμαλωσίας
1758 1819 1984 1873 ἀπεικο-
2017 1819 2060 1873 Β
2091 1834 2181 1876 net
2197 1824 2290 1876 "il
2325 1842 2343 1874 ι

381 1914 580 1967 νίσατο
619 1913 813 1985 βλάϐη.
860 1915 1019 1986 Ἀρτι
1054 1912 1150 1967 καὶ
1194 1911 1349 1983 μόλις
1382 1912 1482 1982 τῆς
1523 1911 1828 1982 ἀνηκέστου
1875 1913 2256 1988 ταλαιπωρίας
2299 1917 2482 1988 διέδρα
2535 1917 2636 1988 τὴν
2683 1916 2878 1987 φλόγα.
2940 1918 3154 1974 Παῦσαι
3209 1917 3276 1992 δὴ
3317 1914 3411 1976 οὖν
3438 1919 3692 1990 ἐγκαλῶν

376 2011 499 2072 τοῖς
530 2008 890 2080 ἡλεημένοις·
927 2025 946 2059 t
984 2005 1116 2070 Θεὸς
1141 2007 1250 2078 γάρ
1284 2008 1314 2060 ό
1355 2006 1604 2071 δικαιῶν,
1635 2006 1720 2070 τίς
1759 2008 2196 2080 ὁκατακρίνωνς
2245 2029 2265 2063 s

459 2097 574 2154 Καὶ
625 2098 865 2165 Ἰησοῦς
901 2093 980 2168 ἦν
1027 2096 1431 2166 ἐνδεδυμένος
1483 2096 1685 2166 ἱμάτια
1719 2098 1986 2167 ῥυπαρὰ,

377 2186 483 2246 καὶ
546 2189 819 2257 εἱστήκει
872 2188 988 2258 πρὸ
1032 2189 1362 2258 προσώπου
1406 2188 1516 2243 τοῦ
1567 2187 1830 2259 ἀγγέλου
1879 2190 1988 2244 τοῦ

375 2281 630 2351 Κυρίου.
662 2280 771 2336 Καὶ
809 2281 1128 2350 ἀπεκρίθη,
1160 2280 1260 2334 καί
1290 2275 1423 2334 εἷπε
1455 2281 1607 2348 πρὸς
1642 2281 1786 2348 τοὺς
1809 2281 1989 2350 ἐστηο

375 2375 571 2440 κότας
597 2373 715 2442 πρὸ
736 2371 1065 2441 προσώπου
1093 2372 1305 2438 αὐτοῦ,
1337 2371 1535 2441 λέγων
1553 2390 1567 2404 ’
1611 2372 1880 2442 Ἇφέλετε
1918 2374 1989 2428 τὰ

375 2464 588 2535 ἱμάτια
628 2466 701 2521 τὰ
731 2465 980 2535 ῥυπαρὰ
1005 2467 1107 2522 ἀπ’
1140 2465 1351 2520 αὑτοῦ.
1387 2465 1498 2520 Kal
1539 2461 1672 2520 εἷπε
1704 2465 1857 2534 πρὸς
1884 2468 1990 2520 αὺ-

376 2559 528 2614 τόν·
580 2560 727 2615 Ἰδοὺ
757 2561 1043 2630 ἀφῄρηκα
1075 2560 1183 2627 τὰς
1215 2559 1472 2629 ἀνομίας
1505 2575 1645 2614 σου.
1675 2559 1786 2614 Kal
1813 2559 1989 2614 ἐνδύ-

375 2667 537 2706 σατε
563 2652 753 2708 αὐτὸν
781 2652 1038 2722 ποδήρη,
1068 2652 1166 2706 καὶ
1191 2653 1427 2707 ἐπίθετε
1457 2651 1695 2721 κίδαριν
1717 2653 1988 2722 καθαρὰν

372 2746 484 2802 ἐπὶ
514 2745 634 2815 τὴν
663 2745 947 2816 κεφαλὴν
983 2745 1194 2800 αὐτοῦ.

455 2834 567 2888 IH'.
609 2833 1056 2906 Παραδεχθέντος
1082 2832 1233 2898 ἀπαξ
1262 2833 1342 2898 εἰς
1370 2832 1430 2887 τὸ
1461 2833 1663 2898 παντὸς
1707 2832 1802 2887 τοῦ
1853 2831 1984 2887 λαοῦ

376 2923 683 2992 πρόσωπον
728 2922 824 2976 τοῦ
874 2923 1132 2994 λαχόντος
1157 2924 1486 2995 ἱερουργεῖν,
1516 2922 1732 2994 ἀπόχρη
1771 2922 1984 2986 λοιπὸν,

377 3013 640 3084 καθάπερ
687 3006 926 3082 ἐγῷμαι,
961 3012 1217 3068 τοσοῦτον
1276 3013 1472 3076 εἰπεῖν,
1501 3013 1585 3066 ὅτι
1634 3013 1704 3066 τὰ
1761 3012 1987 3084 ῥυπαρά

377 3103 660 3174 σύμϐολον
709 3106 778 3158 ἂν
824 3099 940 3158 εἷεν
985 3105 1086 3158 οὐκ
1137 3103 1460 3175 ἀσυμφανὲς
1503 3103 1605 3174 τῆς
1641 3104 1987 3174 ἀκαθαρσίας

375 3197 477 3250 τοῦ
531 3195 685 3252 λαοῦ.
724 3197 1231 3269 Κατημφιεσμένοι
1279 3196 1390 3268 γὰρ
1437 3196 1628 3268 ὥσπερ
1656 3199 1781 3261 ταῖς
1835 3196 1986 3266 σφῶν

375 3287 568 3344 αὐτῶν
613 3289 915 3361 ἁμαρτίαις
941 3332 957 3356 ,
1009 3291 1104 3344 καὶ
1154 3289 1558 3344 δυσαπόνιπτον
1623 3287 1840 3358 ἔχοντες
1885 3293 1987 3362 τῆς

2169 2102 2332 2160 Vens.
2356 2102 2474 2158 5-5.
2511 2099 2583 2155 Et
2615 2103 2774 2157 Iesus
2797 2113 2908 2157 erat
2933 2103 3150 2158 indutus
3184 2104 3410 2160 uestibus
3429 2107 3686 2170 sordidis.

2088 2203 2139 2247 et
2167 2195 2338 2247 stabat
2369 2206 2488 2248 ante
2517 2194 2708 2263 facient
2758 2195 2932 2264 angeli
3006 2193 3240 2251 Domini.
3303 2193 3372 2250 Et
3423 2199 3688 2267 respondit

2091 2286 2356 2358 (angelus)
2372 2297 2421 2341 et
2451 2288 2584 2340 dixit
2602 2290 2672 2340 ad
2701 2303 2789 2341 eos
2811 2290 2903 2356 qui
2914 2286 3126 2341 stabant
3153 2299 3275 2344 ante
3289 2289 3479 2359 faciem
3508 2307 3684 2354 suam,

2089 2376 2267 2431 dicens
2293 2395 2312 2434 :
2340 2377 2556 2447 Auferte
2619 2378 2930 2432 uestimenta
2961 2378 3182 2432 sordida
3211 2379 3280 2432 ab
3326 2395 3411 2434 eo.
3455 2380 3524 2434 Et
3547 2381 3686 2435 dixit

2088 2470 2159 2522 ad
2193 2485 2317 2528 eum
2347 2483 2366 2522 :
2393 2467 2532 2524 Ecce
2561 2470 2757 2524 abstuli
2819 2470 3134 2540 iniquitates
3174 2480 3317 2526 tuas.
3375 2470 3444 2528 Et
3481 2472 3688 2527 induite

2085 2575 2208 2614 eum
2260 2570 2394 2614 veste
2421 2561 2601 2628 talari,
2633 2569 2685 2615 et
2715 2560 2963 2628 imponite
2985 2559 3208 2614 cidarim
3237 2561 3488 2615 mundam
3532 2578 3689 2631 super

2089 2660 2244 2720 caput
2281 2648 2416 2720 ejus.

2161 2828 2347 2885 XVIII.
2379 2829 2674 2899 Assumpto
2703 2828 2876 2885 semel
2896 2828 3182 2884 sacerdote
3205 2829 3272 2884 ad
3301 2829 3468 2886 totius
3503 2833 3687 2902 populi

2089 2935 2376 2991 personam
2441 2919 2960 2990 repraesentandam,
3011 2919 3150 2974 satis
3188 2929 3294 2986 est,
3324 2933 3384 2977 ut
3409 2924 3685 2992 existimo,

2086 3014 2345 3085 deinceps
2394 3014 2500 3068 hoc
2559 3022 2768 3067 tantum
2827 3013 3030 3079 dicere,
3079 3013 3297 3069 sordida
3361 3017 3685 3074 vestimenta

2087 3106 2392 3178 symbolum
2412 3107 2526 3161 sive
2555 3105 2814 3160 indicium
2853 3118 2977 3160 esse
3006 3119 3166 3175 posse
3203 3104 3343 3160 haud
3375 3110 3687 3180 ambiguum

2090 3198 2447 3254 immunditia:
2481 3196 2684 3267 p0puli.
2715 3195 2888 3264 Quasi
2917 3197 3064 3252 enim
3115 3199 3355 3268 peccatis
3395 3199 3509 3255 suis
3555 3216 3689 3256 con-

2091 3289 2269 3346 restiti
2302 3297 2359 3346 ct
2391 3289 2692 3359 impietatis
2717 3287 2963 3344 maculas
2987 3288 3075 3343 vix
3105 3287 3366 3345 eluendas
3400 3289 3684 3356 habentes,

376 3381 641 3446 ἀσεϐείας
679 3381 772 3435 τὸν
807 3381 1022 3452 μῶμον,
1053 3380 1326 3435 διετέλουν
1359 3383 1419 3435 ὲν
1461 3380 1833 3454 αίχμαλωσίᾳ,
1869 3398 1985 3436 ποια

2101 3383 2468 3452 captivitatem
2507 3380 2835 3447 tolerabant,
2863 3381 3100 3437 miseriis
3140 3381 3372 3453 subjecti
3396 3389 3452 3439 et
3478 3383 3688 3441 nefarie

376 3475 501 3536 ναῖς
533 3471 993 3542 ὑπενηνεγμένοι,
1012 3473 1109 3526 καὶ
1136 3473 1246 3527 τῶν
1272 3471 1500 3536 ἀνοσίως
1526 3473 1713 3536 αὐτοῖς
1736 3489 1802 3526 πε
1813 3473 1992 3544 πλημ-

381 3563 718 3636 μελημένων
759 3565 1148 3630 ἀποτιννύντες
1193 3564 1372 3628 δίκας.
1390 3565 1612 3636 Ἐπειδὴ
1643 3565 1702 3619 δὲ
1729 3566 1990 3640 κατηλέει

376 3656 519 3720 Θεὸς
545 3695 560 3719 ,
597 3656 1045 3712 ἀπαλλάττεσθαι
1093 3657 1194 3728 τῆς
1244 3658 1520 3730 ἁμαρτίας
1576 3659 1946 3731 προστέταχεν
1970 3700 1986 3724 ,

376 3748 806 3820 ἑλευθεροῦσθαι
846 3748 956 3803 τῶν
1001 3749 1290 3822 ῥυπαρῶν,
1340 3750 1437 3804 καῖ⁵
1481 3751 1988 3822 μεταμφιέννυσθαι

368 3841 587 3912 ⁴¹,τρόπον
616 3840 742 3894 τινὰ
774 3840 876 3912 τὴν
903 3840 1221 3895 δικαιοῦσαν
1251 3840 1434 3913 χάριν.
1465 3843 1776 3897 Κατανεύει
1799 3843 1856 3898 δὲ
1892 3844 1989 3898 αὑ-

373 3933 496 3994 τοῖς
527 3928 624 3984 τοῦ
651 3930 818 3985 πόνου
848 3930 910 3983 τὸ
937 3930 1132 4001 πέρας,
1164 3930 1260 3984 καὶ⁸
1291 3931 1402 3985 τῶν
1436 3930 1865 4004 συμϐεϐηκότων
1887 3932 1987 4005 τὴν

375 4025 745 4080 λύσιν.”οπου
795 4025 907 4096 γάρ
957 4025 1236 4098 ἁμαρτίας
1281 4027 1497 4094 ἄφεσις,
1529 4025 1720 4096 ἕψεταί
1763 4045 1866 4080 που
1892 4027 1987 4082 καὶ

373 4116 441 4170 τὸ
467 4116 914 4172 ἀπαλλάττεσθαι
942 4117 1054 4170 δεῖν
1084 4117 1196 4172 τῶν
1228 4116 1487 4188 διἀὐτὴν
1507 4118 1981 4190 ἐπενηνεγμένων.

371 4206 594 4263 Οὐκοῦν
639 4211 699 4263 ἂν
748 4208 988 4282 σχήματι
1046 4207 1183 4262 Θεοῦ
1238 4209 1354 4272 τοῖς
1407 4209 1666 4280 έστηκόσι
1716 4209 1813 4264 καὶ
1867 4209 1984 4264 λει-

371 4297 710 4370 τουργοῦσιν
756 4299 910 4372 αὐτῷ
953 4300 1325 4373 προστέταχεν
1369 4302 1398 4355 ὁ
1445 4300 1718 4373 μακάριος
1753 4301 1984 4371 ἄγγελος

370 4392 604 4461 ἀφελεῖν
635 4392 731 4446 ἀπ’
763 4391 930 4448 αὑτοῦ
965 4394 1066 4465 τὴν
1098 4394 1362 4464 ρυπῶσαν
1387 4393 1612 4467 ἐσθῆτα,
1641 4393 1735 4447 καὶ
1772 4393 1841 4464 δὴ
1890 4392 1983 4447 καί

370 4500 548 4557 φησιν
567 4501 580 4514 ·
618 4504 637 4537 ι
660 4485 792 4540 Ἰδοὺ
825 4485 1091 4558 ἀφῄρηκα
1123 4486 1222 4550 τὰς
1250 4486 1483 4559 ἀνομίας
1519 4504 1637 4543 σου.
1659 4505 1677 4538 ι
1712 4483 1844 4542 Εἶτα
1873 4485 1983 4540 δεῖν

370 4577 486 4648 ἔφη
521 4576 734 4651 ποδήρη
779 4596 840 4632 τε
893 4578 1046 4651 αὐτῷ
1081 4578 1192 4639 χαὶ
1218 4579 1436 4652 κίδαριν
1459 4577 1554 4635 ἐπὶ
1587 4581 1686 4653 τὴν
1733 4580 1982 4652 κεφαλὴν

369 4671 604 4742 δοθῆναι
649 4673 923 4746 καθαρὰν,
961 4675 1048 4728 ἵνα
1088 4675 1181 4729 διά
1224 4675 1420 4729 τούτου
1453 4674 1859 4746 νενομισμένως
1890 4673 1979 4728 ἀεί

371 4781 499 4828 πως
532 4765 804 4838 συντρέχῃ
834 4768 954 4831 ταῖς
985 4767 1096 4822 τῶν
1126 4767 1273 4822 λαῶν
1315 4768 1706 4833 καταστάσεσι,
1741 4768 1834 4821 καὶ
1877 4769 1978 4839 τῆς

372 4856 686 4929 ἱερωσύνης
730 4857 882 4922 δόξα.
916 4858 1195 4930 Καύχημα
1223 4859 1324 4930 μὲν
1355 4859 1466 4929 γὰρ
1501 4861 1614 4922 τοῖς
1641 4858 1970 4929 ἱερουργοῖς,

371 4952 408 5022 ἡ
437 4949 550 5003 τῶν
587 4947 694 5002 ὑπὸ
729 4953 890 5020 χεῖρα
918 4949 1251 5023 καθαρότης,
1278 4949 1375 5004 καὶ
1403 4951 1462 5003 ὲν
1488 4949 1766 5020 λαμπροῖς
1805 4948 1977 5019 αὐχήο

369 5058 516 5114 μασι
547 5041 609 5094 τὸ
635 5042 734 5113 τῆς
767 5042 1069 5114 ἱερωσύνης
1099 5042 1318 5113 ἔχουσιν
1347 5041 1587 5106 εὐκλεὲς,
1623 5040 1978 5110 εὐδοκιμοῦν-

366 5151 468 5196 τος
500 5132 598 5186 τοῦ
629 5132 783 5197 λαοῦ,
813 5135 910 5187 καὶ
943 5135 1264 5207 ἀμωμήτως
1297 5134 1472 5198 ἰόντος
1525 5133 1620 5186 ἐπὶ
1651 5131 1713 5184 τὸ
1745 5131 1864 5202 Θεῷ
1889 5132 1976 5184 δο-

367 5225 531 5288 κοῦν,
551 5225 648 5278 καὶ
672 5225 948 5297 τρυφερὸν
978 5225 1347 5296 ὑποφέροντος
1361 5224 1456 5278 τὸν
1471 5223 1676 5294 αὐχένα
1701 5223 1810 5285 τοῖς
1833 5239 1946 5293 παρ
1963 5221 1976 5242 ’

367 5315 545 5372 αὑτοῦ
597 5316 955 5388 θεσπίσμασι,
981 5317 1240 5389 ταύτητοι
1287 5317 1381 5370 καὶ
1425 5315 1632 5387 εὐμενῆ
1680 5314 1777 5368 καὶ
1821 5313 1974 5383 φίλον

366 5407 591 5480 ἔχοντος
627 5406 719 5461 τὸν
754 5409 980 5479 Πατέρα
1008 5407 1501 5478 Θεόν.Ἐπίκλημα
1528 5407 1585 5461 δὲ
1624 5407 1719 5461 καὶ
1757 5407 1972 5478 μῶμος,

369 5500 487 5554 τῶν
518 5497 950 5570 ὑπεζευγμένων
977 5502 1011 5572 ή
1048 5498 1312 5572 ῥᾳθυμία,
1346 5499 1522 5554 καὶτὸ
1550 5499 1976 5569 ἀπερισκέπτως

367 5586 556 5644 (εσθαι
585 5589 724 5658 πρὸς
757 5588 818 5641 τὸ
847 5589 1411 5661 πλημμελές.”Ωσπερ
1445 5588 1555 5660 γὰρ
1583 5591 1642 5643 ὲν
1676 5588 1974 5660 ἁμαρτίαις

440 5769 488 5802 τ¹
517 5766 681 5824 Rom.
729 5783 847 5828 vm.
879 5767 970 5823 54.

2093 3476 2510 3533 commissorum
2540 3489 2729 3544 poenas
2757 3476 2990 3531 luentes.
3022 3473 3314 3545 Postquam
3356 3485 3541 3532 autem
3582 3476 3688 3532 mi-

2074 3576 2276 3627 sertus
2301 3578 2388 3625 est
2419 3569 2584 3635 Deus,
2603 3583 2632 3622 a
2666 3577 2892 3638 peccato
2922 3567 3124 3623 liberos
3141 3582 3264 3624 esse
3291 3568 3588 3634 mandavit,
3627 3578 3684 3624 et

2091 3662 2218 3717 exui
2256 3660 2492 3717 sordidis
2517 3668 2574 3714 et
2600 3659 2748 3715 indui
2775 3659 2960 3729 aliquo
2995 3658 3156 3714 modo
3182 3657 3516 3730 justilicante
3555 3674 3682 3730 gra-

2093 3753 2190 3807 tia.
2230 3750 2422 3822 Iunuit,
2459 3759 2640 3804 autem
2675 3763 2838 3819 porro
2867 3728 3012 3816 ipsis
3063 3746 3311 3802 Iaborum
3341 3728 3410 3802 ‘et
3455 3728 3678 3802 casuum

2093 3846 2276 3900 linem.
2311 3842 2416 3900 Ubi
2447 3855 2684 3911 namque
2723 3839 3022 3896 remittitur
3045 3847 3351 3909 peccatum,
3385 3838 3492 3894 illic
3511 3839 3678 3896 etiant

2089 3937 2337 4008 sequitur
2359 3933 2668 3992 necessario
2694 3933 2960 3989 malorum
2987 3938 3211 4003 propter
3249 3938 3529 4002 peccatum
3590 3931 3678 3987 in-

2087 4027 2361 4084 ﬂictorum
2387 4025 2657 4097 depulsio.
2692 4023 2875 4092 Quare
2908 4023 3128 4079 nomine
3153 4023 3247 4078 Dei
3274 4020 3579 4077 astantibus
3622 4029 3681 4078 et

2089 4119 2524 4177 ministrantibus
2551 4115 2653 4186 ipsi
2689 4116 2912 4171 mandat
2965 4114 3157 4169 beatus
3213 4111 3440 4182 angelus
3459 4111 3679 4168 auferre

2087 4211 2427 4281 inquinatam
2460 4217 2690 4272 vestem,
2715 4205 3008 4276 additque:
3035 4223 3056 4256 ι
3084 4202 3225 4259 Ecce
3257 4201 3452 4258 abstuli
3475 4201 3679 4272 iniqui-

2091 4309 2227 4355 tates
2263 4307 2407 4353 tuas.
2446 4315 2467 4351 s
2500 4294 2708 4354 Deinde
2734 4295 2813 4350 ait
2839 4293 3258 4364 conperiendum
3280 4301 3432 4348 veste
3487 4291 3672 4358 talari,

2083 4401 2141 4450 et
2179 4389 2412 4449 cidarim
2439 4389 2695 4446 mundam
2721 4387 3105 4458 itnponeudam
3131 4399 3294 4454 super
3317 4391 3480 4454 caput
3529 4383 3670 4452 ejus,

2087 4493 2147 4536 ut
2171 4481 2246 4535 ita
2274 4479 2521 4550 legitime
2555 4491 2688 4533 cum
2719 4484 2864 4532 statu
2920 4475 3102 4546 populi
3152 4474 3445 4530 sacerdotii
3503 4475 3676 4544 gloria

2084 4586 2305 4641 semper
2335 4569 2637 4640 conspiret.
2665 4567 2938 4623 Gloriatio
2969 4567 3170 4636 quippe
3196 4565 3540 4620 sacerdomm
3588 4575 3678 4621 est

2084 4664 2451 4732 subjectorum
2482 4661 2779 4732 puritas.et
2802 4657 3312 4731 inuoceutia,675
3330 4669 3385 4714 et
3410 4658 3674 4714 honorem

2084 4754 2372 4813 sacerdotii
2405 4755 2487 4811 sui
2519 4752 2803 4825 splendido
2831 4751 2935 4807 sibi
2964 4761 3284 4806 ornamento
3304 4749 3530 4816 ducunt,
3547 4764 3673 4805 cum

2083 4846 2314 4918 populus
2368 4838 2545 4900 fertur
2569 4845 2841 4909 laudibus,
2872 4842 3121 4911 citraque
3179 4839 3672 4912 reprehensionem

2083 4944 2152 4996 ad
2174 4940 2269 4994 Dei
2301 4939 2636 4995 voluntatem
2691 4950 2816 4992 sese
2866 4934 3266 4998 accommodat,
3293 4930 3675 5004 delicatasque

2082 5032 2329 5089 cervices
2355 5030 2472 5098 ejus
2501 5027 2738 5085 oraculis
2758 5026 3054 5090 submittit,
3083 5032 3251 5093 atque
3286 5021 3356 5077 ob
3385 5035 3507 5076 eam
3541 5037 3675 5077 cau-

2080 5140 2198 5181 sam
2220 5124 2388 5179 Deum
2409 5121 2627 5178 Patrem
2656 5120 2890 5175 amicum
2920 5117 3022 5174 sibi
3041 5131 3107 5172 ac
3131 5111 3453 5172 benevolum
3484 5113 3670 5170 habet.

2081 5217 2282 5274 Contra
2315 5214 2644 5286 vituperatio
2671 5223 2726 5268 et
2756 5210 3051 5282 ignominia
3081 5208 3295 5265 illorum
3319 5213 3426 5276 est
3481 5203 3670 5275 subje-

2082 5320 2294 5365 ctorum
2320 5308 2658 5373 socordia,et
2681 5304 2816 5360 caeci
2847 5306 3082 5372 impetus
3107 5301 3174 5356 ad
3207 5298 3565 5370 peccandum.
3595 5295 3672 5356 Ut

2082 5404 2228 5459 enim
2252 5400 2450 5475 populo
2476 5399 2716 5471 peccatis
2739 5398 3008 5473 obstricto
3025 5395 3242 5451 sordida
3265 5389 3670 5462 quodammodo

2081 5501 2240 5548 erant
2297 5501 2352 5548 et
2405 5490 2707 5548 sacerdotis
2764 5489 3112 5552 vestimenta,
3162 5485 3241 5541 sic
3280 5481 3371 5538 ubi
3448 5495 3666 5536 rursum

2083 5583 2307 5656 probari
2333 5581 2700 5648 consueverit,
2732 5591 2928 5650 purum
2963 5576 3069 5634 erit
3097 5583 3152 5632 et
3179 5573 3532 5646 conspicuum
3574 5586 3670 5628 sa-
