4130 6484
351 430 423 487 69
1154 426 1710 485 COMMENTARIUS
1752 426 1817 482 IN
1859 424 2268 483 ZACllARlAM
2306 424 2742 484 PROPIIETAM.
3601 425 3674 484 50

352 545 544 613 ἁγίους
575 545 850 615 ἀγγέλους
887 547 1106 602 ἑστάναι
1153 549 1286 618 φησὶ
1315 547 1377 601 rb
1405 547 1648 619 Γράμμα
1692 546 1752 601 rb
1790 547 1962 618 ἱερὸν,

2088 545 2350 599 irmitatis
2379 553 2684 614 expertem,
2726 553 2780 601 et
2813 557 2938 598 cum
2983 543 3094 598 Deo
3133 551 3366 596 stantem
3411 543 3668 598 retinere.

350 638 432 708 τῷ
459 637 558 709 τῆς
604 638 853 702 στάσεως
883 639 1108 710 ὀνόματι
1138 638 1476 711 καταδηλοῦν
1519 641 1580 694 rb
1609 639 1685 711 μὴ
1712 639 1966 704 ὀκλάζειν

347 731 553 794 αὐτοὺς
608 731 688 794 εἰς
735 731 797 784 τὸ
848 730 1112 802 ῥᾴθυμον,
1165 731 1278 784 ἀλλ’
1349 724 1462 784 οἷον
1509 731 1676 802 ὀρθὴν
1733 730 1821 785 ἀεὶ
1870 732 1966 785 καλ⁸

348 817 556 889 ἀσθενῆ
603 819 704 872 οὐκ
749 819 1087 891 ἀνεχομένην
1121 820 1220 892 τὴν
1247 821 1488 875 διάνοιαν
1513 821 1680 892 ἔχειν,
1712 821 1961 876 ὲστῶσάν

345 927 416 963 τε
446 909 586 980 μετά
619 911 778 966 Θεοῦ.
809 912 968 966 Οὕτω
996 913 1089 966 καὶ
1116 915 1174 966 ὲν
1194 913 1272 983 τῷ
1294 913 1554 985 Ἰεζεκιὴλ
1577 915 1963 988 γεγραμμένον

350 1002 664 1073 εὑρήσομεν
694 1003 824 1069 περὶ
852 1003 960 1057 τῶν
984 1006 1287 1077 Χερουϐὶμ,
1317 1007 1399 1060 ὅτι
1435 1025 1453 1058 ι
1483 1007 1564 1060 Τὰ
1592 1007 1757 1086 σκέλη
1782 1007 1964 1063 αὐτῶν

345 1094 508 1164 ὀρθά.
545 1115 564 1148 ι
617 1097 946 1167 Κάμπτεται
993 1098 1092 1169 μὲν
1139 1100 1270 1170 γάρ,
1309 1100 1406 1153 καὶ
1447 1100 1569 1154 λίαν
1623 1101 1881 1168 εὐκόλως,
1929 1105 1962 1174 ἡ

347 1184 648 1254 ἀνῦρώπου
678 1186 912 1252 διάνοια,
943 1189 1038 1241 καὶ
1065 1187 1218 1242 ἔστιν
1248 1189 1486 1261 εὐπετὴς
1512 1191 1592 1254 είς
1613 1208 1676 1260 γε
1705 1191 1766 1243 τὸ
1787 1191 1963 1246 θέλειν

347 1277 719 1348 ἀρῤωστῆσαι
749 1279 809 1333 rb
843 1280 1359 1353 ράθυμον.Ἔστηκε
1392 1282 1447 1334 δὲ
1475 1281 1667 1355 ὥσπερ
1691 1282 1803 1336 τῶν
1852 1284 1965 1338 ἀνω

348 1372 690 1440 πνευμάτων
719 1375 750 1443 ἡ
789 1375 922 1440 ἁγία
960 1373 1192 1445 πληθύς.
1221 1375 1496 1449 Tatii-nte:
1537 1377 1632 1430 καὶ
1661 1375 1800 1448 πρὸς
1827 1376 1966 1430 Σιὼν

349 1459 581 1528 ἐλέγετο
630 1462 786 1532 παρὰ
814 1461 984 1515 Θεοῦο
1025 1483 1042 1513 ι
1075 1463 1282 1532 Στῆσον
1315 1464 1569 1535 σεαυτὴν,
1604 1464 1764 1518 Σιών.
1792 1485 1810 1516 ι
1849 1466 1968 1520 Ἀν-

2078 637 2152 692 Ita
2170 649 2222 694 et
2257 639 2308 693 in
2345 638 2628 694 Ezechiele
2647 640 2905 709 scriptmn
2930 637 3239 692 invenimus
3253 635 3321 690 de
3337 635 3631 689 Cheruhhn
3655 652 3669 688 :

2079 750 2098 786 ι
2135 731 2200 786 Ει
2229 732 2399 802 pedes
2427 747 2616 786 eormn
2655 732 2790 786 recti
2819 731 2922 786 ⁷⁸.»
2959 728 3238 784 Curvatur
3286 728 3454 791 enim,
3479 725 3673 795 etqui-

2068 826 2188 880 dem
2225 824 2504 896 perfacile,
2543 840 2696 881 meus
2728 826 2990 888 humana,
3024 829 3078 878 et
3135 822 3350 892 pigritia
3379 821 3480 875 levi
3508 831 3672 888 nego-

2065 918 2145 980 tio
2170 917 2481 985 corripitur.
2519 917 2892 986 Supernorum
2927 924 3108 969 autem
3143 913 3432 982 spirituum
3483 915 3674 962 sancta

2073 1006 2363 1060 multitudo
2397 1015 2505 1060 stat
2532 1005 2956 1075 quodammodo.
3001 1002 3183 1069 Quare
3211 1010 3268 1056 et
3289 999 3444 1054 Sioni
3465 998 3674 1052 dictnnt

2070 1110 2151 1156 est
2186 1116 2216 1155 a
2259 1101 2367 1155 Deo
2400 1117 2414 1154 :
2459 1119 2478 1152 ι
2506 1100 2616 1154 Fac
2639 1107 2696 1153 ut
2729 1109 2864 1166 stes,
2907 1097 3095 1152 Sion.»
3121 1093 3290 1150 Oﬂ'ert
3315 1095 3443 1146 item
3483 1093 3678 1146 beatus

2074 1193 2242 1247 David
2273 1195 2382 1248 Deo
2413 1193 2628 1249 cantica
2683 1193 2984 1262 gratiarum
3022 1189 3252 1253 actoria,
3289 1187 3362 1240 ita
3433 1183 3624 1238 dicens
3658 1197 3674 1236 :

2078 1305 2097 1339 ι
2121 1287 2322 1341 Statuit
2347 1301 2510 1356 supra
2553 1297 2759 1356 petram
2786 1285 2952 1356 pedes
2971 1299 3121 1339 meos
3139 1284 3240 1334 τ’.»
3271 1279 3482 1346 Quibus
3495 1276 3677 1330 verbis

2075 1379 2165 1433 ille
2196 1379 2388 1450 spiritu
2423 1379 2616 1448 plenus
2641 1377 3077 1434 immobili-tatem
3120 1373 3397 1434 animique
3445 1368 3678 1423 tinnitu-

2077 1472 2262 1526 dinem
2299 1489 2361 1527 ex
2373 1475 2593 1542 pressit.

350 1555 522 1608 ετίθει
554 1557 610 1609 δὲ
643 1557 734 1610 καὶ
771 1559 798 1610 ὁ
830 1558 1103 1630 μακάριος
1127 1557 1294 1610 Δαόὶδ
1339 1557 1420 1629 τῷ
1441 1557 1562 1628 Θεῷ
1628 1557 1730 1622 τὰς
1794 1563 2189 1632 χαριστηρίους
2216 1566 2384 1636 ᾠδάς,
2412 1565 2556 1620 οὕτω
2618 1565 2828 1635 λέγων·
2861 1565 3168 1634 «Ἔστησεν
3191 1561 3284 1614 ἐπὶ
3315 1560 3521 1630 πέτραν
3549 1557 3679 1620 τούς

352 1647 526 1710 πόδας
565 1665 687 1719 μου.
722 1667 740 1698 ι
779 1649 852 1700 Tb
885 1648 993 1719 γάρ
1025 1650 1244 1713 ἀκλινὲς
1273 1653 1331 1704 ὲν
1368 1649 1582 1713 τούτοις
1612 1651 1706 1703 καὶ
1747 1650 1806 1704 rb
1847 1656 2100 1724 πεπηγὸς
2165 1658 2266 1729 τῆς
2325 1657 2574 1730 γνώμης,
2643 1656 2722 1730 τῷ
2761 1657 2863 1728 τῆς
2905 1657 3149 1718 στάσεως
3183 1652 3410 1724 ὀνόματι
3439 1647 3678 1719 κατεση-

274 1755 287 1766 ί
355 1758 529 1812 μηνεν
563 1743 590 1794 ὁ
620 1743 1097 1814 πνευματοφόρος.

430 1835 648 1887 Ἀκουε
678 1811 1025 1901 δὴ,Ἰησοῧ,
1075 1834 1269 1902 ἱερεὺς
1305 1838 1338 1890 ὀ
1377 1835 1587 1906 μέγας,
1623 1838 1706 1892 σὺ
1749 1839 1838 1904 δὲ,
1871 1839 1968 1893 καί

2150 1825 2316 1892 Vens.
2347 1837 2489 1890 Audi
2541 1837 2727 1908 igitur,
2758 1834 2886 1890 Jesu
2909 1873 2925 1900 ,
2949 1834 3200 1888 sacerdos
3233 1847 3440 1903 magne,
3475 1841 3530 1885 tu
3556 1811 3677 1887 vero

354 1925 412 1978 οι
440 1924 717 1990 πλησίον
747 1940 888 1989 σου,
926 1924 1025 1977 καὶ
1054 1927 1106 1978 οὶ
1142 1924 1469 1993 καθήμενοι
1491 1927 1607 1994 πρὸ
1641 1925 1974 1993 προσώπου

353 2033 500 2078 σου,
536 2015 690 2068 διότι
729 2015 948 2084 ἄνδρες
997 2018 1436 2084 τερατοσκόποι
1482 2018 1624 2084 εἰσί,
1655 2019 1805 2073 διότι
1845 2018 1976 2073 ἰδοὺ

351 2111 480 2179 ἐγὼ
521 2110 645 2180 ἄγω
688 2110 798 2164 τὸν
845 2109 1075 2164 δοῦλόν
1095 2113 1545 2180 μου,Ἀνατολὴ
1575 2113 1764 2184 ὄνομα
1792 2111 1974 2178 αὐτῷ.

355 2208 520 2261 Διότι
557 2210 588 2260 ὀ
630 2208 824 2273 λίθος,
855 2205 928 2259 ὃν
971 2205 1205 2261 δέδωκα
1233 2209 1346 2277 πρὸ
1378 2207 1710 2277 προσώπου
1743 2207 1975 2276 Ἰησοῦ,

351 2300 456 2353 ἐπὶ
489 2299 596 2352 τὸν
624 2299 805 2354 ,1ἰοον
831 2300 939 2352 τὸν
969 2299 1099 2364 ἕνα,
1133 2299 1284 2354 ἑπτὰ
1312 2301 1612 2370 ὀφθαλμοί
1639 2303 1818 2355 εἰσιν.

433 2393 520 2445 K'.
566 2391 664 2444 Διὰ
701 2391 809 2445 τῶν
843 2392 1047 2463 ἀρτίως
1078 2394 1208 2462 ἡμῖν
1241 2393 1548 2464 εἰρημένων
1593 2395 1977 2464 κατεπηγγέλ-

353 2483 487 2537 λετο
521 2483 599 2554 τῷ
629 2483 830 2555 Ἰησοῦ,
867 2485 1035 2555 ἤγουν
1073 2485 1296 2555 μᾶλλον,
1332 2486 1468 2557 ὅπερ
1495 2487 1644 2540 ἐστὶν
1686 2486 1981 2558 ἀληθέστε·

360 2594 482 2649 ρον,
506 2580 573 2647 τῇ
603 2576 744 2629 κατὰ
779 2577 946 2647 νόμον
977 2570 1270 2649 ἱερωσύνη,
1303 2578 1366 2630 rb
1392 2579 1692 2651 διακρίνειν
1714 2580 1805 2633 τὸν
1831 2575 1981 2634 οἶκον

357 2669 558 2731 αὐτοῦ,
603 2669 699 2721 καὶ
746 2670 1048 2740 κατάρχειν
1083 2668 1163 2722 ἔτι
1192 2670 1347 2736 λαοῦ,
1380 2672 1475 2725 καὶ
1505 2673 1608 2743 τῆς
1635 2673 1779 2727 κατὰ
1817 2673 1982 2745 νόμον

354 2763 625 2832 λατρείας
646 2761 1043 2831 ἀποπεραίνειν
1073 2762 1198 2825 τοὺς
1222 2761 1656 2836 τύπους.Ἀθρει
1678 2765 1734 2818 δέ
1770 2782 1858 2835 μοι
1883 2765 1981 2837 τὴν

355 2853 702 2922 οἰκονομίαν.
741 2855 836 2907 καὶ
871 2852 980 2907 τῶν
1025 2852 1185 2906 θείων
1229 2854 1570 2925 διασκέψεων
1599 2856 1660 2909 rb
1694 2856 1830 2910 πολύ
1862 2856 1982 2911 λίαν

359 2943 625 3014 εὐτεχνές
648 2959 661 2970 '
682 2944 945 3012 Ἔμελλε,
972 2944 1067 2998 καί
1093 2946 1194 2997 οὐκ
1228 2947 1306 3009 εἰς
1339 2947 1580 3017 μακρὰν,
1619 2947 1983 3019 μετατεθήσε-

362 3036 498 3089 σθαι
546 3035 613 3088 τὰ
663 3037 720 3088 ὲν
769 3036 919 3106 νόμῳ
956 3035 1094 3106 πρὸς
1123 3035 1384 3108 λατρείαν
1430 3037 1528 3108 τὴν
1576 3037 1861 3109 ἀληθινὴν,
1889 3037 1983 3091 καὶ

357 3127 476 3181 τῶν
527 3127 716 3180 τύπων
770 3129 831 3180 rb
874 3127 1107 3191 ἀκαλλὲς
1165 3127 1682 3199 μεταχαράττεσθαί
1735 3145 1794 3182 τε
1846 3130 1984 3202 πρὸς

2080 1942 2127 1986 et
2168 1931 2398 2003 proximi
2423 1931 2522 1996 tui,
2551 1940 2600 1984 et
2633 1930 2728 2000 qui
2761 1931 2949 1984 sedent
2967 1938 3088 1981 ante
3121 1926 3312 1996 facient
3340 1936 3518 1990 tuam,
3554 1927 3680 1996 quia

2083 2026 2178 2080 viri
2207 2035 2565 2094 portentorum
2594 2033 2910 2092 spectatores
2935 2030 3098 2086 sunt,
3132 2019 3256 2089 quia
3286 2034 3402 2072 ecce
3435 2035 3528 2089 ego
3584 2018 3684 2070 ad-

2082 2119 2217 2170 duco
2247 2132 2450 2169 servum
2485 2131 2678 2177 meum,
2733 2113 2924 2167 Oriens
2965 2127 3152 2164 nomen
3199 2111 3325 2180 ipsi.
3370 2109 3508 2174 Quia
3544 2107 3680 2176 lapis

2080 2225 2231 2279 quem
2263 2208 2383 2261 dedi
2410 2217 2529 2260 ante
2553 2205 2742 2275 faciem
2769 2205 2922 2269 Jesu,
2941 2219 3098 2272 super
3127 2203 3356 2272 lapidem
3377 2216 3566 2267 unum,
3593 2216 3681 2256 se-

2083 2308 2221 2366 ptem
2277 2296 2418 2350 oculi
2449 2303 2593 2350 sunt.

2154 2389 2273 2444 XX.
2313 2387 2488 2458 Supra
2529 2388 2888 2460 pollicebatur
2913 2386 3068 2455 Jesu,
3096 2388 3206 2443 imo
3230 2397 3402 2452 certe,
3428 2395 3484 2441 ut
3503 2387 3684 2440 dicam

2083 2483 2465 2553 verius,legali
2508 2482 2821 2538 sacerdotio
2862 2481 3304 2552 dijudicationem
3334 2480 3532 2534 domus
3549 2495 3686 2546 stur,

2085 2585 2138 2629 et
2180 2575 2543 2643 principatum
2576 2573 2718 2627 ultra
2760 2573 2810 2627 in
2849 2571 3127 2643 populum,
3152 2581 3206 2626 et
3239 2570 3538 2625 finitionem
3605 2580 3689 2641 ty—

2085 2683 2299 2736 porum,
2330 2681 2425 2722 seu
2469 2669 2791 2722 umbrarum
2833 2668 3011 2722 cultus
3034 2666 3190 2736 juxta
3229 2666 3400 2736 legem
3457 2664 3684 2734 recepti.

2087 2760 2344 2831 Expende
2410 2775 2572 2830 porro
2636 2761 2768 2815 mihi
2840 2759 3201 2815 oeconomiam
3265 2759 3688 2827 divinorumque

2085 2853 2438 2908 consiliorum
2476 2867 2742 2907 summam
2781 2852 3052 2922 peritiam.
3121 2850 3313 2914 Erant,
3357 2864 3455 2904 nec
3517 2849 3690 2904 multo

2087 2953 2230 3015 post,
2275 2945 2340 2998 ad
2364 2945 2567 2998 cultum
2605 2959 2794 2998 verum
2834 2957 3262 3012 germanumque
3312 2941 3689 2996 transferenda

2087 3035 2297 3106 legalia,
2320 3037 2486 3107 677
2523 3047 2886 3109 typorumque
2944 3035 3152 3090 ruditas
3185 3036 3237 3089 in
3268 3035 3502 3104 speciem
3540 3047 3694 3087 ama.

2087 3128 2213 3184 bilis
2250 3138 2305 3184 et
2335 3129 2634 3199 spiritualis
2667 3129 2864 3199 politiae
2893 3125 3255 3180 immutanda.
3277 3125 3694 3195 Erautabigen-

359 3221 696 3291 ἀξιέραστόν
739 3237 798 3274 τε
835 3223 931 3274 καὶ
978 3219 1358 3292 πνευματικὴν
1405 3222 1982 3293 πολιτείαν.Ἐμελλον

2088 3221 2140 3277 di
2176 3221 2387 3276 avinea
2429 3221 2702 3292 agricolae,
2747 3221 2959 3276 Domini
3025 3218 3428 3285 interfectores,
3457 3229 3512 3274 et
3563 3232 3695 3288 ager

363 3313 769 3367 ἀποσοϐεἴσθαι
835 3311 930 3366 τοῦ
985 3312 1310 3384 ἀμπελῶνος
1358 3313 1408 3365 oi
1459 3316 1988 3387 κυριοκτονήσαντες

366 3407 635 3476 γεωργοὶ,
666 3405 760 3458 καὶ
816 3405 1208 3475 ἐκδοθήσεσθαι
1255 3405 1318 3458 rb
1364 3405 1566 3476 χωρίον
1610 3406 1842 3477 ἑτέροις,
1875 3408 1988 3470 τοῖς

369 3497 554 3564 ἁγίοις
603 3496 926 3560 ἀποστόλοις
973 3496 1219 3566 δηλονότι
1281 3497 1377 3550 καὶ
1426 3496 1843 3566 εὐαγγελισταίς
1873 3537 1888 3561 ,
1939 3497 1989 3551 οἳ

367 3589 731 3660 καρποφόρον
765 3588 899 3640 αὐτὸ
958 3588 1056 3642 καὶ
1098 3588 1327 3653 εὐανθὲς
1367 3589 1691 3659 ἀποφαίνειν
1739 3589 1988 3662 ἔμελλον,

367 3681 477 3749 τῆς
532 3680 1005 3752 προύργιαιτάτης
1054 3681 1335 3748 ἀξιοῦντες
1384 3681 1686 3753 φροντίδος.
1721 3682 1991 3754 «Ἔμελλε

371 3771 638 3842 βασιλεὺς
675 3771 886 3834 δίκαιος
917 3770 1246 3840 βασιλεύειν,
1278 3774 1372 3828 καί
1402 3776 1664 3846 ἄρχοντες
1695 3775 1835 3846 μετά
1870 3775 1993 3846 κρί-

372 3881 523 3927 σεως
591 3864 803 3935 ἄρχειν,
837 3883 855 3916 ι
891 3865 1034 3920 κατὰ
1104 3864 1202 3937 τὴν
1267 3866 1360 3919 τού
1426 3868 1713 3939 προφήτου
1781 3869 1988 3940 φωνήν.

375 3955 655 4027 Ἐμελλεν
677 3956 764 4008 Ere
775 3973 866 4026 ρος
894 3956 1221 4010 ἀνίστασθαι
1255 3958 1455 4028 ἱερεὺς,
1474 3959 1534 4010 οὐ
1553 3959 1696 4011 κατὰ
1717 3960 1818 4029 τὴν
1838 3957 1992 4024 τάξιν

329 4047 333 4050 ’
387 4047 629 4120 Ἀαρὼν,
663 4047 802 4101 ἀλλά
853 4066 871 4100 ι
903 4047 1047 4102 κατά
1085 4048 1184 4120 τὴν
1230 4049 1384 4113 τάξιν
1435 4049 1792 4120 Μελχισεδὲκ,
1829 4070 1846 4102 ι
1882 4050 1992 4106 τῶν

377 4143 560 4210 ἁγίων
588 4141 934 4212 λειτουργὸς,
974 4142 1072 4194 καὶ
1113 4142 1214 4212 τῆς
1243 4144 1448 4213 σκηνῆς
1475 4143 1574 4214 τῆς
1606 4143 1891 4215 ἀληθινῆς,
1925 4144 1994 4215 ἥν

375 4233 588 4305 ἔπηξεν
626 4235 656 4286 ὁ
703 4233 929 4304 Κύριος,
963 4233 1058 4287 καὶ
1102 4235 1204 4288 οὐκ
1258 4233 1568 4305 ἄνθρωπος.
1605 4235 1839 4306 Εἰσῆλθε
1884 4235 1994 4307 γὰρ

374 4331 462 4391 εἰς
493 4327 565 4380 τά
595 4328 764 4395 ’Λγια
790 4327 900 4380 τῶν
932 4326 1102 4396 ἁγίων
1128 4329 1156 4380 ὁ
1194 4327 1398 4400 Κύριος
1433 4328 1590 4400 ἡμῶν
1617 4327 1829 4399 Ἰησοῦς
1857 4328 1996 4398 Χρι-

377 4422 536 4484 στὸς,
585 4439 602 4470 ι
641 4421 716 4473 υύ
749 4420 816 4473 δι’
852 4420 1088 4492 αἵματος
1129 4422 1353 4493 τράγων
1391 4423 1489 4476 καὶ
1539 4421 1779 4492 μόσχων,
1808 4419 1897 4474 διὰ
1939 4420 1997 4475 δὲ

373 4512 478 4566 τοῦ
526 4511 658 4564 ἰδίου
691 4512 945 4582 αἵματος,
980 4513 1209 4566 αἰωνίαν
1243 4511 1515 4583 λύτρωσιν
1543 4513 1871 4584 εὑράμενος,
1899 4512 1996 4566 καὶ

2092 3313 2353 3371 locandus
2385 3316 2527 3383 aliis,
2576 3316 2785 3370 sanctis
2834 3314 3098 3384 apostolis
3133 3313 3386 3368 videlicet
3435 3322 3489 3367 et
3529 3327 3695 3366 evan-

2092 3409 2321 3480 gelistis,
2369 3423 2492 3463 eum
2525 3406 2864 3463 l'rucliferum
2897 3416 2951 3460 et
3001 3406 3448 3461 florentissimum
3513 3404 3694 3458 utilis-

2094 3500 2230 3555 sima
2256 3499 2620 3555 sollicitudine
2648 3515 2745 3555 sua
2777 3497 3150 3555 reddituris".
3183 3517 3201 3550 ι
3237 3497 3368 3552 Erat
3394 3513 3487 3551 rex
3515 3495 3696 3565 justus

2095 3604 2436 3664 regnaturus,
2466 3579 2519 3648 et
2546 3594 2820 3664 principes
2851 3607 2973 3648 cum
2999 3591 3204 3660 judicio
3237 3589 3640 3661 imperaturi”,
3670 3607 3690 3640 ι

2095 3687 2393 3742 secundum
2430 3699 2615 3739 vocem
2645 3685 2942 3755 prophetae.
2995 3683 3356 3737 Surrccturus
3398 3690 3518 3734 erat
3553 3679 3695 3734 alius

2097 3777 2380 3841 sacerdos,
2407 3791 2512 3830 non
2542 3777 2844 3831 secundum
2887 3775 3136 3829 ordinem
3168 3773 3381 3838 Aaron,
3425 3773 3521 3825 sed
3566 3787 3699 3827 ιδυ-

2095 3871 2332 3924 cundum
2373 3869 2619 3924 ordinem
2669 3867 3152 3931 Melchisedech",
3181 3883 3206 3917 ι
3253 3875 3565 3918 sanctorum
3594 3865 3698 3917 mi-

2098 3963 2270 4017 nister
2294 3978 2467 4026 sacer,
2489 3970 2542 4017 et
2568 3960 2903 4016 tabernaculi
2933 3961 3068 4025 veri,
3096 3958 3240 4029 quod
3267 3957 3384 4012 [irit
3411 3956 3696 4019 Dominus,

2098 4071 2204 4110 non
2235 4057 2398 4110 homo
2421 4055 2512 4110 εν.
2557 4053 2784 4108 Intravit
2832 4055 2978 4109 enim
3025 4053 3225 4108 Sancta
3257 4060 3570 4106 sanctorum
3600 4047 3701 4103 Do-

2099 4151 2278 4202 minus
2312 4159 2499 4204 noster
2523 4145 2685 4204 Jesus
2710 4146 2964 4202 Christus
2991 4165 3006 4201 :
3043 4165 3061 4198 ι
3094 4145 3212 4200 Non
3238 4159 3334 4216 per
3377 4144 3698 4212 sanguinem

2099 4236 2375 4292 hircorum
2393 4235 2781 4301 etvituiorum,
2806 4236 2899 4290 sed
2920 4251 3015 4306 per
3044 4234 3322 4305 proprium
3353 4233 3701 4304 sanguinem,

2098 4341 2302 4386 aeterna
2345 4329 2717 4400 redemptione
2741 4331 3070 4394 inventa,et
3097 4327 3513 4382 unaoblatioue
3561 4339 3700 4380 cett-

2100 4421 2388 4478 summatis
2407 4421 2458 4475 in
2480 4433 2801 4495 perpetuum
2831 4421 3131 4479 secundum
3159 4417 3550 4475 conscientiam
3574 4432 3704 4471 sau-

2103 4516 2356 4572 ctilicatis
2378 4515 2477 4571 ⁸⁸.»
2507 4515 2583 4572 Ne
2621 4516 2782 4586 igitur
2810 4515 2942 4572 falsa
2976 4524 3028 4569 et
3064 4514 3248 4568 inania
3275 4513 3488 4567 locutus
3516 4499 3702 4565 ridea-

380 4607 490 4676 μιᾷ
526 4605 819 4675 προσφορᾷ
843 4603 1139 4668 τελειώσας
1175 4605 1254 4668 εἰς
1287 4604 1348 4657 rb
1393 4604 1664 4676 διηνεκὲς,
1700 4603 1843 4658 κατὰ
1870 4622 1983 4659 συν·

2103 4615 2193 4663 tur
2222 4607 2386 4674 Dens,
2417 4609 2571 4678 legali
2596 4607 2902 4665 sacerdotio
2939 4607 3234 4679 pollicitus,
3278 4606 3455 4677 ipsum
3485 4617 3705 4674 semper

375 4695 600 4762 είδησιν
638 4695 764 4756 τοὺς
799 4692 1221 4764 ἁγιαζομένους.
1254 4715 1272 4748 ι
1301 4695 1423 4748 Ἵνα
1457 4695 1638 4750 τοίνυν
1676 4696 1750 4766 μὴ
1794 4695 1993 4765 ψευδο-

376 4788 527 4854 επης
557 4799 615 4835 τε
651 4783 747 4836 καὶ
786 4783 1140 4855 εἰκαιὸμυθος
1175 4783 1541 4856 ἀναφαίνηται
1580 4783 1736 4848 Θεὸς,
1774 4784 1862 4838 ἀεὶ
1901 4784 1998 4838 καὶ

375 4878 660 4948 διηνεκῶς
711 4869 969 4950 τῇκατὰ
1023 4877 1188 4947 νόμον
1241 4875 1513 4947 ἱερωσύνῃ
1559 4875 1997 4946 ὑπισχνούμενος

331 4993 337 4996 ·
373 4973 731 5042 ὲποπτήσειν
789 4989 850 5024 τε
902 4972 996 5024 καὶ
1043 4970 1344 5040 διακρίνειν
1375 4969 1467 5023 τὸν
1499 4965 1647 5023 οἷκον
1679 4969 1867 5035 αὐτοῦ,
1902 4969 2000 5022 ἀν-

317 5076 326 5084 ·
371 5062 631 5132 αγκαίαν
671 5065 910 5116 ποιεῖται
955 5061 1051 5115 τοῦ
1103 5060 1247 5116 κατὰ
1281 5061 1518 5133 Χριστὸν
1563 5062 1868 5133 μυστηρίου
1895 5063 1998 5132 τὴν

372 5157 816 5229 προαγόρευσιν,
865 5155 1170 5225 ἐμφαίνων,
1210 5156 1291 5208 ὅτι
1344 5155 1636 5227 καταλήξει
1670 5156 1769 5226 μὲν
1817 5154 1888 5210 τὰ
1939 5156 1998 5207 ὲν

372 5250 563 5317 νόμῳ,
602 5247 874 5318 διακρινεῖ
923 5247 982 5298 δὲ
1033 5247 1195 5310 αὐτὸς
1243 5247 1335 5298 τὸν
1389 5247 1519 5300 ίδιον
1576 5243 1725 5300 οἶκον
1765 5245 1854 5300 διὰ
1899 5247 1995 5301 τοῦ

381 5342 524 5393 ἰδίου
556 5343 918 5409 γεννήματος,
953 5339 1230 5406 τουτέστι,
1258 5338 1352 5392 τοῦ
1383 5338 1536 5394 Υίοῦ.
1573 5339 1843 5412 Ταύτῃτοι
1898 5358 1997 5411 μο-

377 5433 607 5503 νονουχί
633 5433 731 5486 καὶ
757 5433 1194 5505 διαμαρτύρεται
1231 5433 1400 5487 αὐτόν
1428 5449 1487 5486 τε
1516 5433 1608 5486 τὸν
1633 5431 1869 5504 Ἰησοῦν,
1898 5432 1995 5488 καὶ

378 5529 515 5590 τοὺς
554 5526 786 5598 πλησίον
816 5525 1006 5590 αὐτοῦ,
1033 5528 1127 5580 καὶ
1157 5526 1282 5589 τοὺς
1318 5524 1667 5596 καθημένους
1693 5526 1800 5596 πρὸ
1823 5541 1995 5597 προσ-

379 5619 540 5673 ώπου
578 5616 772 5683 αὐτοῦ,
808 5617 897 5672 i‘va
936 5620 1171 5683 Λευΐτας
1205 5617 1418 5688 νοῶμεν
1465 5619 1560 5671 καὶ
1596 5617 1798 5687 ἱερέας.
1835 5617 1994 5671 Λειτ-

363 5807 368 5811 ’
455 5821 504 5850 τε
539 5819 745 5873 Etet-lt.
779 5835 816 5889 ι,
853 5820 903 5872 7.
948 5817 1025 5852 ’⁷⁷
1063 5817 1204 5874 Psal.
1244 5836 1432 5888 XXXIX,
1468 5821 1522 5876 3.
1597 5821 1644 5853 "
1671 5819 1864 5876 Matth.
1893 5837 1981 5877 ut

2088 5823 2229 5884 5-59.

386 5905 509 5961 νιιι,
544 5889 602 5944 2.
679 5889 720 5921 "'
769 5887 935 5948 Hebr.
976 5908 1053 5960 Ix,
1084 5891 1190 5959 1‘2;
1223 5907 1275 5960 κ,
1309 5891 1390 5948 Η.
1422 5887 1426 5888 ί
1469 5892 1513 5926 ⁸⁸
1538 5889 1699 5949 Num.
1737 5908 1852 5962 xw,
1887 5891 1940 5948 2.

2105 4707 2268 4769 atque
2297 4701 2348 4756 iu
2389 4710 2711 4770 perpetuum
2739 4699 2962 4755 domum
3016 4713 3172 4753 suam
3230 4697 3604 4766 inspecturum
3649 4701 3707 4749 et.

2099 4790 2494 4859 judicaturum,
2527 4791 3062 4865 mysteriumChristi
3094 4791 3460 4862 praenuntiam
3492 4785 3702 4844 debuit.

2103 4893 2157 4936 et
2182 4883 2470 4940 ostendere
2499 4882 2740 4939 desitura
2773 4884 2992 4954 quidem
3029 4883 3245 4955 legal‘la,
3280 4897 3339 4938 se
3361 4893 3543 4936 autem
3562 4881 3708 4952 diluo

2055 5053 2060 5060 ε
2103 4976 2412 5031 dicaturum
2452 4977 2674 5036 domum
2715 4993 2871 5032 suam
2906 4994 3004 5052 per
3031 4979 3274 5050 genitum
3304 4992 3371 5032 ex
3401 4991 3544 5041 sese,
3601 4976 3708 5031 hoc

2101 5078 2188 5126 est
2221 5067 2446 5124 Filium.
2498 5069 2866 5138 Quamobrem
2900 5071 3293 5144 propemodum
3329 5070 3496 5125 etiam
3523 5079 3710 5125 conte-

2101 5172 2278 5216 statur
2303 5171 2357 5217 et
2389 5163 2565 5234 ipsum
2611 5161 2827 5231 Iesum,
2857 5173 2912 5219 et
2949 5165 3230 5235 proximos
3262 5161 3400 5234 ejus,
3433 5171 3488 5217 et
3513 5163 3712 5217 seden-

2104 5259 2182 5306 tes
2203 5261 2327 5308 ante
2353 5252 2544 5308 faciem
2567 5253 2708 5327 ejus,
2734 5264 2860 5324 puta
2886 5252 3103 5313 Levitas
3119 5265 3170 5308 et
3200 5255 3531 5310 sacerdotes.
3562 5249 3712 5309 Ordo

2099 5345 2240 5399 cnim
2262 5343 2535 5401 Leviticus
2559 5361 2774 5403 summo
2792 5346 3062 5408 sacerdoti
3084 5346 3398 5402 ministrans
3449 5345 3664 5401 astabat
3691 5365 3708 5403 :

2099 5436 2343 5490 seniores
2359 5450 2536 5492 autem
2567 5437 3095 5505 sacerdotes,utillis
3123 5437 3427 5505 superiores
3457 5445 3512 5493 et
3536 5451 3721 5492 sacra-

2099 5527 2449 5597 tiores,juxta
2491 5528 2686 5600 legent,
2711 5529 2923 5585 concilii
2959 5541 3175 5598 quoque
3210 5527 3417 5581 honore
3447 5530 3720 5583 condeco-

2100 5619 2209 5674 rati
2251 5629 2373 5676 sunt
2406 5622 2474 5676 “.
2524 5621 2907 5678 Porteutorum
2969 5636 3132 5693 porro
3191 5629 3530 5693 spectatores
3591 5620 3712 5681 illos

3448 5826 3514 5900 ν’
3548 5825 3708 5888 llebr.
3773 5801 3776 5804 I

3671 5960 3689 5975 '
3729 5966 3782 6030 λ.

2310 5828 2356 5861 ⁷⁹
2399 5827 2504 5883 lsa.
2544 5845 2711 5894 xxx",
2745 5828 2792 5883 l.
2906 5829 2950 5860 ⁸ο
2985 5827 3128 5890 I’sal.
3157 5844 3267 5899 cur,
3304 5829 3358 5884 tl.
