4130 6508
497 408 563 469 ⁵1
1535 409 1594 464 s.
1634 405 1915 462 cvtnLu
1956 375 2426 459 numnum
2468 405 2785 460 ARCHIEP.
3700 404 3769 460 δε

498 523 754 596 appellat.
779 524 881 581 hoc
917 535 1021 594 est,
1065 539 1279 594 semper
1304 533 1618 594 quasrentes
1652 524 1808 596 signa
1861 523 2072 589 videre,

2179 521 2411 593 ουργοῦν
2469 524 2566 594 μὲν
2606 523 2715 594 γὰρ
2753 523 2830 593 τῷ
2868 525 3114 594 ἀρχιερεῖ
3149 522 3347 593 ἔστηκε
3377 522 3436 576 τὺ
3469 524 3538 577 τά
3551 541 3657 595 (μα
3709 525 3771 580 τὸ

497 620 866 690 prodigiorum
921 619 1168 688 cupidos.
1204 616 1399 672 Nescio
1425 618 1570 672 enim
1625 615 1896 686 quomodo
1950 631 2072 686 gens

2184 613 2470 684 Λευῖτικόν
2492 630 2504 644 ο
2540 617 2586 668 οἱ
2616 615 2674 668 δέ
2701 633 2763 684 γε
2793 615 3155 686 πρεσϐύτεροι
3187 616 3376 685 ἱερεῖς,
3431 614 3506 680 ὡς
3546 617 3771 670 ἐκείνων

475 706 680 765 ,Ιιιιικιι
699 708 765 762 ad
786 709 899 764 hac
923 718 1115 762 natura
1145 704 1337 762 fertur.
1355 705 1542 776 Itaque
1578 721 1700 761 cum
1727 705 1974 761 Christus
2000 704 2080 759 fe-

495 801 658 856 cisset
691 799 846 870 quasi
869 799 1133 869 ﬂagellum
1166 798 1232 854 de
1264 796 1536 860 funiculis,
1565 809 1866 866 oumesque
1897 809 1926 848 e
1947 803 2081 848 tem-

496 898 584 968 plu
610 897 882 966 eiecisset,
919 896 1254 964 dixissetque
1286 913 1302 950 :
1330 911 1350 946 ι
1400 891 1626 948 Auferte
1684 892 1788 947 ista
1835 891 1983 955 hinc,
2026 899 2081 944 ct

494 987 663 1042 nolite
688 986 867 1041 facere
893 985 1109 1040 domum
1138 983 1314 1038 Patris
1347 982 1476 1048 mei,
1507 984 1726 1036 domum
1757 979 2078 1050 negotiatio-

495 1079 600 1145 nis,
643 1097 663 1132 ι
701 1087 1074 1142 accesserunt,
1099 1085 1155 1130 et
1181 1075 1513 1146 quaesierunt
1554 1090 1568 1128 :
1601 1091 1619 1124 ι
1656 1071 1811 1137 Quod
1863 1071 2077 1140 signum

492 1170 734 1226 ostendis
763 1170 890 1240 quia
929 1169 1047 1224 haec
1102 1167 1281 1222 facis?
1325 1175 1379 1220 et
1431 1165 1554 1234 quis
1606 1164 1754 1218 dedit
1791 1163 1881 1216 tibi
1941 1162 2079 1217 hanc

494 1270 814 1330 potestatem
854 1262 948 1315 “1?
983 1279 1002 1314 ι
1045 1261 1415 1316 Accesserunt
1463 1268 1519 1312 et
1545 1258 1662 1324 alii,
1691 1273 1812 1311 cum
1854 1257 1955 1311 hac
1996 1271 2080 1322 pe-

497 1352 721 1408 titione:
762 1371 781 1404 ι
818 1350 1092 1421 Magister,
1119 1349 1411 1406 volumusa
1439 1358 1488 1404 te
1515 1348 1728 1418 signum
1759 1347 1944 1401 videre
1970 1347 2037 1400 “.
2056 1366 2073 1397 ι
2111 1328 2147 1343 “

493 1442 722 1510 Idcirco,
743 1444 1024 1513 quoniam,
1051 1440 1246 1511 inquit,
1271 1439 1373 1493 viri
1413 1447 1540 1493 sunt
1563 1445 1958 1509 portentorum,
1979 1452 2074 1491 seu

495 1533 879 1589 miraculorum
909 1532 1310 1603 speculatores,
1344 1529 1557 1584 discant
1587 1538 1763 1584 tecum
1787 1538 1844 1584 et
1868 1527 2073 1593 futura,

493 1626 772 1694 signorum
802 1640 923 1694 qua:
949 1632 1141 1693 petunt
1171 1629 1598 1694 perpetratorem
1623 1636 1842 1690 semper
1883 1628 2076 1688 poten-

2182 706 2440 777 ἀμείνους
2477 707 2578 773 ἔτι,
2607 709 2702 762 καὶ
2742 706 3017 780 ίερώτεροι
3051 706 3192 762 κατὰ
3233 707 3324 761 τὸν
3353 707 3538 778 νόμον,
3567 709 3663 762 καὶ
3701 711 3767 780 τῇ

2184 799 2438 870 συνεδρία
2480 800 2791 871 τετίμηντο.
2837 799 3290 871 Τερατοσκόπους
3317 816 3382 869 γε
3431 798 3537 871 μὴν
3572 799 3770 862 αὐτοὺς

2182 891 2460 961 ὀνομάζει,
2508 893 2804 955 τουτέστιν,
2861 892 2948 948 ἀεὶ
2999 895 3204 964 σημεῖα
3259 889 3556 963 ζητοῦντας
3612 893 3766 962 ὁρᾲν,

2182 981 2291 1035 τῶν
2313 983 2556 1052 τεράτων
2583 983 2924 1053 ἐφιεμένους.
2951 981 3114 1036 Φύσει
3143 981 3252 1054 γάρ
3277 998 3393 1044 πως
3417 981 3504 1035 ἀεὶ
3525 978 3768 1033 τοιοῦτόν

2180 1074 2296 1125 ἐστι
2324 1073 2385 1126 τὸ
2423 1074 2532 1127 τῶν
2554 1073 2827 1127 Ἰουδαίων
2858 1073 3027 1136 ἔθνος.
3060 1075 3172 1126 Kal.
3200 1072 3353 1142 γοῦν,
3376 1072 3464 1125 ὅτε
3486 1072 3514 1123 6
3533 1073 3769 1142 Χριστος

2179 1166 2410 1236 ποιήσας
2443 1165 2575 1218 ώσεὶ
2622 1165 2946 1236 φραγέλλιον
2997 1165 3061 1218 ἐκ
3111 1165 3384 1235 σχοινίων,
3433 1163 3641 1226 πάντας
3676 1161 3767 1228 ἐξ·

2177 1257 2368 1314 έδαλεν
2413 1258 2478 1311 ἐκ
2524 1256 2618 1310 τοῦ
2655 1257 2819 1328 ἱεροῦ,
2851 1257 3027 1326 λέγων
3049 1298 3065 1321 ,
3108 1259 3205 1309 «Ἃ
3219 1274 3346 1328 ρατε
3373 1257 3548 1309 ταῦτα
3577 1254 3763 1308 ἐντεῦ-

2177 1349 2287 1414 θεν,
2327 1349 2422 1403 καὶ
2454 1349 2529 1421 μὴ
2560 1353 2762 1402 ποιεῖτε
2795 1349 2886 1402 τὸν
2909 1346 3056 1402 οἷκον
3086 1348 3178 1402 τοῦ
3215 1347 3428 1420 Πατρός
3455 1364 3584 1416 μου,
3612 1341 3762 1400 οἷκον

2176 1441 2464 1512 ἐμπορίου,
2498 1459 2516 1492 ι
2558 1441 2867 1513 προσῄεσαν
2901 1440 3188 1510 λέγοντες·
3248 1458 3267 1490 ι
3296 1440 3361 1492 Τί
3389 1439 3613 1509 σημεῖον
3657 1439 3766 1491 δει-

2176 1531 2376 1597 κνύεις,
2407 1533 2489 1586 ὅτι
2521 1531 2696 1586 ταῦτα
2745 1534 2947 1599 ποιείς;
2985 1532 3080 1586 καὶ
3109 1529 3193 1594 τίς
3237 1529 3406 1583 ἔδωκέ
3435 1546 3517 1582 σοι
3550 1529 3650 1601 τὴν
3677 1527 3763 1594 ἐξ·

2173 1623 2361 1677 ουσίαν
2393 1623 2627 1695 ταύτηνς
2661 1642 2681 1675 ι
2726 1623 3046 1694 Εύρὴσομεν
3083 1621 3141 1675 δὲ
3179 1621 3274 1676 καὶ
3327 1621 3546 1691 ἐτέρους
3591 1636 3764 1692 προσ-

495 1714 787 1769 tissimum.
821 1713 1080 1780 Quisnam
1127 1721 1306 1766 autem
1339 1710 1471 1764 hic?
1509 1728 1528 1762 ι
1562 1708 1703 1765 Ecce
1733 1725 1835 1779 ego
1863 1710 2072 1765 adduco

2177 1719 2373 1780 ιόντας,
2421 1716 2518 1770 καὶ
2559 1715 2821 1784 λέγοντας
2867 1714 3051 1785 αὐτῷ’
3109 1732 3127 1765 ι
3159 1712 3482 1778 Διδάσκαλε,
3536 1711 3764 1782 θέλομεν

491 1815 708 1857 servum
747 1817 947 1868 meum,
980 1801 1175 1857 Oriens
1198 1816 1392 1857 nomen
1423 1803 1562 1870 ejus.
1587 1821 1606 1854 ι
1630 1803 1768 1856 Deus
1800 1801 1964 1872 igitur
1996 1814 2072 1854 se-

2178 1806 2285 1860 ἀπὸ
2320 1807 2414 1860 σοῦ
2452 1809 2676 1878 σημεῖον
2710 1807 2861 1864 [δεῖν.
2891 1825 2913 1860 ι
2946 1806 3158 1861 Οὐκοῦν
3205 1806 3522 1876 ἐπειδήπερ,
3577 1804 3762 1874 φησιν,

491 1893 725 1948 cundum
749 1865 996 1948 naturam
1013 1884 1068 1948 et
1086 1908 1152 1948 ex
1172 1891 1279 1946 Deo
1297 1865 1719 1962 Patrevapparuit
1733 1865 2072 1960 Unigenitus,

2178 1898 2370 1970 ἄνδρες
2398 1865 2947 1970 εἰσὶιτερατοσκότοι,
2985 1865 3406 1970 μανθανέτωσαν
3440 1865 3554 1968 aula
3585 1865 3670 1950 σοι
3694 1865 3766 1952 τά

491 1984 784 2040 secundum
826 1983 928 2040 hoc
972 1984 1126 2039 liber.
1178 1985 1348 2056 6'78
1387 1984 1746 2039 Nihilominus
1783 1983 2072 2038 exinanivil

2178 1989 2432 2061 ἐσόμενα,
2466 1991 2562 2044 καὶ
2590 1990 2833 2062 σημείων
2863 1983 2940 2044 ὧν
2967 1989 3214 2045 αἰτοῦσιν
3237 1989 3326 2043 ἀεὶ
3365 1988 3460 2042 τὸν
3495 1987 3768 2043 παναλκέ-

488 2075 862 2145 semetipsum,
884 2077 1178 2132 secundum
1206 2075 1514 2148 Scriptnras
1527 2077 1596 2143 ³⁸,
1627 2077 1916 2132 demittens
1939 2090 1996 2156 se
2021 2075 2072 2129 in

2179 2093 2374 2132 στατον
2407 2080 2798 2152 ἁποτελεστήν.
2834 2081 2946 2134 Καὶ
2993 2080 3078 2146 τίς
3123 2081 3188 2152 δὴ
3237 2077 3331 2134 οὖν
3378 2073 3534 2144 οὗτός
3573 2083 3763 2146 ἐστιν;

494 2169 547 2228 Id
577 2170 722 2238 quod
770 2183 876 2224 non
900 2178 1040 2234 erat,
1065 2180 1120 2225 et
1147 2169 1451 2239 appellatus
1474 2184 1662 2225 servus
1701 2179 1924 2239 propter
1980 2183 2078 2221 na-

490 2270 664 2314 turam
698 2261 1016 2328 humanam,
1049 2262 1296 2332 quamvis
1335 2262 1575 2316 omnium
1603 2261 1860 2316 Dominus
1908 2271 2073 2326 esset,

493 2359 751 2423 tanquam
792 2352 958 2409 Deus.
989 2351 1098 2408 Sed
1117 2352 1261 2408 idem
1281 2361 1336 2408 et
1358 2351 1552 2409 Oriens
1579 2361 1719 2417 erat,
1747 2351 1799 2406 id
1838 2361 1920 2406 est
1938 2392 1955 2416 ,
1982 2351 2073 2406 Sol

486 2444 714 2512 justitize
729 2447 796 2499 “.
821 2443 1059 2501 Exortus
1087 2455 1171 2500 est
1199 2445 1434 2508 enim,et
1462 2444 1783 2499 illuminavit
1813 2459 1912 2500 nos
1929 2443 2075 2498 velut

486 2539 544 2592 in
577 2536 818 2592 tenebris
843 2537 1098 2607 degentes
1129 2537 1200 2603 ⁸⁷,
1226 2546 1282 2592 et
1314 2545 1522 2591 tantum
1565 2551 1674 2590 non
1717 2536 1881 2591 etiam
1952 2543 2073 2588 tan-

489 2641 652 2695 quam
681 2638 843 2682 nocte
879 2637 934 2683 et
971 2639 1196 2683 veterno
1224 2628 1448 2682 obrutos
1495 2626 1783 2681 mundanis
1822 2625 2070 2692 volupta-

491 2717 657 2785 tibus,
675 2719 980 2789 mentisque
1010 2718 1224 2774 oculum
1253 2716 1491 2773 tenebris
1520 2715 1747 2772 effusum
1786 2717 2067 2778 habentes,

485 2811 746 2865 excitavit
783 2809 852 2864 ad
892 2809 1152 2880 vigili-am,
1174 2817 1227 2862 et
1251 2809 1423 2879 gratia
1455 2823 1551 2862 sua
1601 2822 1700 2862 nos
1755 2806 2067 2861 illustravit.

484 2895 625 2950 IIinc
663 2905 720 2951 et
745 2895 960 2966 sapiens
994 2895 1192 2950 Paulus
1226 2896 1382 2950 nobis
1414 2897 1703 2966 prmeepit,
1761 2895 1862 2950 hoc
1897 2896 2067 2963 ipsum

483 2984 835 3056 significans:
874 3001 894 3036 ι
937 2982 1052 3039 Nox
1081 2983 1376 3055 praecessit,
1405 2983 1521 3037 dies
1559 2993 1738 3035 autem
1779 2981 2069 3050 appropin-

484 3076 692 3144 quavit.
733 3074 1065 3144 Abjiciamus
1130 3089 1259 3144 ergo
1289 3087 1450 3144 opera
1493 3072 1864 3135 tenebrarum,
1902 3077 1956 3124 et
1987 3069 2070 3122 in-

2181 2184 2200 2217 c
2225 2167 2353 2222 Ἰδοὺ
2381 2167 2493 2236 ἐγὼ
2526 2169 2644 2238 ἄγω
2672 2170 2762 2223 τὸν
2787 2169 2972 2224 δοῦλόν
3008 2187 3135 2242 μου,
3153 2171 3409 2242 ’Δνατολὴ
3454 2171 3624 2242 ὄνομα
3665 2172 3765 2224 αύ-

2173 2260 2273 2330 τῷ.
2308 2279 2326 2313 ι
2365 2260 2497 2324 Θεὸς
2553 2261 2653 2332 μὲν
2679 2258 2771 2316 οὖν
2801 2261 2944 2315 κατὰ
2972 2261 3135 2331 φύσιν
3179 2261 3274 2314 καὶ
3295 2262 3359 2314 ἐκ
3389 2259 3526 2313 Θεοῦ
3551 2259 3766 2331 [ἰατρὸς

2175 2353 2414 2422 πέφηνεν
2445 2353 2474 2404 6
2507 2353 2838 2424 Μονογενὴς,
2869 2353 2964 2406 καὶ
3004 2353 3080 2418 ὡς
3110 2351 3270 2406 τοῦτο
3295 2352 3579 2423 ὑπάρχων,
3609 2349 3765 2404 ἐλεύο

2174 2443 2532 2515 θερος.“Αλλὰ
2584 2444 2890 2498 κεκένωκεν
2941 2444 3154 2509 ἑαυτὸν,
3183 2443 3328 2497 κατὰ
3369 2445 3468 2506 τὰς
3517 2441 3764 2514 Γραφὰς,

2173 2536 2386 2601 καθιεὶς
2436 2538 2515 2600 εἰς
2559 2537 2698 2607 ὅπερ
2751 2537 2851 2590 οὐκ
2899 2531 2989 2607 ἦν,
3017 2537 3111 2589 καὶ
3143 2534 3520 2606 κεχρημάτικε
3553 2534 3764 2601 δοῦλος,

2171 2629 2261 2682 διὰ
2289 2628 2352 2681 τὸ
2385 2626 2746 2698 ἀνθρώπινον,
2779 2628 2958 2682 καίτοι
2988 2627 3192 2698 Κύριος
3222 2627 3442 2680 πάντων
3477 2626 3765 2698 ὑπάρχων,

2169 2717 2245 2782 ώς
2287 2717 2439 2782 Θεός.
2457 2717 2599 2770 Ἀλλ’
2629 2714 2699 2788 ἦν
2743 2719 2839 2771 καὶ
2885 2713 3040 2781 οὗτος
3066 2715 3342 2788 Ἀνατολὴ,
3381 2715 3652 2779 τουτέστι,
3686 2717 3767 2770 δι-

2171 2809 2464 2880 καιοσύνης
2493 2810 2702 2874 Ἥλιος.
2733 2810 2952 2879 Ἀνέσχε
2998 2808 3108 2880 γὰρ
3163 2811 3259 2864 καὶ
3296 2808 3612 2880 ἐπέλαμψεν
3645 2803 3765 2863 οἷά-

2171 2915 2280 2971 περ
2324 2901 2384 2953 ὲν
2437 2900 2619 2963 σκότει
2671 2898 3004 2952 διατελοῦσιν
3033 2900 3187 2969 ἡμῖν,
3227 2897 3388 2968 μόνον
3419 2898 3477 2951 δὲ
3509 2898 3630 2968 οὐχὶ
3668 2897 3765 2952 καὶ

2169 2989 2244 3053 ὡς
2272 2992 2327 3042 ἐν
2355 2990 2511 3044 νυκτὶ
2568 2990 2660 3044 καὶ
2691 2988 2843 3059 ὕπνῳ
2873 2987 3292 3059 κεκαρωμένους
3323 2988 3441 3049 ταῖς
3469 2988 3766 3056 κοσμικαῖς

2169 3081 2407 3152 ἡδοναῖς,
2442 3082 2536 3134 καὶ
2583 3081 2683 3150 τῆς
2715 3079 2957 3144 διανοίας
2998 3079 3091 3132 τὸν
3126 3078 3402 3148 ὀφθαλμὸν
3446 3095 3765 3132 κατεσκοτι-

485 3169 718 3222 duamur
744 3182 897 3222 arma
934 3167 1090 3231 lucis,
1140 3167 1283 3220 sicut
1309 3165 1362 3218 in
1393 3164 1482 3218 die
1540 3163 1769 3217 honeste
1829 3160 2068 3214 ambule-

2177 3173 2428 3242 σμένιιυς,
2462 3173 2653 3244 ἦγειρέ
2700 3188 2759 3224 τε
2793 3171 2931 3242 πρὸς
2958 3171 3141 3241 νῆψιν,
3180 3170 3276 3224 καὶ
3326 3169 3614 3241 λαμπροὺς
3657 3170 3764 3223 ἀπ-

486 3255 725 3312 111118⁸⁸.»
752 3256 818 3312 Ει
851 3258 1042 3312 iterum
1070 3275 1083 3312 :
1123 3275 1140 3308 ι
1183 3256 1377 3325 Surge,
1407 3254 1495 3325 qui
1527 3255 1749 3319 dormis,
1774 3263 2072 3323 etexsurge

2175 3264 2342 3334 ἐφηνε
2373 3267 2438 3335 τῇ
2470 3266 2600 3334 παρ’
2629 3261 2825 3317 ἑαυτοῦ
2851 3263 3054 3334 χάριτι.
3090 3260 3379 3331 Τοιγάρτοι
3421 3261 3516 3313 xal.
3545 3260 3573 3312 6
3601 3258 3764 3328 σοφὸς

485 3365 514 3403 a
545 3351 796 3416 mortuis,
815 3363 868 3406 et
896 3351 1224 3408 illuminabit
1245 3361 1298 3407 te
1321 3349 1575 3407 Christus
1603 3349 1676 3404 ⁸⁸.
1715 3368 1734 3402 ι
1759 3350 2074 3420 Promulgat

487 3443 650 3512 igitur
671 3453 799 3497 ante
846 3443 1075 3512 insignia
1125 3443 1266 3499 facta
1327 3443 1625 3498 Salvatoris
1694 3442 1887 3508 nostri,
1943 3457 2064 3511 qum

487 3548 725 3599 praesens
776 3535 1022 3591 editurus
1068 3546 1172 3591 est.
1206 3535 1457 3590 Nominat
1524 3549 1764 3599 servum,
1805 3535 2064 3604 quoniam

486 3626 542 3680 in
580 3626 723 3682 servi
764 3626 934 3682 forma
972 3628 1159 3695 venit;
1185 3628 1483 3692 Orientem,
1515 3627 1640 3696 quia
1679 3627 1859 3681 lumen
1885 3640 2070 3680 verum

487 3728 590 3786 est,
623 3720 768 3774 idem
822 3730 877 3776 et
906 3720 1045 3785 dies,
1074 3729 1129 3776 et
1154 3720 1334 3776 clarus
1366 3718 1556 3774 lucifer
1584 3718 1635 3772 iu
1675 3718 1946 3773 mentibus
1974 3731 2070 3772 ex-

489 3814 674 3869 oriens
705 3825 759 3868 et
799 3814 966 3870 corda
1013 3813 1192 3869 lucida
1241 3813 1498 3868 cﬂiciens.
1560 3811 1784 3882 Insuper
1836 3809 2067 3880 lapidem

487 3914 676 3962 vocat:
706 3904 835 3976 quin
865 3914 918 3960 et
945 3905 1130 3959 datum
1163 3915 1289 3960 ante
1331 3903 1522 3959 faciem
1563 3901 1712 3969 lesu,
1758 3909 1814 3957 et
1861 3909 2067 3968 septem

485 3996 691 4053 habere
713 3996 899 4052 oculos
937 4003 1203 4050 autumat.
1249 3993 1546 4064 Oportebat
1593 3994 1738 4049 enim
1802 3989 2070 4059 imprimis

487 4089 846 4146 sacerdotium
877 4088 1066 4159 legale,
1090 4089 1247 4158 cujus
1278 4098 1461 4160 typum
1507 4086 1786 4158 posuimus
1832 4079 2016 4138 Jesum
2048 4117 2064 4142 ,

486 4183 641 4252 quasi
677 4190 804 4238 ante
852 4180 1047 4236 faciem
1078 4187 1133 4234 et
1171 4190 1297 4235 ante
1350 4179 1541 4235 oculos
1600 4177 1805 4232 habere
1855 4184 2068 4240 semper

487 4275 719 4345 lapidem
748 4273 977 4328 electum
1000 4312 1016 4339 ,
1047 4269 1382 4342 angularem,
1409 4268 1728 4339 pretiosum,
1763 4265 1818 4318 in
1871 4261 2065 4315 funda-

488 4371 730 4418 mentum
768 4361 898 4418 Sion
961 4363 1236 4418 decretum
1259 4403 1274 4426 ,
1307 4359 1490 4414 multis
1539 4354 1712 4412 oeulis
1746 4353 2065 4410 .intuentem

487 4452 668 4508 omnia
698 4453 766 4508 θα.
799 4450 1014 4522 Septem
1041 4453 1238 4522 quippe
1264 4450 1629 4520 integritatem
1652 4442 2065 4515 perfectionem-

2173 3355 2306 3425 ἡμῖν
2327 3355 2632 3409 ἐπιστέλλει
2662 3355 2893 3418 Παῦλος,
2918 3354 3050 3408 αὐτὸ
3077 3353 3140 3423 δὴ
3168 3352 3328 3405 τοῦτο
3357 3350 3725 3422 καταμηνύων
3743 3366 3760 3382 ο

2181 3464 2199 3497 ι
2223 3445 2285 3498 Ἦ
2311 3445 2405 3512 νὺξ
2427 3444 2752 3517 προέκοψεν,
2784 3447 2817 3516 ἡ
2838 3445 2895 3497 δὲ
2917 3444 3101 3516 ἡμέρα
3131 3445 3382 3515 ἤγγισεν.
3400 3443 3764 3515 Ἀποθώμεθα

2170 3533 2264 3592 οῦν
2297 3539 2364 3593 τὰ
2401 3539 2539 3609 ἔργα
2576 3538 2671 3591 τοῦ
2712 3539 2958 3604 σκότους,
2988 3539 3084 3591 καὶ
3126 3535 3475 3607 ἐνδυσώμεθα
3511 3537 3579 3591 τὰ
3626 3539 3765 3609 ἔργα

2169 3627 2264 3680 τοῦ
2306 3628 2505 3696 φωτὸς,
2533 3627 2609 3690 ὡς
2653 3628 2712 3680 ἐν
2755 3627 2939 3699 ἡμέρᾳ
2973 3627 3325 3698 εὐσχημόνως
3373 3628 3767 3698 περιπατήσω-

2175 3737 2294 3790 μεν.
2331 3738 2351 3772 ι
2388 3721 2496 3772 Καὶ
2530 3719 2712 3773 πάλιν
2743 3721 3021 3790 «Ἔγειρε,
3056 3722 3084 3773 6
3109 3720 3408 3786 καθεύδων,
3433 3721 3529 3774 καὶ
3553 3721 3763 3774 ἀνάστα

2171 3815 2234 3864 ἐκ
2261 3811 2371 3864 τῶν
2403 3810 2634 3881 νεκρῶν,
2666 3811 2760 3864 καὶ
2791 3811 3083 3880 ἐπιφαύσει
3116 3829 3198 3865 σοι
3226 3815 3254 3866 6
3282 3811 3536 3884 Χριστός.
3569 3830 3587 3862 ι
3615 3812 3757 3882 1190-

2172 3903 2538 3973 ανακηρύττει
2568 3901 2858 3972 τοιγαροῦν
2888 3903 2992 3972 τῆς
3035 3902 3129 3955 τοῦ
3161 3903 3410 3974 Σωτῆρος
3443 3901 3600 3973 ἡμῶν
3641 3904 3800 3955 ἐπι-κ

2169 3992 2372 4063 δημίας
2419 3990 2490 4044 τὰ
2537 3991 2768 4064 λαμπρὰ
2800 3989 3220 4063 κατορθώματα.
3253 3992 3448 4046 Δοῦλον
3493 3992 3551 4046 δέ
3593 4008 3763 4061 φησιν

2169 4083 2330 4138 αὐτὸν
2352 4084 2442 4138 διά
2454 4101 2559 4148 τοι,
2580 4083 2639 4136 τὸ
2661 4085 2718 4136 ἐν
2732 4083 2918 4136 δούλου
2943 4083 3262 4137 καθικέσθαι
3288 4085 3469 4154 μορφῇ
3492 4100 3505 4114 ο
3542 4084 3763 4137 Ἀνατῦο

2168 4175 2266 4245 λὴν
2294 4174 2372 4240 δὲ,
2401 4175 2484 4228 ὄτι
2515 4174 2629 4244 φῶς
2663 4175 2778 4226 ἐστι
2819 4173 2879 4226 τὺ
2923 4173 3175 4242 ἀληθινὸν
3209 4173 3392 4242 αὐτὸς,
3427 4174 3520 4228 καὶ
3548 4173 3759 4246 ἡμέρα,

2170 4269 2266 4322 καὶ
2292 4267 2545 4337 λαμπρὸς
2578 4265 2876 4336 ἑωσφόρος,
2908 4267 2990 4330 εἰς
3017 4265 3141 4320 νοῦν
3167 4266 3494 4330 ἀνατέλλων,
3531 4267 3626 4320 καὶ
3659 4283 3759 4320 και

2167 4359 2546 4430 ταφαιδρύνων
2577 4358 2827 4429 καρδίας.
2874 4359 3163 4429 Ὀνομάζει
3201 4358 3259 4412 δὲ
3292 4357 3430 4428 πρὸς
3460 4357 3635 4428 τούτῳ
3663 4358 3762 4412 καὶ

2168 4449 2330 4505 Λίθον
2373 4449 2555 4512 αὐτὸν,
2593 4449 2686 4502 καὶ
2713 4447 2821 4519 μὴν
2855 4449 2949 4501 καὶ
2990 4447 3234 4502 δεδόσθαι
3284 4450 3418 4519 φησι
3452 4449 3556 4520 πρὸ
3585 4464 3765 4516 προσ-

485 4559 592 4613 que
618 4542 894 4598 declarare
916 4544 1108 4598 solent.
1145 4541 1360 4599 Sterilis
1396 4539 1560 4608 igitur
1614 4536 1816 4591 dicitur
1877 4548 2069 4605 parere

2173 4540 2322 4594 ώπου
2348 4539 2548 4611 Ἰησοῦ,
2578 4540 2719 4594 ἐπτά
2742 4558 2800 4594 τε
2831 4541 2976 4612 ἔχειν
3002 4541 3129 4604 τοὺς
3158 4540 3469 4612 ὀφθαλμοὺς
3494 4541 3763 4612 διισχυρί-

486 4644 693 4702 septem
723 4635 790 4691 “.
827 4633 970 4692 Mille
1004 4645 1183 4690 autem
1215 4632 1388 4688 oculis
1426 4629 1610 4686 omnia
1643 4628 1864 4694 intueri,
1896 4637 1950 4682 et
1979 4625 2066 4680 in-

483 4727 702 4796 spicere
753 4741 842 4782 res
877 4735 1097 4783 nostras
1150 4724 1388 4779 divinam
1444 4731 1500 4775 et
1560 4715 1885 4774 ineffabilem
1939 4715 2065 4776 Filii

485 4826 736 4872 naturam
771 4832 877 4872 non
901 4823 1077 4888 potest
1098 4813 1372 4884 quispiam
1409 4809 1662 4868 dubitare
1691 4827 1708 4864 :
1737 4827 1757 4863 ι
1797 4807 1964 4865 Vivus
1983 4817 2068 4864 est

486 4908 628 4963 enim
655 4923 838 4964 sermo
863 4907 982 4974 Dei,
999 4915 1056 4961 et
1071 4901 1286 4968 elﬁcax,
1308 4911 1366 4957 et
1384 4899 1767 4973 peuetrabilior
1783 4900 1932 4957 omni
1953 4901 2066 4971 gla-

485 4999 572 5055 dio
598 4998 913 5069 ancipiti,“
931 4995 1244 5066 pertingens
1259 5005 1430 5060 usque
1443 4989 1512 5044 ad
1532 4990 1852 5046 divisionem
1871 4991 2067 5047 animm

483 5097 539 5143 et
554 5089 1132 5159 spiritus,compagum
1147 5096 1362 5152 quoque
1390 5089 1446 5138 et
1470 5081 1852 5149 medullarum,
1875 5092 1928 5138 ct
1952 5082 2069 5138 dis-

2174 4631 2500 4700 ζεται.”Εδει
2529 4631 2639 4704 γὰρ
2675 4632 2908 4704 μάλιστα
2948 4632 3047 4702 τὴν
3078 4633 3217 4687 κατὰ
3243 4632 3403 4703 νόμον
3433 4633 3758 4705 ἱερωσύνην,

2172 4718 2241 4796 ἧς
2267 4726 2348 4788 είς
2375 4721 2547 4779 τύπον
2576 4723 2858 4794 ἐθήκαμεν
2889 4720 2982 4775 τόν
3009 4720 3236 4792 Ἰησοῦν,
3265 4722 3426 4775 οἱονεὶ
3453 4721 3559 4792 πρὸ
3585 4737 3760 4793 προσ-

2171 4813 2321 4868 ώπου
2372 4815 2463 4868 καὶ
2509 4814 2615 4885 πρὸ
2660 4812 2950 4883 ὀφθαλμῶν
2981 4811 3126 4882 ἔχειν
3150 4812 3238 4866 διὰ
3263 4812 3464 4876 παντὸς
3494 4813 3586 4866 τὸν
3609 4811 3758 4866 λίθον

2170 4907 2262 4966 τὸν
2290 4906 2564 4971 ἐκλεκτὸν,
2597 4906 2691 4958 τὸν
2725 4906 3141 4976 ἀκρογωνιαῖον,
3166 4905 3258 4958 τὸν
3290 4903 3528 4974 ἔντιμον.
3560 4903 3651 4958 τὸν
3677 4905 3758 4968 είς

2175 4999 2246 5054 τὰ
2277 4999 2504 5071 θεμέλια
2543 4996 2701 5062 Σιὼν,
2736 4997 2826 5050 τὸν
2868 4997 3082 5061 πολλοῖς
3132 4995 3428 5067 ὀφθαλμοῖς
3475 4995 3760 5067 ἐφορῶντα

2175 5087 2246 5141 τὰ
2266 5087 2464 5142 πάντα.
2486 5086 2560 5140 T6
2585 5085 2694 5157 γὰρ
2720 5085 2883 5152 ἑπτὰ,
2913 5083 3008 5139 τοῦ
3039 5085 3260 5149 τελείως
3287 5084 3500 5156 ἔχοντος
3529 5085 3615 5138 ἀεί
3641 5083 3759 5147 πώς

483 5191 664 5237 eretur
687 5179 1072 5252 cogitationum
1096 5182 1152 5231 et
1177 5175 1535 5230 intentionum
1566 5175 1768 5243 cordis,
1788 5184 1842 5230 et
1859 5192 1965 5232 non
1987 5184 2072 5232 est

2177 5179 2294 5232 ἐστι
2346 5176 2699 5248 σημαντικόν.
2730 5177 2927 5246 Στεῖρα
2957 5175 3089 5244 γοῦν
3131 5175 3352 5244 λέγεται
3381 5176 3561 5229 τεκεῖν
3594 5173 3756 5229 ἑπτά.

485 5273 589 5330 ulla
605 5266 1151 5328 creaturainvisibilis
1167 5266 1220 5322 in
1237 5276 1522 5337 conspectu
1536 5265 1872 5337 ej,us.Omnia
1891 5275 2069 5322 autem

484 5365 623 5420 nuda
641 5372 697 5417 et
713 5368 898 5434 aperta
926 5358 1236 5415 suntoculis
1257 5360 1393 5429 ejus,
1409 5381 1428 5412 ι
1447 5357 1586 5416 sicut
1611 5358 1876 5430 scriptum
1900 5368 1984 5414 est
2001 5357 2068 5412 ⁸³.

2179 5267 2302 5326 ’Ότι
2332 5267 2390 5322 δὲ
2442 5267 2659 5338 μυρίοις
2705 5265 2948 5338 ὄμμασιν
2985 5266 3159 5336 ἐφορᾷ
3202 5265 3381 5319 πάντα
3417 5266 3512 5319 καὶ
3535 5266 3760 5320 ἐπισκέ-

2177 5373 2374 5411 πτεται
2418 5356 2488 5410 τὰ
2518 5355 2640 5410 καθ’
2666 5357 2816 5427 ἡμᾶς
2862 5357 2896 5426 ἡ
2939 5354 3060 5409 θεία
3090 5372 3150 5408 τε
3186 5355 3279 5408 καὶ
3325 5355 3634 5428 ἀπόρρητος
3661 5353 3756 5408 τοῦ

482 5454 615 5510 Υίοῦ
644 5452 830 5525 φύσις,
848 5453 950 5513 οὐκ
978 5451 1044 5508 ἂν
1067 5452 1360 5515 ἐνδοιάσειὲ
1393 5471 1477 5518 τις
1499 5469 1513 5484 ·
1546 5472 1567 5507 ι
1593 5453 1710 5508 Ζῶν
1761 5453 1870 5525 γὰρ
1892 5455 1922 5508 6
1957 5453 2114 5522 λόγος
2145 5451 2240 5508 τοῦ
2273 5451 2430 5518 Θεοῦ,
2513 5451 2604 5508 καὶ
2648 5450 2897 5522 ἐνεργὴς,
2929 5450 3022 5504 καὶ
3049 5449 3358 5520 τομώτερος
3390 5451 3532 5521 ὑπὲρ
3576 5453 3756 5505 πᾶσαν

487 5551 766 5624 μάχαιραν
811 5550 1084 5621 δίστομον,
1115 5551 1209 5604 καὶ
1235 5549 1605 5624 διικνούμενος
1636 5550 1762 5620 ἄχρι
1829 5548 2098 5622 μερισμοῦ
2135 5549 2313 5623 ψυχῆς
2367 5547 2462 5605 καὶ
2512 5545 2842 5617 πνεύματος,
2867 5545 3073 5616 ,ἁρμῶν
3115 5560 3176 5596 τε
3217 5545 3312 5598 καὶ
3391 5542 3627 5615 μυελῶν,
3660 5541 3756 5596 καὶ

553 5749 599 5780 ⁸³
631 5749 786 5820 Juan.
822 5768 880 5820 ιι,
919 5752 1104 5808 III-I9.
1185 5755 1228 5785 “
1263 5753 1448 5811 Matth.
1491 5767 1586 5818 sit,
1619 5752 1706 5807 58.
1788 5753 1830 5783 ⁸³
1860 5751 2072 5820 Philipp

1472 5826 1516 5855 ¹¹⁰
1549 5812 1650 5877 Isa.
1691 5835 1879 5889 xxvm,
1925 5812 2072 5888 ΙϐξῚ

2176 5812 2244 5878 tr.
2270 5812 2350 5890 ἰι,
2379 5825 2429 5878 li.
2525 5824 2566 5855 θ’
2601 5821 2616 5876 I
2653 5821 2784 5890 llcg.
2831 5835 2887 5883 ιι,
2926 5818 2976 5873 5.
3057 5820 3098 5851 ³⁸
3132 5815 3295 5872 Ilcbr.
3329 5828 3402 5883 tv,
3434 5812 3518 5872 12.
3559 5812 3645 5867 I3.

425 5829 438 5839 '
487 5833 604 5888 λιιι,
643 5819 725 5887 12,
756 5819 873 5878 I3.
920 5823 964 5856 "
998 5823 1193 5894 I‘Ipltcs.
1223 5841 1272 5890 γ,
1310 5825 1389 5878 Η.

2079 5792 2091 5804 .
2129 5767 2186 5813 ιι,
2231 5752 2282 5816 7,
2316 5752 2369 5806 8η.

2448 5753 2493 5782 ⁸⁸
2529 5749 2758 5806 Malm-It.
2797 5764 2869 5808 tv.
2911 5748 2964 5802 ε.
3042 5747 3086 5779 ⁸⁷
3120 5745 3246 5801 Luc.
3279 5759 3319 5806 1,
3351 5743 3438 5797 79.
3517 5742 3560 5774 ³⁸
3595 5741 3752 5796 Rom.
