4130 6482
349 399 417 456 57
626 403 642 416 ’
1183 399 1745 469 ςοιιιιεΝτΑῐιιῖε
1785 401 1848 468 IN
1890 411 2296 471 zacnaman
2341 415 2799 474 merueram.
3592 418 3664 475 ss

544 516 950 589 διαμέμνηται,
993 520 1170 592 λέγων
1223 527 1642 597 αἰνιγματωδῶς
1695 531 1833 601 πρδς
1870 531 1960 585 τὸν

2071 538 2374 604 abundans,
2417 540 2466 593 in
2520 539 2783 594 lateribus
2822 540 3015 594 domus
3059 547 3165 594 tua:
3188 541 3229 592 '.
3263 557 3284 592 ι
3321 540 3410 594 Ait
3466 550 3521 594 et
3551 542 3667 610 ipse

345 607 562 663 ἄνωθεν
595 610 692 663 καὶ
728 611 787 676 ἐξ
816 613 1050 684 οὐρανοῦ
1098 617 1352 688 νυμφίον,
1395 622 1666 678 τουτέστι.
1700 624 1958 693 Χριστὸν·

351 719 372 750 ι
418 700 486 754 Ἥ
506 703 645 773 γυνή
676 720 771 756 σου
801 704 878 769 ὡς
901 707 1145 778 ἄμπελος
1175 710 1500 780 εὐθηνοῦσα,
1526 717 1584 768 ἐν
1618 719 1730 778 τοῖς
1755 716 1963 770 κλίτεσι

344 790 450 859 τῆς
478 792 660 855 οἰκίας
699 810 815 850 σου.
857 814 876 847 ι
903 797 1047 870 Ἔφη
1073 798 1130 852 δέ
1171 817 1274 853 που
1316 801 1410 854 καὶ
1432 804 1596 867 αὐτὸς
1622 803 1652 857 ὁ
1681 805 1791 858 τῶν
1823 806 1963 859 ὅλων

344 881 506 947 Θεός
547 903 565 935 ι
603 886 670 938 Δί
697 887 939 957 ἄμπελοι
990 891 1374 963 κυπρίζουσιν,
1426 894 1635 949 ἔδωκαν
1690 897 1886 968 ὀσμὴν,
1930 900 1964 969 ἠ

347 976 496 1046 συκῆ
525 977 823 1048 ἐξήνεγκεν
867 980 1124 1046 ὀλύνθους
1178 985 1368 1058 αὐτῆς.
1407 1006 1425 1039 ι
1469 988 1557 1052 Ὡς
1585 989 1693 1060 γὰρ
1715 991 1817 1061 ἤδη
1853 992 1964 1045 τῶν

358 1066 710 1139 Ἐκκλησιῶν
737 1072 1064 1145 ἀρξαμένων
1097 1078 1156 1130 ὲν
1190 1078 1382 1150 κόσμῳ
1406 1081 1495 1134 διὰ
1527 1083 1626 1152 τῆς
1675 1085 1758 1146 είς
1799 1085 1964 1139 αὑτὸν

343 1157 672 1224 εὐωδιάζειν
697 1162 959 1231 πίστεως,
979 1166 1080 1230 τὰς
1098 1169 1380 1238 ἀμπέλους
1398 1171 1502 1244 ἔφη
1531 1174 1844 1245 κυπρίζειν,
1871 1177 1966 1229 καὶ

348 1250 462 1318 μὴν
498 1251 595 1303 καὶ
629 1252 983 1320 ἐκφαίνεσθαι
1006 1258 1134 1320 τοὺς
1172 1259 1454 1324 ὀλύνθους·
1506 1263 1748 1327 νοηθείεν
1779 1264 1846 1318 ἂν
1873 1267 1967 1319 καὶ

342 1334 520 1405 οὗτοι,
554 1342 666 1396 τῶν
687 1345 814 1415 ἀρτι
849 1350 1296 1404 πεπιστευκότων
1325 1354 1358 1422 ἡ
1393 1351 1547 1406 οὔπω
1577 1355 1676 1424 μὲν
1703 1356 1966 1428 πέπειρος

344 1434 444 1486 καὶ
463 1433 699 1502 γλυκεῖα
732 1436 977 1507 πληθὺς,
1038 1440 1272 1512 ἐσομένη
1335 1442 1393 1496 δέ
1450 1445 1593 1498 κατά
1635 1445 1834 1517 βραχὺ,
1873 1449 1967 1502 καὶ

341 1529 472 1590 ταῖς
503 1529 586 1590 εἰς
623 1528 687 1581 τὸ
746 1529 973 1599 ἄμεινον
1030 1532 1338 1589 ἐπιδόσεσιν
1389 1536 1544 1590 ἰοῦσα
1601 1539 1736 1610 πρὸς
1785 1541 1964 1595 τοῦτο.

357 1614 752 1686 Ἀδρυνθέντες
785 1620 916 1691 γὰρ,
947 1622 1042 1674 καὶ⁵
1073 1624 1154 1685 είς
1183 1624 1356 1696 ἄνδρα
1395 1626 1603 1680 τέλειον
1631 1629 1967 1700 ἀναϐεϐηκό-

341 1725 441 1771 τες
470 1707 570 1761 τοῦ
596 1709 970 1782 πληρώματος
1020 1713 1115 1766 τοῦ
1168 1715 1430 1786 Χριστοῦ,
1487 1718 1709 1786 γλυκεῖς
1765 1715 1966 1794 οἷάπερ

2071 629 2446 684 universorum
2482 632 2624 686 Deus
2663 631 2898 700 quodam
2932 631 3052 685 loco
3087 647 3101 685 :
3143 649 3161 682 ι
3199 630 3381 686 Vinea:
3411 630 3669 686 ﬂorentes
3696 651 3724 674 κ

2068 721 2338 776 dederunt
2388 723 2609 776 odorem
2663 738 2845 788 suum,
2894 731 2950 776 et
2999 722 3134 776 licus
3170 721 3398 790 protulit
3448 733 3668 788 grossos

2069 827 2198 867 suos
2227 813 2290 866 '°.
2323 831 2341 864 ι
2379 813 2454 868 Ut
2486 813 2631 867 enim
2659 812 2794 880 jam,
2833 812 3090 869 Ecciesiis
3127 815 3179 867 in
3224 813 3426 866 mundo
3457 813 3561 865 title
3612 810 3667 865 in

2070 903 2244 972 ipsum
2289 905 2581 969 inchoatis,
2612 905 2800 960 vineas
2828 921 3050 960 suavem
3080 907 3293 975 spirare
3317 904 3561 968 odorem,
3595 917 3664 958 ac

2067 995 2263 1050 ﬂorere
2291 1005 2454 1065 atque
2487 997 2708 1065 insuper
2755 1012 2979 1066 grossos
3007 1011 3200 1066 parere
3229 997 3362 1051 dicit
3393 1013 3405 1047 :
3432 1009 3665 1062 quorum

2070 1088 2290 1141 nomine
2323 1104 2496 1157 nuper
2529 1089 2633 1142 Iide
2683 1088 3021 1142 initiatorum
3071 1088 3306 1152 nondum
3351 1097 3562 1140 matura
3610 1094 3669 1140 et

2069 1179 2241 1233 dulcis
2286 1181 2599 1242 multitudo,
2660 1180 2841 1234 futura
2879 1189 3062 1232 autem
3097 1179 3356 1248 paulatim
3405 1188 3457 1232 et
3495 1179 3670 1232 incre-

2073 1269 2273 1322 mentis
2303 1272 2368 1322 ad
2416 1269 2637 1322 meliora
2683 1271 2788 1323 huc
2815 1270 3171 1340 progrediens
3197 1269 3425 1338 intelligi
3463 1275 3662 1337 potest.

2069 1359 2264 1430 Adepti
2313 1360 2458 1414 enim
2511 1361 2972 1430 magnitudinem,
3031 1381 3050 1413 ι
3080 1370 3135 1416 et
3182 1363 3234 1416 in
3271 1363 3444 1416 virum
3484 1361 3665 1431 perle-

2069 1461 2217 1505 ctum
2266 1451 2619 1520 plenitudinis
2663 1452 2870 1507 Christi
2899 1455 2942 1490 ιι
2980 1473 2998 1505 ι
3033 1454 3228 1518 evecti,
3277 1453 3464 1508 dulces
3511 1451 3665 1521 quasi

2071 1543 2282 1596 fructus
2314 1544 2520 1598 erimus
2571 1545 2702 1606 Deo,
2748 1544 3008 1600 Ecclesiae
3052 1544 3202 1598 velut
3250 1544 3406 1598 matri
3453 1543 3665 1620 agnati.

2069 1635 2415 1705 Quapropter
2451 1649 2549 1704 per
2582 1635 2744 1690 Iicnm
2777 1644 2832 1690 et
2862 1641 3027 1690 vitem
3071 1635 3359 1690 intellectis
3388 1633 3666 1696 Ecclesiis,

2069 1729 2170 1782 sub
2210 1728 2342 1797 ipsis
2375 1729 2599 1810 erimus,
2638 1737 2694 1783 et
2743 1728 2795 1781 in
2829 1728 2962 1798 ipsis
3005 1728 3430 1792 diversabimur,
3467 1729 3666 1779 cohor-

342 1801 598 1888 ἐσόμεθα
628 1803 835 1874 καρποὶ
877 1803 957 1874 τῷ
991 1805 1134 1876 Θεῷ,
1185 1807 1442 1880 καθάπερ
1502 1811 1676 1882 μητρί
1735 1829 1846 1866 τινι
1898 1817 1964 1886 τῇ

2075 1819 2349 1888 tandoque
2400 1801 2544 1872 inter
2597 1833 2696 1874 nos
2750 1820 2997 1873 dicemus
3050 1819 3180 1871 illud
3229 1816 3607 1886 propheticum
3649 1832 3664 1868 :

359 1887 674 1960 Ἐκκλησία⁵
732 1895 1208 1964 προσπεφυκότες.
1265 1896 1479 1950 Οὐκοῦν
1533 1899 1623 1952 διά
1672 1917 1733 1954 τε
1790 1904 1959 1974 συκῆς

2071 1926 2089 1961 ι
2125 1887 2342 1974 Venite,
2385 1911 2750 1965 ascendamus
2805 1911 2873 1965 ad
2924 1919 3164 1964 montem
3218 1908 3465 1973 Domini,
3499 1916 3555 1961 et
3599 1906 3666 1960 ad

341 1981 448 2033 καὶ
488 1981 746 2052 ἀμπέλου
804 1986 1122 2056 νοουμένων
1162 1988 1274 2042 τῶν
1320 1989 1680 2062 Ἐκκλησιῶν,
1734 1995 1828 2048 ὑπ’
1866 1997 1965 2050 αὺ-

325 2076 474 2136 .ταῖς
516 2075 776 2145 ἐσόμεθα,
805 2078 902 2131 καὶ
961 2079 1020 2132 ἐν
1051 2081 1242 2146 αὑταῖς
1291 2083 1696 2156 καταλύσομεν,
1729 2104 1968 2158 προτρο-

341 2163 534 2233 πάδην
600 2166 857 2237 ἀλλήλοις
913 2170 1094 2224 ἐκεῖνο
1144 2171 1401 2242 λέγοντες
1458 2175 1524 2230 τὸ
1588 2179 1967 2250 προφητικόνο

347 2273 368 2306 ι
399 2255 596 2340 Δεῦτε,
623 2259 919 2329 ἀναδῶμεν
943 2263 1026 2327 είς
1046 2263 1106 2317 τὸ
1131 2263 1259 2334 ὅρος
1288 2266 1518 2338 Κυρίου,
1548 2270 1642 2322 καὶ
1665 2271 1746 2333 είς
1769 2271 1863 2324 τὸν
1889 2269 1970 2326 οἷ-

342 2362 448 2397 κον
479 2344 578 2397 τοῦ
639 2346 777 2401 Θεοῦ
813 2349 1032 2418 Ἰακὼϐ,
1068 2354 1163 2407 καὶ
1199 2355 1494 2424 ἀναγγελεῖ
1541 2361 1674 2428 ἡμῖν
1716 2362 1816 2433 τὴν
1843 2363 1964 2419 ὁδὸν

341 2437 549 2500 αὑτοῦ,
590 2439 688 2492 καὶ
727 2442 1113 2514 πορευσόμεθα
1147 2446 1206 2499 ἐν
1231 2447 1395 2519 αὐτῇ.
1431 2467 1451 2500 ι
1487 2450 1626 2504 Είδὲ
1652 2452 1716 2522 δὴ
1747 2453 1964 2521 γένοιτο

341 2528 546 2581 τούτου
574 2533 781 2600 τυχεῖν,
820 2533 1046 2588 ἐπαίνου
1103 2537 1306 2601 παντὺς
1357 2537 1668 2611 ἀξιώσομεν
1703 2543 1830 2607 τοὺς
1885 2547 1967 2610 είς

340 2618 514 2674 τοῦτο
538 2622 900 2693 κεκληκότας.
933 2625 1096 2680 πάλιν
1134 2628 1314 2682 ἐκεῖνο
1339 2629 1609 2698 λέγοντες
1649 2651 1669 2685 ι
1707 2635 1966 2707 Εὐφράν-

343 2712 454 2783 θην
483 2714 582 2766 ἐπὶ
611 2717 723 2777 τοῖς
747 2717 998 2786 είρηκόσι
1032 2736 1124 2789 μοι
1145 2736 1158 2750 ·
1197 2721 1294 2783 Εἰς
1349 2716 1500 2776 οἷκον
1529 2725 1734 2796 Κυρίου
1765 2745 1966 2798 πορευ-

345 2804 586 2875 σόμεθα.
626 2824 644 2858 ι
682 2807 946 2878 Τέρψεως
975 2811 1085 2882 γὰρ
1109 2813 1242 2882 ἡμῖν
1269 2812 1365 2884 τῆς
1394 2814 1659 2870 ἀνωτάτω
1689 2819 1751 2872 τὸ
1773 2819 1966 2891 χρῆμα

343 2895 568 2967 καρπὸς
592 2899 847 2954 νοοῖτ³ἂν
895 2902 1148 2966 είκὸτως.
1188 2905 1482 2976 Τοιγάρτοι
1528 2908 1694 2961 πάλιν
1729 2911 1966 2982 ἐροῦμεν

2064 2004 2283 2057 domum
2352 2004 2444 2058 Dei
2494 2001 2698 2066 Jacob,
2778 2009 2834 2058 et
2893 2003 3239 2057 annuntiabit
3294 2002 3450 2056 nobis
3520 2000 3665 2052 viam

2065 2109 2244 2160 suam,
2273 2104 2328 2149 et
2363 2095 2761 2150 ambulabimus
2810 2095 2863 2148 in
2903 2108 2967 2148 ea
2994 2094 3059 2147 “.
3096 2111 3115 2146 ι
3148 2093 3302 2160 Quod
3336 2095 3383 2148 si
3427 2090 3665 2147 assecuti

2071 2185 2360 2252 fuerimus,
2385 2187 2722 2242 omnimodis
2752 2186 3176 2258 praedicabimus
3204 2186 3299 2256 qui
3329 2200 3429 2239 nos
3468 2186 3535 2237 ad
3563 2184 3667 2237 hoc

2076 2287 2363 2342 vocarunt,
2409 2280 2760 2350 dicemusque
2793 2296 2808 2332 :
2839 2299 2858 2332 ι
2891 2279 3129 2334 laetatus
3175 2294 3294 2334 sum
3337 2279 3390 2332 in
3439 2277 3522 2331 his
3569 2275 3665 2344 qui

2068 2369 2326 2425 dixerunt
2385 2371 2518 2426 mihi
2551 2389 2564 2426 :
2603 2375 2666 2429 In
2735 2373 2955 2427 domum
3017 2372 3234 2426 Domini
3307 2369 3505 2424 ibimus
3535 2367 3600 2421 “.
3639 2383 3661 2419 ι

2071 2459 2297 2515 Summa
2347 2460 2491 2516 enim
2545 2460 2729 2516 laetitia
2785 2461 2995 2517 fructus
3046 2471 3237 2518 noster
3279 2459 3508 2529 intelligi
3544 2458 3669 2528 jure

2069 2560 2250 2621 queat.
2293 2551 2532 2608 Proinde
2558 2568 2746 2608 rursus
2782 2553 2915 2608 illud
2953 2552 3366 2623 Psalmographi
3393 2550 3668 2605 exclanm-

2069 2643 2252 2698 bimus
2283 2663 2297 2699 :
2334 2662 2352 2695 ι
2387 2644 2565 2700 Unam
2598 2645 2763 2714 petivi
2809 2659 2838 2700 a
2873 2645 3124 2709 Domino,
3175 2643 3317 2698 hanc
3363 2641 3664 2711 requiram,

2071 2742 2130 2787 ut
2163 2734 2460 2790 inhabilem
2498 2739 2558 2793 in
2598 2736 2764 2791 domo
2796 2736 3008 2791 Domini
3041 2737 3297 2791 omnibus
3326 2733 3520 2789 diebus
3543 2731 3669 2786 vita

2069 2839 2204 2880 mea
2237 2841 2254 2880 :
2283 2835 2344 2881 ut
2388 2828 2604 2882 videam
2660 2828 2996 2894 voluptatem
3055 2825 3293 2891 Domini,
3345 2834 3404 2880 et
3452 2823 3665 2878 visitem

2071 2919 2333 2988 templum
2369 2929 2618 2974 sanctum
2643 2920 2760 2990 ejus
2787 2919 2850 2973 ιδ.
2885 2939 2904 2970 ι

341 2988 496 3084 κατὰ
527 2986 622 3084 τὸν
649 2990 976 3063 Ψαλμῳὸόν·
1001 3013 1020 3046 ι
1045 2995 1192 3050 Μίαν
1219 2997 1514 3070 ᾐτησάμην
1543 3001 1698 3072 παρὰ
1721 3005 1951 3076 Κυρίου,
1991 2986 2202 3081 ταύτην
2273 3011 2515 3084 ζητήσω,
2577 2986 2686 3066 τοῦ-
2730 3014 3009 3066 κατοικεῖν
3074 3028 3142 3082 με
3181 3011 3240 3063 ἐν
3290 3009 3430 3081 οἴκῳ
3457 3004 3666 3077 Κυρίου

343 3081 537 3179 ﬁni;
557 3082 658 3146 τὰς
687 3085 906 3156 ἡμέρας
960 3087 1058 3158 τῆς
1101 3088 1248 3161 ζωῆς
1309 3106 1436 3160 μου,
1497 3093 1590 3149 τοῦ
1642 3094 1869 3168 θεωρεῖν
1895 3117 1965 3170 με
2004 3101 2105 3175 τὴν
2126 3081 2471 3178 τερπνότητα
2521 3105 2868 3179 Κυρίου,καὶ
2934 3081 3364 3159 ἐπισκέπτεσθαι
3391 3102 3482 3155 τὸν
3511 3099 3666 3168 ἅγιον

343 3176 546 3231 αὑτοῦ.
587 3195 607 3230 ι

622 3321 1015 3411 ΤΟΜΟΣ
1091 3323 1696 3420 ΔΕΥΤΕΡΟΣ.

973 3483 1230 3541 ΚΕΦΑΛ.
1277 3489 1354 3544 Δ’.

424 3619 540 3673 Καὶ
560 3618 946 3688 ἐπέστρεψεν
981 3622 1016 3675 ὁ
1053 3621 1312 3691 ἅγγελος
1366 3627 1402 3680 ό
1449 3625 1662 3681 λαλῶν
1699 3627 1771 3683 ἐν
1791 3626 1924 3698 ἐμοὶ
1947 3667 1964 3693 ,

348 3709 456 3764 καὶ
494 3709 772 3780 ἐξήγειρά
790 3727 891 3780 με,
935 3709 1008 3767 ὃν
1045 3714 1292 3781 τρόπον,
1343 3715 1492 3770 ὅταν
1523 3717 1814 3790 ἐξεγερθῇ
1862 3720 1967 3776 tir-

347 3805 593 3872 θρωπΟς
625 3803 697 3869 ἐξ
731 3803 930 3858 ὕπνου
979 3805 1192 3869 αὑτοῦ,
1232 3807 1332 3862 καὶ
1375 3809 1508 3865 εἷπε
1561 3812 1714 3881 πρός
1768 3831 1864 3883 με·
1906 3815 1968 3870 Τί

347 3892 436 3946 σὺ
468 3891 768 3961 ,ϐλέπεις;
788 3893 899 3948 Καὶ
929 3889 1103 3950 εἴπω
1145 3895 1431 3968 Ἑώρακα,
1454 3901 1553 3956 καὶ
1579 3901 1710 3957 ίδοὺ
1741 3906 1970 3975 λυχνςά

349 3983 563 4052 χρυσῆ
595 3984 733 4052 ὅλη,
764 3985 865 4040 καὶ
893 3984 961 4038 τὸ
982 3986 1331 4056 λαμπάδιον
1357 3990 1562 4046 ἐπάνω
1618 3993 1831 4062 αὐτῆς,
1865 3996 1968 4050 καὶ

347 4068 509 4122 ἑπτὰ
535 4071 755 4140 λύχνοι
785 4071 989 4126 ἐπάνω
1025 4075 1238 4144 αὐτῆς,
1275 4078 1377 4132 καί
1413 4079 1566 4134 ἑπτὰ
1607 4081 1969 4152 ἐπαρυστρί-

347 4161 459 4228 δες
505 4163 633 4229 τοῖς
686 4165 944 4234 λύχνοις
991 4166 1118 4232 τοῖς
1161 4167 1367 4224 ἐπάνω
1424 4172 1656 4243 αὐτῆς,
1701 4176 1801 4230 καὶ
1854 4177 1967 4233 δύο

347 4253 557 4307 ἐλαῖαι
578 4255 782 4309 ἐπάνω
795 4257 1014 4326 αὐτῆς,
1033 4259 1138 4329 μία
1161 4261 1231 4316 ἐκ
1247 4261 1465 4327 δεξιῶν
1492 4264 1600 4320 τοῦ
1622 4267 1970 4338 λαμπαδίου

349 4346 575 4416 αὐτῆς.
603 4349 701 4402 καὶ
724 4351 836 4418 μία
855 4349 926 4414 ἐξ
963 4353 1309 4422 εὐωνύμων.

427 4461 561 4514 KI".
586 4461 681 4526 Τὸ,
719 4463 1115 4536 Ἐπέστρεψεν,
1148 4469 1206 4521 ἐν
1233 4469 1446 4536 τούτοις
1465 4470 1567 4543 οὐχ
1595 4472 1672 4537 ὡς
1693 4474 1759 4528 ἐκ
1790 4475 1960 4530 τόπου

357 4551 641 4621 νοήσομεν
675 4550 894 4623 (εὔηθες
919 4556 1030 4629 γὰρ
1056 4559 1303 4630 κομιδῇ),
1325 4561 1627 4634 νομιοῦμεν
1653 4563 1712 4618 δὲ
1730 4566 1957 4636 μᾶλλον,

1996 3295 2045 3354 C.

2279 3345 2694 3440 TOMUS
2783 3345 3444 3438 SECUNDUS.

2627 3497 2795 3570 632
2823 3497 2976 3553 car.
3019 3495 3110 3552 tv.

2143 3633 2308 3691 Vsus.
2345 3634 2466 3690 1-5.
2517 3633 2584 3688 Et
2634 3650 2872 3689 reversus
2912 3643 2988 3689 est
3025 3632 3244 3703 angelus
3287 3631 3380 3702 qui
3416 3631 3667 3702 loqueba-

2069 3742 2161 3786 tur
2210 3732 2266 3786 in
2306 3747 2427 3797 me,
2475 3740 2525 3784 et
2570 3729 2851 3784 suscitarit
2897 3745 2979 3781 me
3023 3727 3164 3786 sicut
3202 3741 3322 3781 cum
3377 3726 3669 3780 suscitatur

2070 3823 2226 3877 homo
2245 3821 2310 3874 de
2339 3837 2526 3875 somno
2565 3836 2686 3883 suo,
2711 3829 2760 3874 et
2789 3819 2922 3872 dixit
2957 3819 3026 3872 ad
3053 3833 3134 3871 me
3163 3833 3183 3872 :
3217 3816 3358 3883 Quid
3400 3827 3456 3871 tu
3484 3818 3624 3871 uides
3643 3817 3669 3870 2'

2072 3912 2139 3968 Et
2163 3913 2280 3966 dixi
2305 3929 2324 3968 :
2357 3911 2501 3978 Vidi,
2533 3920 2582 3967 et
2632 3929 2749 3966 ecce
2780 3911 3159 3966 candelabrum
3207 3927 3432 3965 aureum
3472 3923 3666 3977 totum,

2069 4015 2119 4061 et
2167 4006 2374 4074 lampas
2429 4021 2588 4074 super
2642 4005 2834 4074 ipsum,
2887 4013 2934 4057 et
2983 4012 3178 4073 septem
3223 4002 3457 4058 lucerna:
3507 4017 3669 4090 super

2070 4091 2230 4156 illud,
2275 4101 2324 4145 et
2365 4100 2560 4160 septem
2596 4090 2861 4159 infusoria
2907 4091 3136 4144 lucernis
3179 4107 3336 4160 super
3374 4093 3587 4160 ipsum;
3615 4101 3666 4144 et

2071 4183 2191 4238 dua?
2217 4183 2368 4238 olive
2393 4200 2552 4253 super
2581 4183 2737 4250 illud,
2769 4199 2878 4238 una
2923 4200 2955 4238 ιι
2984 4183 3190 4238 dextris
3225 4183 3487 4253 lampadis
3524 4183 3663 4254 ejus,

2069 4286 2118 4332 et
2151 4292 2260 4330 una
2291 4293 2323 4330 a
2356 4276 2612 4332 sinistris.

2143 4475 2338 4533 XXIII.
2381 4477 2682 4532 Reversum
2710 4489 2836 4532 esse
2865 4476 2954 4532 hic
2983 4491 3091 4531 non
3121 4485 3182 4530 ut
3213 4489 3283 4532 ex
3315 4475 3435 4532 loco
3464 4477 3671 4548 accipi-

2074 4581 2218 4632 mus,
2256 4567 2308 4622 id
2347 4568 2494 4622 enim
2544 4581 2810 4636 perquam
2858 4567 3102 4637 ineptum
3134 4579 3280 4623 esset
3311 4585 3326 4623 :
3357 4578 3669 4624 statuemus

351 4641 460 4710 τὴν
495 4642 574 4706 ὡς
599 4643 658 4707 ἐξ
683 4643 930 4716 ὁράσεως
960 4648 1063 4719 τῆς
1091 4649 1152 4714 ἐξ
1188 4651 1396 4722 ἀμφοῖν
1429 4655 1517 4722 ἐφ’
1567 4656 1762 4728 ἑτέραν
1805 4658 1967 4722 εὐθὺς

2075 4669 2256 4715 autem
2281 4659 2460 4729 potius
2497 4675 2564 4715 ex
2598 4661 2861 4714 ambabus
2890 4660 3194 4714 visionibus
3238 4661 3304 4715 ad
3351 4661 3513 4715 aliam
3551 4672 3670 4715 sta-

356 4735 460 4789 καὶ
493 4735 713 4802 γείτονα
763 4741 1180 4812 μεταφοίτησιν,
1227 4744 1388 4815 δῆλον
1449 4746 1506 4798 δὲ
1551 4747 1634 4801 ὅτι
1673 4767 1976 4820 πνευματι-

353 4827 486 4897 κήν.
526 4827 752 4900 Ἐπειδὴ
805 4829 862 4884 δέ
924 4833 1145 4902 νήψεως
1214 4836 1460 4906 ἀκράτου
1517 4840 1681 4909 χρεία
1736 4841 1830 4895 καὶ
1875 4843 1977 4914 τῆς

354 4919 509 4986 ὑπὲρ
543 4917 670 4972 νοῦν
697 4919 788 4973 τὸν
819 4922 1188 4994 ἀνθρώπινον,
1215 4926 1273 4981 ἔν
1302 4944 1367 4997 γε
1394 4929 1460 5001 δὴ
1494 4931 1730 5002 μάλιστα
1764 4934 1976 5000 τούτοις

353 5009 574 5079 λεπτὴν
635 5011 867 5066 ἐνετίθει
922 5017 1327 5089 ἐπιγρήγορσιν
1378 5020 1458 5090 τῷ
1520 5024 1775 5094 προφήτῃ
1820 5025 1976 5093 Θεὸς,

357 5102 772 5172 μαθητεύοντος
833 5107 1074 5176 ἀγγέλου
1107 5110 1204 5164 τοῦ
1252 5111 1544 5176 λαλοῦντος
1593 5117 1652 5168 ἐν
1693 5115 1863 5186 αὐτῷ,
1897 5116 1976 5180 ὡς

351 5195 544 5248 δοκεῖν
574 5196 636 5260 ἐξ
671 5196 844 5252 ῦπνου
866 5198 1242 5273 διεγερθῆναι.
1293 5205 1532 5278 Τοιαύτη
1567 5207 1678 5278 γάρ
1703 5212 1820 5273 πῶς
1854 5211 1974 5263 ἐστι

354 5287 462 5356 τῆς
493 5289 553 5340 ἐν
608 5289 742 5358 ήμίν
777 5290 1018 5358 διανοίας
1067 5297 1102 5366 ἡ
1145 5296 1484 5362 κατάστασις
1506 5339 1522 5365 ,
1579 5301 1676 5354 καὶ
1738 5301 1876 5356 πολὺ
1905 5301 1972 5373 δὴ

247 5448 260 5462 Ι
359 5377 537 5446 μείων
599 5379 754 5450 παρά
795 5380 902 5452 τὴν
949 5379 1116 5439 οὖσαν
1171 5385 1232 5438 ἐν
1283 5389 1397 5450 τοῖς
1453 5389 1633 5457 ἁγίοις
1690 5390 1968 5458 ἀγγέλοις,

353 5467 672 5541 ὥστεφαίη
728 5489 814 5534 τις
864 5473 932 5527 ἂν
994 5478 1328 5550 ἐγρήγορσιν
1377 5479 1479 5551 μὲν
1509 5481 1578 5536 τὰ
1631 5482 1879 5546 ἐκείνων,
1911 5483 1971 5536 ἐν

349 5557 522 5631 ὕπνῳ
541 5559 603 5613 δέ
631 5561 826 5634 ὥσπερ
852 5565 921 5620 τὰ
948 5568 1073 5622 καθ’
1101 5571 1274 5640 ἡμᾶς.
1307 5571 1524 5644 Ἐπειδὴ
1545 5572 1602 5626 δὲ
1631 5575 1660 5626 ὁ
1685 5574 1971 5638 θεσπέσιος

347 5651 597 5722 ἄγγελος
626 5654 858 5727 γνώμην
903 5675 964 5712 τε
1012 5661 1107 5714 καὶ
1151 5661 1277 5716 νοῦν
1314 5664 1450 5734 πρὸς
1483 5663 1661 5734 τούτῳ
1702 5663 1768 5735 δὴ
1827 5681 1970 5738 παρ-

437 5823 460 5855 ’
489 5827 638 5887 Psal.
670 5847 880 5900 cum,
913 5837 963 5891 5.

1049 5839 1089 5869 ¹⁰
1119 5839 1274 5898 Cant.
1308 5854 1364 5906 ii,
1397 5841 1476 5896 15.
1562 5842 1598 5874 ¹¹
1636 5841 1832 5911 Ειειωδ.
1870 5855 1940 5905 ιν,
1981 5840 2061 5898 l5.
2144 5843 2185 5874 "
2215 5839 2319 5897 lsa.
2359 5858 2414 5911 tt,
2458 5844 2511 5898 '5.

2077 4751 2174 4806 tim
2233 4761 2288 4808 et
2319 4751 2557 4807 vicinam
2588 4752 2926 4822 spiritualem
2975 4754 3163 4822 utique
3226 4754 3468 4810 transiri.
3519 4754 3672 4822 Quo-

2077 4845 2225 4900 niam
2257 4861 2389 4899 vero
2423 4845 2477 4899 iu
2526 4845 2612 4901 his
2645 4846 2884 4902 maxime
2923 4847 3186 4917 singulari
3219 4847 3502 4917 vigilantia
3532 4863 3672 4917 opus

2077 4945 2184 5002 est,
2237 4945 2293 4991 et
2332 4936 2538 5006 majore
2601 4952 2769 5005 quam
2812 4952 2913 5007 pro
2945 4946 3106 5005 captu
3163 4938 3426 5005 humano,
3479 4953 3669 4995 acrem

2081 5029 2318 5098 vigiliam
2367 5029 2614 5083 immittit
2649 5033 2925 5099 prophetae
2974 5029 3138 5092 Deus,
3197 5031 3426 5086 docente
3475 5031 3670 5101 angelo

2076 5121 2166 5188 qui
2195 5119 2248 5173 in
2284 5120 2402 5189 ipso
2435 5119 2775 5188 loquebatur,
2815 5131 2874 5175 ut
2901 5135 2960 5176 se
2999 5137 3030 5176 e
3059 5135 3255 5176 somno
3281 5131 3501 5190 putaret
3531 5123 3672 5176 exci-

2077 5218 2274 5263 tatum.
2316 5210 2465 5264 Talis
2502 5221 2587 5265 est
2619 5211 2766 5266 enim
2805 5213 2972 5267 animi
3018 5211 3196 5267 nostri
3230 5203 3492 5277 conditio,
3529 5213 3671 5267 mni-

2077 5308 2244 5369 toque
2282 5301 2515 5356 inferior
2560 5318 2724 5372 quam
2762 5303 2816 5358 in
2858 5305 3064 5359 sanctis
3097 5305 3327 5376 angelis,
3357 5315 3416 5358 ut
3447 5320 3670 5359 asseve-

2078 5407 2202 5448 rare
2237 5394 2414 5462 possit
2466 5395 2739 5464 quispiam
2778 5397 2904 5452 illos
2933 5411 3054 5452 esse
3086 5397 3138 5451 in
3171 5407 3430 5467 perpetua
3462 5397 3668 5467 vigilia,

2077 5498 2176 5538 nos
2228 5484 2384 5554 quasi
2440 5485 2493 5540 in
2550 5495 2813 5556 perpetuo
2869 5502 3084 5544 somno.
3136 5489 3432 5557 Postquam
3486 5497 3670 5544 autem

2075 5574 2292 5630 divinus
2321 5577 2548 5645 angelus
2583 5578 2938 5644 voluntatem,
2974 5591 3029 5634 ct
3081 5590 3318 5635 mentem
3353 5595 3572 5650 quoque
3605 5596 3672 5634 eo

2077 5664 2393 5722 inclinatura
2447 5668 2618 5735 vidit,
2672 5678 2732 5724 ut
2785 5671 2930 5739 quod
2986 5670 3152 5726 fiebat
3208 5671 3482 5727 subtiliter
3535 5668 3670 5730 satis

2593 5843 2640 5876 θ’
2667 5844 2816 5900 Psal.
2858 5860 3008 5912 cut,
3046 5845 3097 5902 l.
3178 5845 3224 5878 “
3251 5844 3398 5906 Psal.
3424 5859 3573 5915 snt,
3604 5844 3660 5900 Δ.
