4130 6470
527 398 597 458 59
734 426 743 433 -
1521 387 1582 442 S.
1621 385 1901 441 CYRILLI
1941 382 2412 452 ALEXANDBINI
2453 383 2768 438 ARClllEP.
3723 389 3796 446 60

528 511 836 584 perspicere
862 517 1061 578 posset,
1097 516 1448 577 percontatur
1492 505 1752 574 quidnam
1814 513 1956 572 putet
1984 518 2106 557 esse

2219 502 2568 573 ενηνεγμένον
2619 501 2893 565 τεθέαται,
2921 501 3063 554 ὥστε
3110 502 3203 554 καὶ
3245 501 3611 573 ἀποχρώντως
3649 504 3795 574 ἔχειν

529 621 649 674 qua!
681 602 1144 658 monstrabantur.
1178 599 1312 654 Tum
1355 597 1622 666 protibeta
1658 611 1868 649 rursum
1911 595 2106 648 certis-

530 699 722 750 simum
757 694 984 748 visionis
1015 689 1589 746 commemorationem
1649 685 1879 749 inducit,
1919 686 2106 738 dit-eas

529 804 588 842 se
624 787 822 840 vidisse
855 784 1263 848 candelabrum,
1313 789 1484 833 totum
1523 793 1746 830 aureum
1779 791 1876 845 per
1909 783 2103 840 totum,

531 894 594 931 ac
635 892 800 945 super
848 878 1022 944 ipsum
1073 873 1406 942 lampadem;
1446 871 1576 940 quin
1622 877 1677 922 et
1727 869 1976 922 lucernas
2021 882 2108 921 se-

532 980 698 1036 ptem,
761 977 815 1021 et
856 970 1042 1021 eodem
1089 978 1314 1019 numero
1377 961 1664 1027 inlusoria,
1725 959 1896 1013 olivas
1949 959 2106 1024 duas,

532 1076 692 1111 unam
720 1075 748 1111 a
775 1057 979 1111 dextris
1009 1057 1292 1123 lampadis,
1321 1053 1549 1106 alteram
1573 1068 1600 1104 a
1628 1050 1882 1104 sinistris.
1913 1049 1976 1102 Et
2003 1049 2108 1103 ista

547 1152 764 1220 quidem
806 1159 1023 1202 ostensa
1058 1147 1310 1216 liquidius
1342 1145 1567 1198 forsitan
1602 1141 1965 1211 explanabunt
1989 1155 2110 1210 quae

531 1242 673 1293 (lii-ta
699 1248 848 1292 sunt.
884 1239 1116 1298 Necesse
1141 1247 1225 1289 est
1256 1245 1432 1288 tamen
1467 1233 1690 1287 visionis
1733 1231 1892 1299 liujus
1919 1232 2108 1282 intima

531 1333 798 1387 curiosius
847 1332 1184 1398 indagantes,
1239 1325 1556 1396 signiﬁcatis
1604 1332 1809 1377 attente
1861 1322 2110 1376 conside-

536 1419 720 1472 randis
742 1416 1154 1486 diligentisaime
1180 1414 1513 1477 incumbere,
1537 1423 1593 1468 et
1613 1427 1674 1466 ea
1699 1428 1819 1466 cum
1841 1411 1950 1479 jam
1982 1427 2112 1480 pra:-

532 1510 691 1564 dictis
718 1511 855 1562 scite
894 1508 1165 1576 copulare.
1197 1506 1287 1560 Ait
1311 1506 1473 1575 igitur
1512 1504 1894 1558 universorum
1941 1503 2106 1568 Deus,

533 1616 592 1656 se
650 1600 858 1654 foveam
921 1601 1212 1660 fossurum,
1277 1609 1332 1651 et
1372 1606 1837 1651 contrectaturum
1889 1608 2106 1647 onmem

534 1692 876 1760 iniquitatem
912 1700 1069 1745 terra:
1100 1691 1245 1744 illius
1279 1689 1333 1742 in
1366 1689 1452 1742 die
1485 1703 1612 1744 una.
1650 1687 1910 1740 llortatur
1942 1687 2107 1741 etiam

533 1785 691 1849 alios,
741 1791 803 1837 ut
845 1783 985 1838 inter
1032 1797 1092 1836 se
1140 1783 1240 1836 sub
1271 1781 1435 1836 vitem
1483 1791 1538 1834 et
1574 1779 1732 1832 ﬁcum
1783 1787 2100 1832 convocent.

535 1873 642 1928 Nos
669 1889 888 1942 scopum
915 1873 1211 1942 prophetia:
1242 1872 1573 1936 aperientes,
1593 1871 1903 1925 dicebamus
1926 1870 2104 1924 incre-
2139 1847 2182 1903 Β

534 1965 674 2018 dulis
725 1976 779 2018 et
803 1965 1108 2034 agrestibus
1129 1961 1594 2031 contemptoribus
1619 1961 1811 2016 salutis
1837 1976 1930 2030 per
1953 1962 2110 2016 Chri-

537 2064 678 2108 stum
729 2065 894 2121 partae
923 2054 1212 2124 quamdam
1263 2053 1472 2108 foveam
1519 2053 1794 2107 exitialem
1841 2067 1963 2109 esse
2000 2053 2110 2108 fos—

531 2161 667 2209 sam,
698 2145 862 2215 683
887 2145 1266 2199 contumeliam
1319 2146 1528 2200 scilicet
1575 2146 1778 2210 crucis,
1823 2157 1880 2198 ct
1934 2145 2111 2200 scelus

531 2246 767 2289 cruentae
791 2237 957 2290 cindis
983 2235 1208 2289 Cbristi.
1258 2234 1550 2290 Perierunt
1584 2237 1728 2290 enim
1765 2235 1974 2298 miseri,
2018 2234 2108 2302 qui

542 2328 828 2382 Dominum
871 2328 1034 2395 impie
1066 2336 1420 2382 necaverunt.
1464 2325 1532 2380 lis
1574 2335 1753 2380 autem
1785 2327 1875 2394 qui
1909 2327 2114 2381 dilexe-

535 2427 658 2472 runt
695 2419 984 2473 adventum
1031 2418 1148 2487 ejus
1195 2420 1632 2480 delectationem,
1681 2427 1736 2472 et
1765 2418 2013 2482 delicias,
2053 2426 2108 2471 et

534 2511 664 2580 quid
692 2525 796 2565 non
823 2510 1038 2565 tandeuu
1067 2509 1226 2578 bnjus
1255 2510 1473 2578 generis
1505 2510 1838 2578 contigisse?
1872 2509 2115 2565 Fuerunt

534 2601 675 2654 enim
707 2599 760 2653 in
799 2601 1056 2655 Ecclesiis
1093 2601 1239 2654 velut
1267 2603 1367 2655 sub
1397 2601 1605 2656 iicubus
1656 2610 1708 2656 ct
1743 2601 1968 2657 vitibus.
2007 2601 2113 2656 Sed

533 2706 663 2746 ecce
683 2693 790 2746 alio
817 2694 943 2744 item
981 2693 1142 2746 modo
1171 2691 1433 2761 propheta
1464 2693 1777 2764 mysterium
1818 2693 1972 2748 vidit.
2005 2694 2114 2746 Au-

538 2799 686 2837 reum
728 2785 924 2853 quippe
949 2783 1335 2838 candelabrum
1380 2800 1568 2840 rursus
1612 2785 1906 2840 Ecclesiam
1943 2785 2115 2839 inter-

537 2884 839 2944 pretamur,
896 2883 1085 2943 utpote
1149 2875 1522 2930 bonorabilcm
1585 2877 1804 2943 mundo,
1861 2885 2114 2947 tanquam

536 2967 826 3020 virtutibus
891 2965 1315 3032 iliustrissimam
1378 2981 1443 3022 ae
1485 2967 2005 3036 splendidissimam,
2054 2976 2115 3023 ut

537 3052 767 3105 sublime
789 3053 1078 3106 admodum
1113 3053 1376 3108 elevatam
1400 3062 1542 3110 vera;
1569 3057 1896 3126 cognitionis
1917 3057 2116 3112 divina

2211 593 2448 647 συνιέναι
2477 594 2689 656 λεπτῶς
2720 593 2820 664 τὴν
2854 593 3065 663 ὅρασιν,
3098 592 3483 647 διεπυνθάνετο
3515 594 3709 662 λέγων,
3741 594 3795 649 τε

2211 684 2278 738 ἂν
2303 685 2467 737 οἴοιτο
2518 684 2785 754 ὑπάρχειν
2832 684 2902 737 τά
2948 682 3286 753 δεδειγμένα.
3351 684 3796 754 Ἀπλανεστάτην

2210 792 2273 843 γε
2335 775 2442 846 μὴν
2495 777 2524 828 ὁ
2565 776 2852 848 προφήτης
2907 774 3007 842 τῆς
3069 775 3313 846 ὁράσεως
3361 777 3461 846 τὴν
3516 776 3795 844 ἀφήγησιν

2210 868 2444 920 ἐποιεῖτο
2475 866 2657 929 πάλιν,
2721 852 2943 934 λυχνίαν
2987 865 3289 936 ἑωρακέναι
3338 866 3512 932 λέγων
3556 867 3684 935 ὃλην
3726 868 3793 920 δι’

2207 960 2332 1012 ὂλου
2364 959 2592 1029 χρυσῆν·
2629 955 2814 1010 ἐπάνω
2845 956 2902 1010 δὲ
2928 957 3102 1026 αὐτῆς
3127 957 3188 1010 τὸ
3220 957 3544 1027 λαμπάδιον,
3563 959 3658 1012 καὶ
3688 963 3796 1029 μὴν

2210 1052 2306 1104 xui.
2340 1051 2566 1121 λύχνους
2590 1049 2750 1114 έπτά,
2783 1050 2877 1101 καὶ
2939 1049 3260 1119 ἰσαρίθμους
3296 1052 3479 1113 αὐτοῖς
3540 1051 3640 1114 τὰς
3695 1052 3792 1102 ἑπ-

2211 1143 2570 1215 αρυστρίδας,
2601 1142 2787 1204 ἐλαίας
2804 1140 2917 1206 δύο,
2956 1141 3083 1212 μίαν
3109 1142 3204 1212 μὲν
3226 1145 3292 1195 ὲκ
3315 1142 3504 1208 δεξιῶν
3531 1143 3626 1196 τοῦ
3655 1143 3797 1212 λαμ-

2212 1234 2424 1296 παδίου,
2470 1233 2702 1304 θατέραν
2732 1249 2792 1300 γε
2832 1232 2939 1303 μὴν
2967 1233 3226 1302 κειμένην
3252 1233 3313 1296 ἐξ
3339 1234 3656 1303 εὐωνύμων.
3685 1232 3797 1286 Καὶ

2209 1328 2242 1396 ὴ
2277 1326 2376 1396 μὲν
2423 1326 2803 1395 ὲμφανεστέρα
2835 1323 2940 1376 τῶν
2988 1322 3348 1394 δεδειγμένων
3397 1325 3652 1390 ἀπόδοσις
3706 1325 3793 1396 εἴη

2209 1417 2276 1470 ἂν
2301 1418 2397 1486 οὐχ
2425 1416 2590 1486 ἑτέρα
2619 1416 2771 1486 παρὰ
2800 1417 2992 1472 ταῦτα.
3024 1419 3144 1489 Χρὴ
3175 1417 3230 1470 δὲ
3257 1417 3384 1479 τοὺς
3411 1417 3508 1486 τῆς
3540 1417 3797 1469 ἐσωτάτω
3901 1438 3912 1446 ·

2209 1508 2300 1562 τὸν
2322 1507 2447 1562 νοῦν
2476 1509 2717 1572 ἐνιέντας
2749 1511 3190 1580 περιεργότερον,
3213 1507 3529 1578 περιαθρεῖν
3557 1502 3617 1560 εῦ
3646 1507 3793 1578 μάλα

2211 1600 2505 1672 πειρᾶσθαι
2537 1600 2609 1655 τά
2636 1600 2962 1673 δηλούμενα,
3020 1603 3114 1654 καὶ
3165 1601 3374 1654 συνδεῖν
3421 1598 3652 1661 ἀστείως
3685 1601 3799 1662 τοῖς

2210 1693 2310 1764 ἤδη
2342 1691 2764 1762 προειρημένοις
2785 1694 2880 1746 καὶ
2899 1693 3045 1747 τάδε.
3081 1695 3225 1763 Ἔφη
3251 1693 3432 1745 τοίνυν
3477 1691 3505 1743 ό
3533 1691 3639 1744 τῶν
3660 1691 3798 1744 ὅλων

2210 1784 2364 1848 Θεὸς,
2389 1785 2470 1837 ὅτι
2516 1784 2605 1836 καὶ
2637 1783 2829 1854 βόθρον
2873 1786 3078 1856 ὀρύξει,
3129 1785 3224 1838 καὶ
3270 1785 3582 1860 ψηλαφήσει
3617 1785 3799 1837 πᾶσαν

2211 1877 2310 1948 τὴν
2336 1875 2550 1930 ἀδικίαν
2582 1877 2682 1945 τῆς
2723 1876 2825 1946 γῆς
2851 1877 3070 1947 ἐκείνης
3097 1877 3156 1930 ὲν
3191 1877 3377 1949 ἡμέρᾳ
3402 1879 3518 1948 μιᾷ.
3561 1875 3800 1945 Προτρέ-

2211 1985 2303 2022 πει
2359 1968 2416 2021 δὲ
2468 1969 2565 2022 καὶ
2604 1968 2816 2038 ἑτέροις
2869 1968 3162 2036 συγκαλεῖν
3221 1968 3482 2040 ἀλλήλους
3539 1965 3801 2020 ὑποκάτω

2212 2061 2460 2132 ἀμπέλου
2512 2061 2606 2114 καὶ
2641 2058 2897 2112 ὑποκάτω
2930 2059 3122 2130 συκῆς.
3167 2059 3355 2128 Ἥμείς
3378 2059 3437 2112 δὲ
3469 2056 3613 2126 σαφῆ
3665 2055 3802 2108 καθ-

2213 2151 2460 2214 ιστάντες
2493 2149 2591 2219 τῆς
2627 2149 2966 2221 προφητείας
3017 2149 3106 2204 τὸν
3134 2149 3357 2212 σκοπὸν,
3412 2147 3670 2217 ἐλέγομεν
3718 2147 3805 2199 ὅτι

2211 2247 2325 2308 τοῖς
2341 2244 2438 2314 μὲν
2458 2241 2706 2296 ἀπειθεῖν
2726 2241 3048 2313 ᾑρημένοις,
3066 2241 3164 2294 καὶ
3189 2239 3549 2309 ἀτιμάζουσιν
3573 2239 3806 2310 ἀμαθῶς

2211 2335 2312 2405 τὴν
2343 2333 2434 2388 διά
2466 2331 2703 2405 Χριστοῦ
2737 2331 3032 2404 σωτηρίαν,
3055 2331 3247 2403 βόθρος
3274 2329 3365 2385 οἷά
3389 2349 3472 2394 τις
3493 2332 3805 2403 ὀρώρυκται

2214 2426 2599 2497 κατακομίζων
2629 2428 2708 2488 είς
2730 2425 2969 2497 ὄλεθρον,
3001 2427 3034 2497 ή
3059 2426 3152 2479 ἐπὶ
3179 2425 3256 2494 τῷ
3285 2423 3501 2495 σταυρῷ
3525 2425 3801 2494 παροινία,

2215 2519 2432 2590 καὶτῆς
2475 2519 2618 2573 κατὰ
2663 2517 2904 2590 Χριστοῦ
2967 2515 3280 2588 μιαιφονίας
3329 2515 3397 2568 τὰ
3456 2515 3804 2585 ἐγκλήματα.

2227 2609 2564 2663 Ἀπολιωιασι
2642 2611 2753 2682 γὰρ
2834 2610 2884 2662 οἰ
2959 2607 3184 2661 δείλαιοι
3263 2607 3805 2678 Κυριοκτονήσαντες

2215 2701 2466 2765 ἀνοσίωςο
2490 2701 2616 2764 Τοῖς
2635 2717 2700 2769 γε
2735 2698 2840 2772 μὴν
2870 2698 3184 2769 ἠγαπηκόσι
3229 2698 3331 2769 τὴν
3355 2697 3674 2766 ἐπιφάνειαν
3705 2694 3804 2752 σὼ-

2215 2791 2309 2846 τοῦ
2332 2791 2522 2863 τέρψις
2552 2809 2613 2844 τε
2645 2791 2741 2846 καὶ
2771 2789 2973 2861 τρυφὴ,
2995 2789 3088 2843 καὶ
3125 2789 3177 2842 τί
3209 2786 3318 2857 γάρ
3346 2786 3466 2858 οὐχὶ
3497 2785 3605 2839 τῶν
3627 2785 3804 2838 τοιοῦ-

2214 2905 2322 2942 των
2351 2886 2592 2958 ὑπῆρξε;
2621 2884 2886 2954 Γεγόνασι
2909 2883 3020 2955 γὰρ
3058 2883 3134 2946 ὡς
3164 2881 3270 2935 ὑπὸ
3298 2883 3494 2944 συκαῖς
3559 2879 3655 2932 καὶ
3688 2881 3799 2947 ἀμ-

2219 2977 2408 3042 πέλοις
2441 2979 2565 3040 ταῖς
2605 2974 2978 3048 Ἐκκλησίαις.
3021 2973 3162 3027 Ἀλλ’
3199 2973 3305 3027 ἰδοὺ
3341 2973 3436 3026 καὶ
3476 2971 3598 3024 καθ’
3619 2971 3806 3042 ἕτερον

2215 3066 2419 3137 τρόπον
2444 3064 2538 3120 τοῦ
2590 3065 2893 3136 μυστηρίου
2924 3062 3025 3134 τὴν
3070 3061 3300 3133 δύναμιν
3336 3061 3366 3113 ὁ
3398 3061 3684 3130 προφήτης
3717 3074 3806 3109 τε-

539 3140 827 3206 dogmatis,
864 3156 1027 3208 super
1063 3155 1168 3209 qua
1205 3141 1410 3212 lampas
1458 3154 1562 3208 est,
1611 3160 1804 3215 nempe
1838 3145 2113 3210 Christus,

2220 3155 2432 3237 θέαται.
2487 3155 2600 3227 Τὴν
2658 3155 2768 3224 γάρ
2821 3171 2905 3208 τοι
2937 3153 3145 3224 χρυσῆν
3191 3151 3414 3222 λυχνίαν
3455 3149 3631 3219 φαμὲν
3663 3143 3805 3200 εἰναι

537 3231 606 3286 de
640 3246 748 3300 quo
775 3231 914 3286 Deus
952 3241 1003 3287 et
1041 3232 1240 3288 Pater:
1279 3251 1298 3286 ι
1332 3233 1560 3304 Propter
1598 3237 1728 3291 Sion
1761 3253 1864 3292 non
1902 3239 2118 3305 tacebo,

539 3334 592 3376 et
621 3333 841 3393 propter
869 3322 1166 3379 Jerusalem
1202 3341 1311 3381 non
1339 3327 1642 3397 quiescam,
1670 3327 1847 3384 donec
1873 3329 2120 3399 egredia-

541 3425 630 3468 tur
671 3425 728 3468 ut
768 3415 946 3469 lumen
977 3417 1186 3485 justitia
1241 3433 1386 3484 mea,
1435 3429 1491 3474 et
1541 3419 1780 3476 salutare
1836 3434 2014 3476 meum
2062 3427 2123 3474 ut

542 3506 749 3572 lampas
782 3507 1106 3562 accendetur
1129 3507 1194 3561 ¹⁸.
1225 3528 1245 3561 ι
1292 3508 1443 3563 llanc
1471 3509 1772 3578 lampadem
1806 3511 2120 3567 universum

540 3597 730 3651 urbem
782 3598 1176 3654 i'lluminantein
1237 3615 1400 3670 super
1444 3601 1832 3657 candelabrum
1880 3603 2022 3659 Deus
2067 3611 2124 3659 et

547 3688 703 3743 Pater
735 3691 957 3759 posuit:
997 3711 1014 3743 ι
1049 3689 1120 3746 Ut
1148 3707 1339 3748 omnes
1381 3692 1472 3761 qui
1525 3693 1902 3762 ingrediuntur
1941 3693 2121 3748 lumen

544 3781 781 3845 videant,
829 3793 882 3835 et
923 3781 1100 3837 luceat
1146 3784 1398 3838 omnibus
1430 3787 1521 3853 qui
1566 3784 1618 3838 in
1655 3784 1817 3839 domo
1843 3795 1970 3840 sunt
1995 3786 2060 3839 ³⁸.
2096 3803 2117 3838 ι

544 3873 764 3940 Septem
802 3883 984 3927 autem
1016 3883 1144 3928 sunt
1189 3873 1443 3940 lucernae,
1477 3890 1582 3929 non
1632 3875 1894 3930 babeutcs
1939 3874 2120 3929 lumen

544 3965 864 4031 proprium,
924 3967 1018 4018 sed
1077 3965 1351 4019 inductum
1427 3975 1483 4021 et
1530 3975 1836 4031 externum,
1907 3974 1965 4020 ct
2017 3965 2122 4020 olei

544 4055 811 4111 allusione
862 4058 1148 4120 nutritum,
1183 4072 1304 4126 qua:
1334 4067 1388 4112 et
1429 4059 1560 4128 ipsa).
1589 4069 1808 4112 sanctos
1847 4057 2124 4127 apostolos

543 4148 809 4214 referunt,
859 4157 914 4202 et
952 4149 1314 4218 evangelistas
1367 4149 1609 4217 insuper,
1653 4157 1707 4204 et
1753 4147 1845 4218 qui
1897 4147 2123 4218 singulis

551 4239 886 4306 temporibus
917 4241 1243 4292 eXinterunt
1277 4239 1636 4294 Ecclesiarum
1687 4239 1996 4309 magistros,
2029 4240 2121 4309 qui

548 4328 996 4383 illuminatiouem
1054 4346 1082 4382 a
1127 4328 1348 4384 Christo
1396 4329 1559 4383 veluti
1601 4331 1858 4397 quosdam
1901 4330 2125 4399 lycbnos

545 4419 600 4474 in
638 4421 832 4476 animis
896 4430 951 4476 et
983 4421 1238 4476 cordibus
1283 4421 1398 4476 suis
1420 4431 1798 4490 susceperunt,
1835 4422 1921 4475 cui
1953 4419 2126 4488 Spiri-

2222 3231 2386 3301 πάλιν
2425 3244 2525 3316 τὴν
2585 3243 2937 3314 Ἐκκλησίαν,
2988 3243 3065 3306 ὡς
3108 3240 3480 3311 τετιμημένην
3507 3241 3564 3291 ἐν
3591 3237 3804 3307 κόσμῳ,

2220 3336 2653 3407 διαφανεστάτην
2679 3336 2736 3389 ἐν
2761 3336 3007 3407 ἀρεταῖς,
3037 3334 3112 3397 ὡς
3139 3330 3278 3402 ὑψοῦ
3302 3331 3366 3402 δὴ
3393 3330 3513 3384 λίαν
3560 3329 3808 3399 ἠρμένην

2219 3431 2336 3493 τοῖς
2367 3427 2469 3498 τῆς
2531 3425 2791 3496 ἀληθινῆς
2843 3423 3172 3494 θεογνωσίας
3215 3422 3505 3492 δόγμασιν,
3555 3413 3702 3492 ὲφ’ᾖ
3747 3419 3809 3473 τὸ

2220 3521 2548 3591 λαμπάδιον,
2580 3518 2846 3578 τουτέστι,
2879 3516 3133 3588 Χριστὸς,
3168 3515 3298 3584 περὶ
3319 3505 3380 3566 οῦ
3417 3529 3584 3583 φησιν
3625 3512 3652 3564 ό
3675 3510 3809 3574 Θεὸς

2222 3613 2318 3666 καὶ
2341 3613 2552 3682 Πατήρ
2589 3628 2608 3662 ι
2638 3609 2737 3662 Διὰ
2774 3607 2914 3662 Σιὼν
2965 3609 3026 3661 οὐ
3057 3607 3432 3676 σιωπήσομαι,
3459 3604 3551 3657 καὶ
3581 3602 3667 3655 διὰ
3706 3602 3808 3653 ἰε-

2225 3705 2511 3779 ρουσαλὴμ
2560 3705 2661 3758 οὐκ
2707 3704 2913 3774 ἀνήσω,
2965 3701 3070 3763 ἕως
3095 3699 3161 3752 ἂν
3195 3697 3388 3770 ἐξέλθῃ
3409 3697 3484 3759 ὼς
3531 3693 3644 3763 φῶς
3672 3694 3706 3764 ἡ
3733 3691 3811 3746 δι-

2223 3799 2484 3867 καιοσύνη
2518 3812 2642 3866 μου,
2671 3794 2732 3848 τδ
2759 3796 2813 3848 δὲ
2842 3791 3109 3863 σωτήριόν
3136 3809 3237 3862 μου
3259 3791 3333 3853 ὼς
3357 3787 3577 3859 λαμπὰς
3606 3786 3812 3855 καυθή-

2226 3901 2397 3943 σεται.
2425 3907 2445 3940 ι
2479 3886 2652 3939 Τοῦτο
2673 3888 2782 3958 γὰρ
2806 3884 3112 3955 λαμπάδιον
3133 3882 3193 3936 τὸ
3225 3883 3404 3935 πᾶσαν
3433 3877 3816 3946 καταφωτίζον

2221 3979 2320 4051 τὴν
2354 3978 2446 4033 ὑπ’
2473 3977 2720 4049 οὐρανὸν,
2774 3977 2869 4030 ἐπὶ
2899 3977 2964 4047 τῇ
2995 3974 3188 4044 λυχνίᾳ
3217 3973 3459 4025 τέθεικεν
3482 3973 3510 4022 ό
3543 3968 3676 4032 Θεὸς
3717 3968 3818 4021 καῖ.

2223 4073 2436 4142 Πατὴρ,
2465 4089 2482 4121 t
2512 4071 2629 4124 ἰνα
2652 4071 2852 4132 πάντες
2883 4069 2932 4122 οἱ
2961 4064 3429 4138 εἰσπορευόμενοι,
3449 4061 3512 4115 τὸ
3540 4059 3654 4130 φῶς
3687 4057 3816 4130 βλέο

2225 4181 2393 4229 πωσι,
2425 4163 2521 4216 καὶ
2543 4162 2736 4234 λάμπῃ
2761 4163 2894 4214 πᾶσι
2918 4161 3031 4222 τοῖς
3063 4161 3121 4212 ὲν
3176 4159 3242 4228 τῇ
3287 4155 3456 4226 οἰκίᾳ.
3492 4171 3512 4205 ι
3555 4150 3724 4205 Ἐπτά
3754 4149 3816 4203 δὲ

2223 4257 2274 4308 oi
2318 4254 2524 4324 λύχνοι,
2550 4253 2664 4323 φῶς
2699 4253 2799 4306 οὐκ
2833 4251 3048 4322 ἔχοντες
3099 4248 3252 4310 ι’διον,
3282 4247 3398 4301 ἀλλ’
3423 4244 3678 4303 ἐπακτὸν,
3716 4241 3817 4294 καὶ

2225 4348 2442 4412 ἔξωθεν,
2475 4347 2570 4399 καὶ
2613 4347 2732 4407 ταῖς
2766 4343 2831 4396 δι’
2863 4342 3044 4395 ελαίου
3094 4339 3383 4411 χορηγίαις
3433 4335 3768 4407 τρεφόμενον
3797 4347 3812 4362 ’

2226 4439 2549 4509 σημαίνουσι
2573 4437 2630 4491 δὲ
2656 4436 2750 4491 καὶ
2771 4436 2924 4490 αὐτοὶ
2945 4434 3071 4497 τοὺς
3109 4432 3296 4500 ἁγίους
3323 4427 3680 4489 ἀποστόλους,
3719 4423 3817 4477 καὶ

547 4521 634 4564 tus
685 4523 900 4567 sanctus
947 4513 1205 4567 alimenta
1247 4513 1630 4581 suppeditavit,
1671 4512 1764 4580 qui
1809 4511 2117 4564 domesticis

2230 4530 2414 4600 μέντοι
2472 4529 2569 4582 καὶ
2592 4526 3008 4596 εὐαγγελιστάς,
3039 4524 3134 4578 καὶ
3167 4523 3294 4584 τοὺς
3321 4519 3467 4575 κατὰ
3491 4520 3682 4587 καιρὸν
3702 4515 3817 4570 τῶν

545 4605 728 4658 lumen
797 4605 1041 4672 praebent
1090 4613 1144 4658 et
1198 4603 1487 4657 credentes
1545 4617 1650 4656 una
1700 4617 1826 4656 cum
1877 4600 2126 4670 lampade

549 4693 878 4749 illuminant.
909 4693 1148 4750 Observa
1185 4702 1472 4760 praeterea,
1520 4701 1729 4760 septem
1772 4690 2010 4744 lucernis
2044 4690 2126 4744 iii-

548 4783 751 4839 l‘usoria
781 4785 1037 4850 adfuisse,
1083 4799 1178 4852 per
1211 4799 1331 4852 qua:
1364 4783 1469 4836 illis
1502 4783 1681 4836 oleum
1725 4773 2124 4846 intenderetur,

548 4876 779 4945 lampadi
842 4891 947 4930 non
993 4875 1254 4932 adfuisse.
1290 4873 1429 4940 Quid
1477 4874 1595 4929 ita?
1625 4882 1712 4928 est
1760 4873 1902 4928 enim
1947 4871 2124 4926 lumen

547 4972 737 5025 veru‘m
774 4968 958 5031 Filius,
990 4985 1095 5023 non
1146 4977 1452 5029 externum,
1481 4979 1658 5034 neque
1689 4963 1988 5026 inductmn,
2028 4976 2128 5016 nec

550 5061 619 5116 ab
647 5061 754 5116 alio
793 5062 1002 5125 datum,
1043 5060 1131 5114 cui
1175 5056 1406 5112 facultas
1437 5056 1777 5112 illuminaudi
1819 5053 2126 5122 contigerit,

553 5149 650 5206 sed
693 5152 811 5219 ipse
843 5160 930 5205 est
962 5149 1259 5205 secundum
1293 5157 1540 5204 naturam
1592 5149 1770 5203 lumen
1800 5166 1814 5201 ε
1845 5147 1986 5217 quod
2025 5161 2127 5200 au-

554 5254 661 5298 tem
717 5245 771 5297 in
825 5245 1030 5299 sanctis
1078 5253 1180 5309 est,
1223 5244 1294 5299 ab
1345 5245 1462 5314 ipso
1509 5245 1969 5300 communicatum
2015 5251 2119 5299 est.

553 5333 900 5388 Testillcatur
947 5333 999 5389 id
1041 5335 1260 5404 sapiens
1297 5333 1534 5391 Joannes
1571 5348 1590 5389 :
1624 5353 1644 5387 α
1675 5333 1751 5389 De
1794 5334 2130 5404 plenitudine

554 5425 699 5491 eius.
758 5425 952 5493 inquit,
1014 5441 1207 5484 omnes
1260 5430 1571 5498 accepimus
1589 5429 1656 5484 ⁸⁷.
1689 5446 1710 5480 ι
1768 5427 1888 5498 Ipse
1947 5435 2127 5482 autem

559 5516 728 5572 Filius
757 5532 944 5572 verum
989 5518 1170 5575 lumen
1197 5520 1468 5576 claritatis
1498 5537 1611 5578 suae
1641 5522 1932 5590 participes
1958 5519 2130 5576 factos

559 5607 743 5662 mundi
782 5607 960 5664 lumen
993 5613 1324 5682 appellabat.
1374 5614 1462 5668 Ait
1510 5613 1713 5668 etenim
1754 5613 1961 5669 sanctis
1995 5627 2127 5683 apo-

634 5779 814 5838 “lsa.
845 5799 976 5849 uti,
1023 5787 1068 5840 l.
1149 5787 1190 5820 "
1219 5787 1351 5842 Luc.
1386 5803 1458 5853 xi,
1491 5787 1560 5842 ‘53
1663 5788 1705 5820 ’θ’
1736 5785 1890 5842 Joan.
1927 5802 1967 5856 ι,
1994 5785 2077 5841 l6.

2239 4617 2576 4688 Ἐκκλησιῶν
2609 4616 2986 4678 διδασκάλους,
3036 4611 3360 4683 δεχομένους
3410 4611 3506 4680 μὲν
3544 4602 3633 4662 οἷά
3660 4623 3816 4670 τινας

2227 4709 2453 4780 λύχνους
2514 4710 2594 4772 εἰς
2640 4707 2766 4761 νοῦν
2814 4707 2906 4760 καὶ
2948 4704 3174 4774 καρδίαν
3234 4701 3326 4754 τὸν
3369 4701 3522 4771 παρά
3575 4695 3814 4770 Χριστοῦ

2229 4800 2531 4871 φωτισμὸν,
2574 4799 2668 4854 καὶ
2693 4801 2813 4860 ταῖς
2870 4796 2965 4849 τοῦ
3014 4795 3331 4865 Πνεῦματος
3378 4790 3663 4863 χορηγίαις
3690 4804 3816 4857 τρε-

2229 4893 2466 4962 φόμενον
2497 4890 2743 4961 ἔχοντας,
2771 4889 2950 4951 ἱέντας
2973 4904 3038 4956 γε
3070 4886 3174 4957 μὴν
3221 4889 3334 4948 τοῖς
3368 4885 3428 4936 ὲν
3462 4885 3530 4954 τῇ
3577 4881 3724 4950 οἰκίᾳ
3753 4880 3816 4933 τὸ

2229 4982 2363 5052 φῶς,
2394 4982 2487 5036 καὶ
2513 4979 2591 5049 τῷ
2608 4977 2900 5048 λαμπαδίῳ
2930 4973 3483 5046 συγκαταυγάζοντας
3535 4971 3662 5033 τοὺς
3717 4985 3817 5021 περ

2229 5072 2612 5134 πισπυκότας.
2651 5071 2934 5140 Ἐπιτήρει
2981 5069 3058 5132 δὲ,
3085 5069 3169 5121 ὅτι
3209 5070 3324 5129 τοῖς
3365 5065 3464 5135 μὲν
3512 5061 3654 5116 ἑπτὰ
3705 5060 3805 5114 λύ-

2242 5181 2392 5236 χνοις
2415 5161 2812 5232 ὲπαρυστρίδες
2834 5157 2996 5231 ἦσαν,
3031 5158 3096 5211 δι’
3142 5152 3218 5212 ὧν
3251 5157 3436 5218 αὐτοῖς
3469 5154 3732 5222 εἰσεχεϊτο
3753 5150 3818 5203 τὸ

2233 5255 2432 5317 ἔλαιον,
2455 5252 2824 5322 ἐπαρυστριδα
2868 5268 2934 5319 γε
2985 5251 3091 5321 μὴν
3128 5250 3190 5303 τὸ
3212 5247 3519 5316 λαμπάδιον
3545 5244 3644 5297 οὐκ
3677 5241 3812 5312 ἔχει.

2234 5343 2333 5397 Διὰ
2365 5341 2524 5396 ποίαν
2554 5341 2756 5406 αἰτίαν;
2787 5340 2907 5403 Φῶς
2941 5340 3038 5410 μὲν
3071 5338 3180 5408 γάρ
3230 5340 3348 5391 ἐστι
3387 5335 3448 5388 τὸ
3478 5330 3741 5403 ἀληθινὸν
3786 5331 3818 5383 ό

2235 5431 2384 5495 Υἰδς,
2414 5433 2518 5483 οὐκ
2540 5428 2759 5496 ἔξωθεν,
2781 5429 2890 5482 οὐδ’
2911 5427 3167 5490 ἐπακτὸν,
3202 5425 3326 5480 οὔτε
3368 5425 3474 5496 μὴν
3526 5422 3657 5492 παρ’
3696 5419 3815 5474 ἀτέ-

2240 5539 2332 5592 ρου
2358 5521 2509 5575 δοτὸν
2529 5521 2590 5575 τὸ
2613 5521 3014 5590 καταφωτίςειν
3052 5517 3312 5572 δύνασθαι
3343 5514 3546 5587 λαχών·
3575 5513 3694 5567 ἀλλ’
3717 5512 3816 5567 αῦ-

2235 5611 2328 5676 τὸς
2360 5612 2500 5667 κατά
2529 5610 2691 5691 φύσιν
2715 5612 2977 5683 ὑπάρχων
3017 5609 3149 5680 φῶς·
3197 5607 3461 5680 μεθεκτόν
3490 5621 3553 5674 γε
3588 5602 3696 5676 μὴν
3753 5603 3815 5655 ὲν
