4130 6468
251 383 314 439 61
1121 378 1678 439 COMMENTARIUS
1719 381 1786 439 IN
1832 385 2242 442 ZACIIARIAM
2287 386 2738 446 PROPIIETAM.
3496 394 3569 450 σε

248 508 364 570 τοῖς
395 505 578 574 ἁγίοις
623 505 718 558 καὶ
759 503 892 576 παρ’
924 501 1114 558 αὐτοῦ.
1163 504 1278 557 Καὶ
1313 503 1727 576 πληροφορήσει
1771 505 1860 560 λέ-

1973 507 2122 562 stolis
2157 526 2173 562 :
2206 527 2224 559 ι
2258 507 2364 563 Vos
2397 511 2536 566 estis
2566 511 2658 564 lux
2696 510 2884 565 mundi
2914 510 2979 564 ³⁸.
3017 528 3036 564 ι
3070 509 3194 566 Jam
3226 511 3346 568 dum
3386 511 3566 581 oliva‘,

251 616 368 668 γων
396 600 428 652 6
471 596 638 668 σοφὸς
679 596 959 665 Ἰωάννης,
1011 594 1094 649 ὅτι
1145 613 1163 646 ι
1209 595 1306 649 Ἐκ
1351 595 1446 648 τοῦ
1493 595 1860 666 πληρώματος

253 688 429 747 αὑτοῦ
462 692 628 762 ἡμεῖς
648 689 852 752 πάντες
880 686 1168 758 ἐλάϐομεν.
1205 704 1224 739 ι
1267 687 1388 752 Φῶς
1428 689 1484 742 δὲ
1513 688 1777 761 ὑπάρχων
1802 691 1863 744 τὸ

253 783 518 856 ἀληθινὸν
556 784 585 837 6
619 781 771 846 Υίὸς,
800 781 919 850 φῶς
945 779 1199 852 ὠνόμαζε
1227 779 1324 834 τοῦ
1365 780 1572 851 κόσμου
1601 781 1727 845 τοὺς
1763 781 1863 848 τῆς

253 877 391 947 παρ’
420 874 589 929 αὑτοῦ
646 873 1037 945 λαμπρότητος
1064 873 1122 926 ὲν
1159 872 1380 943 μεθέξει
1433 874 1859 944 γεγενημένους.

254 967 409 1036 Ἔφη
440 965 550 1036 γὰρ
577 967 690 1029 τοῖς
725 963 904 1032 ἁγίοις
938 963 1282 1028 ἀποστόλοις·
1319 983 1339 1016 ι
1385 965 1578 1036 Ὑμεῖς
1626 968 1752 1019 ὲστε
1801 966 1864 1019 τὸ

251 1059 375 1128 φῶς
401 1056 502 1111 τοῦ
555 1056 786 1128 κόσμου.
831 1075 848 1106 ι
894 1057 962 1109 Al
1007 1055 1103 1109 δύο
1151 1073 1216 1126 γε
1275 1055 1384 1127 μὴν
1437 1057 1635 1122 ἐλαῖαι,
1672 1057 1770 1128 μία
1800 1059 1865 1111 ὲκ

249 1149 473 1218 δεξιῶν,
498 1151 594 1202 καὶ
629 1148 728 1218 μία
757 1148 818 1213 ἐξ
844 1147 1146 1218 εὐωνύμων
1181 1147 1277 1201 τοῦ
1329 1147 1639 1220 λαμπαδίου
1672 1149 1865 1220 κείμε-

250 1258 367 1306 ναι,
393 1243 526 1303 τοὺς
554 1239 648 1293 δύο
667 1239 834 1304 λαοὺς
865 1239 1328 1311 ὑποσημαίνουσι,
1373 1240 1659 1310 μονονουχὶ
1690 1242 1784 1294 καὶ
1807 1243 1865 1294 ὲν

251 1330 448 1400 κύκλῳ
500 1331 877 1401 περιεστῶτας
919 1330 1178 1400 Χριστόν.
1238 1330 1570 1401 Τετίμηνται
1621 1331 1730 1401 γὰρ
1787 1331 1866 1396 ὼς

249 1420 553 1492 ἠλεημένοι
577 1423 644 1492 τῇ
671 1421 852 1492 τοιᾷδε
894 1421 1105 1475 στάσει.
1138 1421 1250 1475 Καὶ
1275 1423 1323 1474 οί
1357 1421 1459 1490 μὲν
1481 1417 1626 1493 ἦσαν
1659 1423 1725 1476 ἐκ
1763 1423 1865 1494 τῆς

250 1512 629 1576 καλλιελαίου,
658 1513 929 1575 τουτέστι,
963 1513 1064 1584 τῆς
1115 1512 1390 1567 Ἰουδαίων
1427 1513 1782 1584 Συναγωγῆς·
1814 1515 1864 1567 οί

249 1603 310 1657 δὲ
340 1603 442 1673 τῆς
473 1602 672 1675 ἀγρίου
701 1604 802 1674 μὲν
852 1603 1147 1672 ἐξέφυσαν,
1177 1603 1450 1668 τουτέστι,
1475 1603 1579 1674 τῆς
1610 1602 1672 1669 ἐξ
1693 1603 1866 1659 ἐθνῶν

248 1695 522 1766 πληθύος.
555 1694 704 1766 Πλὴν
727 1695 1208 1768 ὲγκεντρισθέντες
1234 1697 1318 1760 είς
1355 1696 1458 1768 τὴν
1487 1696 1857 1762 καλλιέλαιον,

248 1789 509 1842 κοινωνοὶ
557 1788 820 1857 γεγόνασι
874 1787 975 1858 τῆς
1026 1789 1284 1858 πιότητος
1344 1789 1443 1861 τῆς
1503 1789 1682 1862 ῥίζης,
1721 1788 1865 1844 κατά

247 1881 354 1953 τὴν
391 1878 489 1934 τοῦ
523 1880 799 1952 μακαρίου
847 1880 1064 1934 Παύλου
1130 1883 1339 1953 φωνήν.
1370 1882 1564 1956 Ἀθρει
1625 1882 1682 1936 δὲ
1712 1883 1863 1948 ὅπως
1895 1871 1938 1926 Β

246 1975 347 2029 ἐπὶ
370 1976 476 2046 τὴν
506 1975 736 2044 λυχνίαν
760 1972 898 2044 ὁμοῦ
929 1973 1011 2045 τῷ
1047 1972 1346 2046 λαμπαδίῳ
1405 1976 1502 2029 καὶ
1555 1975 1608 2029 oi
1653 1973 1862 2046 λύχνοι,

247 2069 348 2121 καὶ
383 2068 446 2120 al
488 2066 585 2120 δύο
627 2066 833 2121 ἐλαῖαι.
861 2065 1088 2120 Σύνεστι
1147 2065 1257 2136 γάρ
1291 2068 1424 2138 ἡμῖν
1457 2069 1517 2121 ὲν
1563 2066 1866 2140 Ἐκκλησία

245 2157 518 2227 Χριστὸς,
549 2157 648 2210 καὶ
673 2156 786 2210 τῶν
813 2141 1261 2210 πεπιστευκότων
1281 2157 1316 2228 ἠ
1344 2155 1624 2228 ἢλεημένη
1653 2154 1866 2226 πληθὺς

246 2248 686 2320 καταλάμπεται
713 2248 813 2319 μὲν
863 2246 944 2318 τῷ
993 2250 1126 2320 παρ’
1158 2248 1327 2302 αὐτοῦ
1360 2248 1524 2319 φωτὶ,
1563 2248 1866 2318 φωτίζεται

242 2342 303 2396 δὲ
335 2341 438 2395 καὶ
473 2340 565 2395 διὰ
618 2341 854 2412 λύχνων,
903 2341 954 2395 οἶ
1018 2340 1286 2412 μεθεκτὸν
1333 2339 1520 2411 έχουσι
1576 2340 1672 2394 καὶ¹
1727 2341 1865 2412 παρ’

240 2433 418 2490 αὑτοῦ
448 2433 514 2487 τὸ
538 2434 681 2502 φῶς.
729 2433 930 2488 ’ἰστέον
971 2433 1052 2500 δὲ,
1083 2433 1166 2488 ὃτι
1221 2433 1318 2486 καὶ
1342 2436 1401 2487 ὲν
1425 2435 1493 2505 τῇ
1545 2436 1864 2506 κατασκευῇ

241 2527 349 2600 τῆς
377 2526 546 2594 ἁγίας
578 2527 788 2598 σκηνῆς
826 2526 1004 2581 ἔκειτο
1034 2525 1136 2598 μὲν
1173 2527 1254 2592 είς
1279 2527 1350 2581 τὰ
1368 2527 1538 2595 ’Ἅγια
1557 2526 1668 2581 τῶν
1693 2528 1866 2596 ἁγίων

243 2621 392 2676 ιπτά
430 2620 668 2692 λύχνους
699 2620 901 2691 ἔχουσα
946 2619 1142 2691 λυχνία
1196 2619 1396 2692 χρυσῆ.
1435 2621 1782 2692 Προσέταττε
1809 2621 1868 2674 δὲ

250 2709 386 2778 θεὸς
414 2712 500 2785 τῷ
540 2712 778 2785 Ἀαρὼν,
805 2712 1003 2781 λέγων,
1051 2712 1134 2765 ὅτι
1185 2730 1205 2764 ι
1241 2711 1398 2765 Κατά
1435 2711 1732 2782 πρόσωπον
1761 2712 1866 2782 τῆς

245 2809 477 2880 λυχνίας
533 2811 600 2862 ὲκ
647 2807 746 2862 τοῦ
804 2809 982 2863 νοτίου
1046 2807 1254 2878 μέρους
1321 2806 1590 2877 φανοῦσιν
1629 2809 1680 2861 ol
1721 2807 1866 2862 ἑπτὰ

244 2896 460 2968 λύχνοι.
499 2917 520 2950 s
560 2897 640 2951 Οὐ
702 2897 815 2968 γὰρ
875 2899 990 2961 τοῖς
1033 2897 1265 2951 κατόπιν
1320 2897 1495 2969 αὐτῆς
1543 2900 1572 2952 6
1609 2898 1700 2953 διὰ
1755 2898 1866 2953 τῶν

1967 616 2074 653 una
2105 616 2134 653 a
2164 601 2398 665 dextris,
2430 611 2486 657 et
2512 603 2686 657 altera
2717 617 2748 656 a
2775 603 3021 659 sinistris
3052 603 3322 673 lampadis
3351 607 3566 673 positae,

1967 691 2104 746 duos
2138 691 2368 760 populos
2405 691 2708 757 insinuant,
2741 693 2898 762 quasi
2943 693 2996 748 in
3045 695 3236 750 orbem
3282 691 3566 749 Christum

1967 783 2411 838 circumstantes.
2449 780 2588 838 Nam
2621 792 2680 838 ut
2733 785 3172 840 misericordiam
3207 785 3410 855 adepti,
3451 794 3567 841 sta~

1967 874 2113 928 tione
2139 873 2452 943 hujnsmodi
2483 873 2690 943 dignati
2731 883 2878 929 sunt.
2916 875 2982 928 Et
3032 874 3110 928 illi
3139 875 3361 944 quidem
3404 883 3569 930 erant

1966 980 2036 1020 ex
2069 966 2207 1018 bona
2256 965 2422 1027 oliva,
2465 967 2726 1019 nimirum
2769 981 2835 1020 ex
2882 965 3171 1036 Synagoga
3201 964 3564 1021 Iudaeorum:

1970 1058 2023 1110 bi
2055 1073 2119 1110 ex
2156 1057 2393 1110 oleastro
2426 1057 2618 1125 geniti,
2657 1058 2759 1110 hoc
2795 1063 2881 1111 est
2929 1071 2995 1110 es
3041 1059 3284 1125 gentium
3318 1057 3566 1111 multitu-

1967 1148 2378 1220 dine".685
2406 1149 2799 1203 Verumtamen
2856 1149 3048 1203 inserti
3097 1150 3151 1202 in
3207 1149 3407 1202 bonam
3459 1148 3566 1201 oli-

1969 1257 2115 1308 vam,
2153 1241 2533 1311 pinguedinem
2587 1241 2791 1296 radicis
2846 1249 3216 1305 attraxerant,
3268 1249 3326 1293 ut
3374 1241 3566 1294 scribit

1968 1334 2164 1390 beatus
2214 1333 2412 1388 Paulus
2434 1333 2502 1388 ⁸⁸.
2562 1333 2842 1402 Perpende
2893 1333 3008 1402 jam
3076 1333 3353 1402 quomodo
3401 1345 3567 1400 super

1967 1425 2358 1480 candelabrum
2391 1425 2555 1480 simul
2579 1440 2704 1479 cum
2737 1425 2988 1494 lampade
3020 1425 3186 1477 etiam
3217 1423 3455 1476 lucernae
3512 1433 3566 1476 et

1969 1519 2088 1572 duas
2132 1519 2292 1572 olivas
2327 1527 2476 1572 sunt.
2523 1516 2620 1570 Est
2673 1517 2820 1570 enim
2868 1517 3153 1569 nobiscum
3207 1515 3262 1567 in
3324 1513 3567 1568 Ecclesia

1967 1609 2242 1674 Christus,
2288 1619 2345 1664 et
2391 1609 2739 1663 credentium
2791 1606 3084 1660 multitudo
3135 1603 3565 1658 misericordiam

1968 1712 2282 1766 consecuta,
2308 1717 2428 1772 eius
2456 1701 2662 1755 lumine
2682 1699 3060 1762 illuminatnr;
3092 1695 3400 1749 illustratur
3425 1707 3568 1762 prte-

1972 1805 2116 1848 terea
2148 1809 2244 1864 per
2288 1794 2566 1857 lucernas,
2601 1808 2721 1862 quae
2755 1791 2824 1844 ab
2865 1791 2986 1861 ipso
3029 1788 3289 1842 similiter
3315 1802 3569 1842 commu-

1969 1886 2208 1940 nicatam
2241 1886 2424 1940 lumen
2472 1885 2779 1940 continent.
2816 1882 2895 1938 Ne
2937 1883 3160 1951 ignores
3188 1892 3375 1949 porro,
3404 1878 3570 1934 etiam

1969 1981 2022 2034 in
2067 1990 2343 2035 structura
2395 1978 2574 2032 sancti
2623 1976 2961 2032 tabernaculi
3016 1978 3253 2047 positum
3302 1977 3473 2032 fuisse
3513 1975 3570 2030 in

1969 2071 2172 2127 Sancta
2221 2079 2541 2127 sanctorum
2595 2071 2988 2126 candelabrum
3046 2086 3304 2135 aureum,
3347 2080 3569 2140 septem

1970 2164 2223 2221 lucernas
2255 2164 2553 2220 sustinens.
2594 2161 2872 2218 Mandavit
2918 2165 3068 2218 enim
3107 2165 3252 2219 Deus
3282 2163 3465 2218 Aaron
3512 2161 3566 2215 in

1969 2257 2114 2313 hunc
2140 2259 2358 2312 modum
2387 2275 2402 2313 :
2435 2275 2455 2310 ι
2483 2255 2690 2312 Versus
2722 2257 2916 2312 faciem
2933 2255 3268 2311 "candelabri
3300 2270 3365 2310 ex
3408 2261 3570 2325 parte

1969 2349 2196 2406 australi
2241 2348 2495 2405 lucebunt
2545 2359 2754 2418 septem
2801 2349 3134 2404 lucernae“.
3169 2365 3190 2400 ο
3247 2346 3369 2402 Non
3423 2345 3571 2401 enim

1969 2441 2037 2496 iis
2095 2441 2186 2511 qui
2233 2456 2263 2496 a
2319 2449 2474 2513 tergo
2524 2441 2838 2497 candelabri
2892 2449 3040 2507 sunt,
3101 2437 3427 2494 illuminatio
3477 2451 3576 2506 per

1969 2534 2224 2590 lucernas
2257 2536 2384 2591 data
2412 2544 2518 2602 est,
2561 2535 2656 2591 sed
2690 2536 2758 2590 iis
2818 2534 2911 2604 qni
2943 2535 3103 2604 quasi
3137 2533 3334 2588 faciem
3366 2529 3573 2588 Christi

1968 2641 2068 2698 per
2116 2628 2277 2683 ﬁdem
2319 2628 2708 2698 respiciunt".
2763 2627 2949 2696 Quare
2996 2624 3170 2681 Judtei
3217 2625 3372 2696 quasi
3429 2633 3576 2681 retro

1970 2719 2171 2788 ipsum,
2208 2729 2264 2773 et
2300 2717 2355 2772 in
2406 2729 2563 2787 tergo
2588 2717 2780 2787 positi,
2818 2717 3062 2772 tenebris
3090 2715 3446 2771 obscuratum
3477 2713 3576 2767 ba-

1971 2812 2103 2867 bent
2145 2826 2262 2866 cor.
2305 2811 2408 2879 Qui
2451 2820 2632 2866 autem
2681 2826 2746 2866 ex
2798 2811 3055 2880 gentibus
3097 2807 3476 2869 crediderunt,
3517 2802 3574 2858 in

1972 2903 2112 2958 facie
2152 2903 2354 2958 habent
2403 2902 2682 2968 lucernas,
2731 2902 2930 2970 quibus
2979 2902 3150 2955 libera
3213 2908 3268 2953 et
3313 2897 3431 2952 sine
3469 2895 3578 2951 ullo

244 2988 464 3060 λύχνων
491 2989 704 3043 δέδοται
733 2989 1040 3060 φωτισμὺς,
1067 2990 1206 3046 ἀλλὰ
1256 2991 1372 3054 τοῖς
1401 2989 1476 3054 ὡς
1505 2992 1565 3044 ὲν
1584 2989 1868 3063 προσώπῳ

248 3081 499 3154 Χριστοῦ
562 3081 656 3135 διὰ
697 3083 798 3153 τῆς
839 3081 1081 3148 πίστεως
1138 3082 1550 3153 ὲνηνεγμένοις.
1586 3082 1700 3137 Καὶ
1733 3081 1867 3152 γοῦν

1971 2994 2362 3062 impedimento
2391 3009 2489 3064 per
2527 3002 2720 3050 saneta
2751 2993 2981 3060 contigit
3018 2990 3366 3046 illuminatio.
3402 2988 3578 3044 Arde-

1972 3087 2068 3142 bat
2117 3095 2300 3142 autem
2354 3095 2407 3142 et
2458 3086 2680 3140 lucerna
2725 3100 2832 3140 una
2892 3084 2945 3138 in
2987 3085 3138 3139 aditu
3186 3079 3573 3138 tabernaculi:

259 3173 518 3228 Ἰουδαῖοι
561 3173 798 3229 κατόπιν
821 3173 1014 3247 ὥσπερ
1042 3174 1212 3229 αὐτοῦ
1243 3176 1340 3229 καὶ
1371 3177 1454 3240 εἰς
1494 3174 1644 3230 νῶτα
1676 3176 1866 3247 κείμε-

1973 3192 2078 3248 qua
2126 3191 2187 3232 re
2235 3176 2655 3246 signiﬁcabatur
2711 3175 2940 3244 legalem
2975 3173 3377 3230 institutionem
3408 3184 3580 3225 evan-

247 3285 352 3331 νοι,
388 3267 895 3339 κατεσκοτισμένον
931 3268 1117 3340 ἔχουσι
1144 3269 1238 3323 τὸν
1260 3268 1410 3325 νοῦν.
1439 3270 1505 3324 Ol
1536 3270 1594 3323 δὲ
1616 3269 1676 3335 ἐξ
1698 3269 1871 3324 ἐθνῶν

1974 3269 2162 3340 gelicae
2189 3286 2220 3324 a
2255 3279 2410 3340 tergo
2440 3270 2540 3324 ire.
2571 3268 2708 3324 Vide
2740 3268 2886 3322 enim
2940 3281 3051 3337 quo
3081 3275 3264 3336 pacto,
3294 3264 3497 3335 quibus
3523 3263 3582 3316 in

249 3359 678 3423 πιστεύσαντες,
708 3360 792 3425 είς
823 3360 1122 3431 πρόσωπον
1175 3360 1363 3431 ἔχουσι
1423 3363 1554 3427 τοὺς
1597 3361 1864 3433 λύχνους·

1975 3361 2248 3432 principio
2272 3360 2615 3416 tabernaculi
2645 3375 2750 3414 una
2783 3359 3014 3414 lucerna
3049 3359 3261 3424 ardeat,
3290 3355 3343 3412 in
3376 3354 3581 3410 Sancta

247 3452 544 3524 ἐλεύθερος
574 3451 684 3523 γὰρ
740 3452 928 3514 αὐτοῖς
967 3453 1064 3506 καὶ
1105 3451 1551 3523 ἀπαραπόδιστος
1589 3454 1871 3519 παντελῶς

1973 3463 2291 3510 sanctorum
2349 3453 2624 3524 ingressos
2682 3460 2892 3521 septem
2961 3449 3200 3505 lucerna
3264 3456 3320 3504 et
3375 3445 3583 3516 lampas

246 3546 279 3598 6
309 3543 405 3598 διὰ
431 3543 544 3596 τῶν
572 3544 746 3612 ἁγίων
775 3543 970 3613 γέγονε
1003 3545 1306 3616 φωτισμός.
1358 3547 1606 3601 Ἐκαίετο
1655 3547 1715 3602 δὲ
1770 3551 1868 3603 καὶ

1973 3548 2129 3620 quasi
2167 3547 2480 3617 largissime
2509 3543 2807 3614 splendore
2840 3541 3266 3612 perfundebant.

249 3633 452 3705 λύχνος
503 3629 586 3696 εἷς
639 3635 700 3687 ὲν
760 3637 830 3706 τῇ
884 3634 1079 3708 πρώτῃ
1105 3639 1301 3708 σκηνῇ·
1343 3639 1445 3707 τῆς
1491 3639 1862 3710 εὐαγγελικῆς
1901 3641 2237 3704 παιδεύσεως
2267 3638 2501 3693 κατόπιν
2560 3635 2748 3692 ίοῦσαν
2807 3635 2908 3707 τὴν
2936 3633 3171 3706 νομικὴν
3198 3629 3295 3689 τοῦ
3321 3629 3582 3703 πράγμα-

249 3743 348 3790 τος
372 3728 512 3796 ἡμῖν
551 3729 1078 3798 καταοημαίνοντος.
1108 3729 1218 3782 Θέα
1245 3731 1354 3802 γὰρ
1392 3731 1572 3797 ὅπως,
1602 3728 1684 3796 οἷς
1714 3735 1775 3786 ὲν
1802 3735 1903 3806 μὲν
1940 3736 2005 3806 τῇ
2043 3733 2236 3807 πρώτῃ
2275 3735 2450 3805 σκηνῇ
2483 3727 2566 3795 εἷς
2593 3731 2810 3785 ἐκαίετο
2865 3727 3082 3800 λύχνος,
3114 3729 3230 3790 τοῖς
3263 3742 3330 3795 γε
3366 3725 3477 3797 μὴν
3500 3724 3584 3788 εις

250 3820 326 3875 τὰ
358 3820 533 3888 Ἅγια
560 3820 671 3875 τῶν
709 3821 884 3890 ἁγίων
928 3821 1072 3877 ἑπτὰ
1088 3819 1273 3892 λύχνοι
1310 3825 1404 3877 καὶ
1433 3825 1495 3878 τὸ
1527 3825 1838 3897 λαμπάδιον
1871 3827 2364 3900 ἀμφιλαφεστάτην
2393 3826 2584 3897 ὥσπερ
2619 3824 2837 3879 ἐνίεσαν
2869 3822 2970 3893 τὴν
2998 3820 3196 3891 αὐγήν.

331 3917 445 3973 Kal
475 3917 866 3987 ὲπηρώτησα,
920 3917 1020 3972 καὶ
1071 3914 1213 3972 εἶπα
1251 3921 1405 3988 πρὸς
1448 3922 1556 3975 τὸν
1610 3922 1871 3994 ἄγγελον

2051 3924 2218 3981 Vens.
2258 3923 2383 3979 4-6.
2437 3923 2506 3977 Et
2535 3921 2878 3991 interrogavi,
2909 3929 2957 3973 et
2985 3919 3098 3972 dixi
3132 3916 3202 3970 ad
3227 3912 3470 3985 angelum
3493 3910 3604 3982 qui‘

252 4009 370 4064 τὸν
399 4009 719 4064 λαλοῦντα
765 4009 838 4063 ἐν
895 4009 1048 4079 ἐμοὶ,
1100 4008 1319 4080 λέγων·
1361 4013 1423 4065 Τί
1476 4011 1612 4067 ἐστι
1645 4015 1836 4070 ταῦτα
1857 4055 1871 4082 ,

1975 4017 2288 4087 loquebatur
2317 4016 2371 4070 in
2415 4032 2516 4080 me,
2550 4016 2734 4069 dicens
2765 4030 2782 4068 :
2814 4012 2957 4078 Quid
2995 4019 3114 4066 sunt
3152 4009 3288 4072 hac,
3319 4003 3588 4061 Domine!

257 4103 485 4171 Kupte;
536 4104 651 4156 Kal
686 4102 983 4170 ἀπεκρίθη
1048 4103 1082 4157 ό
1139 4102 1399 4173 ἄγγελος
1440 4106 1475 4157 ὁ
1544 4104 1758 4160 λαλῶν
1805 4106 1871 4162 ἐν

1978 4109 2045 4164 Et
2077 4109 2346 4175 respondit
2380 4106 2596 4177 angelus
2634 4108 2724 4173 qui
2792 4104 3107 4175 loquebatur
3139 4101 3192 4155 in
3237 4114 3340 4163 me,
3369 4107 3416 4151 et
3447 4094 3584 4148 dixit

253 4195 418 4264 ἐμοὶ,
457 4194 558 4249 καὶ
597 4195 731 4248 εἷπε
760 4195 912 4262 πρός
934 4211 1034 4263 με,
1069 4193 1288 4264 λέγων·
1318 4197 1404 4250 Οὐ
1441 4197 1762 4266 γινώσκεις
1818 4201 1871 4255 τί

1976 4199 2047 4254 ad
2092 4214 2194 4264 me,
2239 4197 2460 4252 dicens:
2487 4193 2613 4249 Non
2654 4193 2926 4266 cognoscis
2977 4191 3104 4262 quid
3158 4199 3278 4244 sunt
3320 4186 3481 4242 litvo?
3514 4182 3583 4239 Et

257 4287 657 4352 éa’utaiita;
713 4288 826 4342 Kal
876 4283 1039 4341 εἶπα·
1105 4287 1275 4356 Οὐχί,
1329 4289 1530 4356 Κύριε.
1586 4291 1700 4345 Kal
1749 4292 1869 4347 ἀπ-

1981 4289 2096 4345 dixi
2124 4307 2144 4345 :
2176 4288 2322 4354 Non,
2355 4290 2596 4344 Domine.
2652 4287 2721 4342 Et
2751 4285 3044 4355 respondit,
3099 4292 3148 4336 et
3199 4281 3362 4345 dixit,
3385 4282 3453 4332 ad
3481 4295 3583 4344 me,

256 4379 496 4448 εκρίθη,
539 4378 638 4432 καί
667 4373 801 4431 εἷπε
833 4379 984 4445 πρός
1013 4393 1106 4444 με,
1153 4374 1369 4446 λέγων·
1401 4373 1593 4443 Οὗτος
1625 4381 1659 4433 ὀ
1686 4382 1871 4449 λόγος

1983 4386 2204 4439 dicens:
2235 4382 2343 4438 Iste
2395 4398 2568 4438 sermo
2609 4381 2819 4436 Domini
2869 4379 2940 4433 ad
2992 4375 3309 4440 Zorobabel,
3360 4374 3585 4428 dicens:

256 4470 496 4538 Κυρίου
525 4469 679 4538 πρὸς
717 4467 1078 4537 Ζοροϐάϐελ,
1113 4465 1329 4536 λέγων·
1367 4469 1491 4522 Οὐκ
1521 4469 1592 4523 ἐν
1619 4469 1871 4541 δυνάμει

1987 4477 2111 4532 Non
2149 4479 2206 4531 in
2240 4476 2560 4546 fortitudine
2603 4490 2821 4544 magna,
2868 4487 3035 4541 neque
3064 4470 3120 4524 in
3156 4469 3364 4534 robore,
3411 4465 3502 4522 sed
3527 4463 3588 4518 in

251 4559 527 4632 μεγάλῃ,
557 4561 702 4615 οὐδὲ
738 4561 810 4615 ἐν
859 4561 1048 4630 ἰσχύϊ,
1088 4559 1253 4614 ἀλλὰ
1293 4558 1364 4614 ἐν
1387 4563 1694 4633 Πνεύματί
1730 4581 1876 4634 μου,

254 4653 430 4725 λέγει
449 4654 670 4722 Κύριος
701 4653 1152 4723 παντοκράτψ.

333 4746 472 4799 KA'.
501 4745 626 4798 Ὅτι
657 4746 755 4798 κα)⁸
792 4747 1036 4816 ἀμείνων
1075 4749 1168 4802 καὶ
1207 4749 1500 4822 ἱερώτερος
1527 4749 1626 4821 τῆς
1661 4749 1720 4803 ὲν
1741 4751 1878 4822 ἡμῖν

254 4837 512 4902 διανοίας
541 4840 572 4890 6
598 4837 708 4891 τῶν
734 4839 944 4909 νοητῶν
968 4839 1256 4912 δυνάμεων
1283 4842 1430 4911 νοῦς,
1490 4843 1588 4898 καὶ
1630 4843 1688 4897 ὲν
1715 4845 1883 4912 ἀσυγο

257 4929 484 5001 κρίτοις
524 4929 827 5000 ὑπεροχαῖς
855 4931 924 4985 τά
983 4932 1106 4986 καθ’
1131 4935 1280 5004 ἡμᾶς
1316 4935 1744 5006 ὑπερκείμενος,
1781 4936 1880 4991 καὶ

261 5019 531 5074 ἐντεῦθεν
558 5018 627 5074 ἂν
658 5019 874 5090 μάθοις.
910 5021 1247 5094 Ἐπέστρεψε
1284 5023 1384 5092 μὲν
1413 5022 1525 5096 γάρ
1553 5025 1582 5076 6
1623 5024 1878 5094 ἄγγελος,

258 5114 344 5178 ὡς
400 5115 431 5166 6
490 5113 780 5184 προφήτης
830 5113 990 5183 φησι,
1049 5115 1144 5168 καὶ
1197 5114 1484 5186 ἐξήγειρεν
1523 5117 1712 5182 αὐτὸν,
1763 5135 1784 5169 ι
1819 5117 1881 5172 ὃν

258 5205 480 5276 τρόπον
507 5204 638 5258 ὅταν
665 5204 931 5276 ἐξεγερθῇ
961 5204 1252 5278 ἄνθρωπος
1310 5209 1377 5260 ὲκ
1421 5207 1517 5261 τοῦ
1555 5207 1729 5262 ὕπνου
1783 5209 1884 5263 αὖ·

260 5298 389 5353 τοῦ.
435 5316 454 5350 ι
492 5299 560 5352 El.
585 5297 695 5368 γὰρ
718 5297 782 5370 δὴ
811 5298 1130 5371 συγκρίνειν
1157 5299 1334 5353 ἓλοιτό
1379 5317 1464 5364 τις
1515 5301 1592 5366 ὡς
1638 5303 1778 5373 πρός
1817 5319 1883 5371 γε

261 5391 364 5444 τον
387 5393 515 5455 ταῖς
545 5391 661 5444 ἀνω
683 5391 984 5462 δυνάμεσιν
1009 5391 1200 5446 ἐνόντα
1230 5391 1380 5456 νοῦν,
1405 5393 1506 5465 τῆς
1523 5393 1883 5464 ἀνθρωπίνης

261 5482 517 5545 διανοίας
552 5482 616 5536 τὸ
645 5481 868 5554 μέτρον,
909 5472 1394 5555 μειονεκτούμενον
1445 5485 1670 5556 εὑρήσει
1691 5485 1884 5540 τοσοῦ-

260 5590 386 5637 τον,
441 5574 572 5627 ὅσον
629 5573 698 5626 ἂν
734 5576 910 5627 νοοῖτο
972 5575 1206 5628 κατόπιν
1261 5574 1440 5629 ἐλθεῖν
1500 5576 1726 5648 καὶτῆς
1774 5577 1885 5631 τῶν

263 5661 565 5734 νηφόντων
620 5662 863 5728 διανοίας
916 5665 984 5718 τὰ
1019 5667 1077 5719 εν
1103 5668 1218 5730 τοῖς
1273 5665 1466 5730 ὕπνοις
1499 5667 1708 5739 ἀδρανῆ
1743 5686 1884 5738 φανο

273 5781 394 5906 1οη
423 5779 598 5836 Matth
659 5794 709 5845 ν,
744 5779 826 5835 ιι.

1984 4566 2192 4639 Spiritu
2226 4582 2364 4633 meo,
2402 4567 2532 4621 dicit
2561 4563 2824 4619 Dominus
2857 4561 3209 4631 omnipotens.

2053 4743 2246 4802 XXIV.
2289 4743 2565 4799 Virtutum
2610 4757 2750 4814 quas
2787 4741 2971 4796 animo
3020 4740 3292 4806 videmus,
3342 4744 3582 4793 mentem

1985 4849 2173 4895 nostra
2204 4847 2386 4893 mente
2403 4837 2862 4908 praestantiorem,
2887 4844 2942 4888 et
2969 4833 3328 4896 sanctiorem,
3353 4830 3584 4886 nostris-

1987 4947 2094 5004 que
2125 4933 2288 4986 rebus
2315 4929 2843 5001 incomparabilibus
2866 4927 3210 4983 excellenliis
3239 4925 3585 4996 superiorem

1988 5039 2132 5090 esse,
2171 5025 2338 5080 etiam
2372 5022 2500 5078 hinc
2537 5021 2742 5077 discas.
2778 5019 3058 5076 Reversus
3097 5029 3182 5074 est
3229 5017 3373 5073 enim
3415 5031 3590 5086 ange-

1990 5117 2096 5183 lus,
2122 5125 2180 5170 ut
2208 5116 2285 5170 ait
2323 5115 2612 5186 pr0pheta,
2647 5121 2700 5168 et
2745 5110 3007 5168 excitavit
3041 5125 3166 5166 eum
3190 5148 3205 5175 ,
3239 5129 3259 5162 ι
3288 5109 3438 5166 velut
3463 5123 3594 5164 cum

1989 5210 2262 5265 excitatur
2296 5207 2459 5262 homo
2489 5204 2558 5260 de
2611 5219 2807 5261 somno
2840 5219 2962 5260 suo.
2992 5221 3010 5256 ι
3043 5202 3178 5258 Nam
3231 5202 3276 5258 si
3325 5201 3449 5274 quis
3477 5199 3590 5255 vim

1986 5315 2348 5372 supernarum
2407 5300 2675 5354 virtutum
2729 5312 2858 5354 cum
2920 5295 3280 5364 intelligentia
3347 5295 3587 5347 humana

1986 5406 2308 5464 comparare
2363 5391 2632 5456 voluerit,
2691 5390 2837 5446 hanc
2903 5388 2995 5444 illa
3058 5395 3212 5442 tanto
3274 5382 3590 5439 inferiorem

1989 5485 2302 5556 perspiciet,
2331 5493 2598 5554 quantum
2626 5482 2836 5538 scimus
2858 5480 3202 5551 vigilantium
3241 5472 3588 5543 cogitationi-

1990 5579 2092 5633 bus
2139 5576 2340 5632 cedere
2373 5573 2758 5629 dormientium
2806 5572 2944 5635 visa,
2994 5572 3111 5625 sive
3133 5565 3301 5641 685
3350 5565 3588 5623 somnia.

1992 5669 2276 5725 Excitatus
2303 5677 2387 5722 est
2420 5667 2585 5738 igitur
2613 5664 2878 5735 propheta
2898 5662 2964 5718 ad
2991 5661 3231 5734 vigiliam
3261 5679 3275 5716 :
3307 5654 3586 5714 nihilomi-

930 5784 971 5817 ¹⁹
1001 5782 1159 5840 llom.
1199 5799 1274 5849 si,
1306 5783 1547 5855 l7‘seqq.
1629 5785 1674 5817 ’°
1699 5784 1834 5843 Ibid.
1865 5789 1871 5841 ἐ

2028 5787 2068 5818 ²¹
2105 5783 2277 5841 Exod.
2317 5796 2442 5846 sxw,
2475 5781 2582 5846 37;
2616 5778 2774 5838 Num.
2815 5792 2935 5844 vni,
2963 5776 3018 5833 2.
3099 5776 3144 5808 "
3167 5771 3315 5830 Psal.
3349 5781 3588 5838 uitaui,
