4130 6478
626 392 697 448 05
1597 387 1654 441 S.
1699 385 1979 440 CYlllLlJ
2021 384 2497 440 ALEXANDRlNI
2539 385 2864 443 ARCHIEP.
3812 389 3882 445 66

607 513 710 551 nus
737 499 899 553 etiam
926 500 1005 554 sic
1028 501 1218 554 tardus
1251 511 1334 554 est
1367 503 1433 554 ad
1471 504 1819 572 percipienda
1845 521 1966 573 qute
1999 517 2173 559 osten-

2292 506 2548 577 τάσματα
2617 509 2945 578 Ἑγήγερται
2976 508 3041 576 δὴ
3071 503 3164 561 03v
3205 509 3234 562 6
3257 507 3548 577 προφήτης
3589 507 3670 570 εἰς
3697 507 3882 578 νῆψιν,

603 592 826 644 duntur.
859 590 1066 648 idcirco
1119 591 1421 660 iustissime
1455 606 1831 663 percontatur.
1865 605 1920 650 et
1967 611 2032 650 ea
2080 611 2181 649 an-

604 682 722 748 gelo
789 684 1098 738 declarante
1153 699 1486 753 cognoscere
1547 687 1702 753 petit.
1769 686 2008 755 Angelus
2061 701 2183 739 eum

2288 596 2424 649 ἁλλᾶι
2459 598 2552 648 καὶ
2583 595 2754 659 οὕτως
2778 596 2939 666 ἔχων,
2975 596 3128 650 οὐδὲν
3168 591 3333 668 ἧττόν
3359 597 3475 647 ἐστι
3503 595 3702 666 βραδὺς
3747 596 3885 666 πρός

2288 701 2351 752 γε
2384 685 2444 737 τὸ
2467 684 2746 749 δύνασθαι,
2773 686 2938 754 φημὶ.
2967 685 3300 738 συνιέναιτά
3353 683 3708 754 δεικνύμενα.
3738 685 3884 738 Ταύ-

605 773 813 826 nescire
843 775 1053 828 illorum
1093 775 1545 843 signiﬁcationem
1576 777 1966 844 propemodum
2000 777 2173 830 obstu-

2285 791 2458 843 τῃτοι,
2482 775 2576 826 καὶ
2609 774 2752 844 μάλα
2775 775 3022 838 εἰκότως,
3057 775 3494 828 ἀναπυνθάνεταί
3523 791 3584 826 τε
3616 775 3710 827 καὶ
3740 775 3883 841 ἀξιοζ

605 864 798 928 pascit,
846 874 901 918 et
949 881 1074 916 num
1118 880 1246 918 vere
1294 865 1505 918 nesciat
1552 865 1868 931 interrogat.
1917 863 2182 933 Propheta

605 956 959 1020 ignorantiam
1005 967 1191 1022 aperte
1239 958 1537 1010 conﬁtente
1570 964 1625 1010 et
1669 956 1981 1010 tarditatem
2011 971 2182 1009 suam

606 1062 708 1096 non
744 1049 1123 1109 erubescente,
1167 1047 1556 1101 obscuritatem
1604 1047 1704 1100 visi
1755 1046 2012 1114 deinceps
2041 1059 2180 1099 enu-

603 1138 778 1203 cleat;
832 1148 919 1200 et,
969 1147 1226 1205 tanquam
1264 1153 1328 1191 ex
1383 1137 1619 1206 imagine
1673 1135 1961 1190 manifesta
2026 1145 2082 1189 et
2129 1135 2181 1188 in

601 1229 774 1280 oculis
807 1228 1138 1291 incurrente,
1171 1244 1390 1298 scopum
1425 1229 1478 1280 in
1519 1244 1579 1282 ea
1613 1227 1866 1281 latentem
1905 1226 2178 1293 explanat.

607 1319 780 1385 lnquit
809 1319 953 1371 enim
987 1337 1000 1373 :
1036 1337 1054 1368 ι
1091 1319 1184 1372 llic
1214 1330 1295 1372 est
1319 1333 1497 1372 sermo
1525 1318 1732 1371 Domini
1762 1320 1828 1369 ad
1860 1315 2179 1382 Zorohahel,

603 1408 790 1460 dii-ens
822 1425 834 1459 :
869 1408 984 1461 Non
1016 1409 1067 1462 iu
1098 1408 1420 1462 fortitudine
1471 1423 1688 1475 magna,
1719 1423 1819 1462 nec
1862 1408 1915 1460 in
1963 1408 2178 1473 robore,

603 1499 696 1548 sed
745 1499 795 1550 in
845 1499 1048 1566 Spiritu
1093 1515 1234 1564 meo,
1283 1499 1414 1552 dicit
1444 1498 1705 1552 Dominus
1753 1497 2121 1565 omnipotens.
2155 1515 2174 1548 ι

603 1586 832 1642 Ρυιίιιιιο
861 1589 1095 1643 fortasse
1133 1605 1196 1644 ac
1240 1590 1287 1645 si
1331 1590 1498 1653 dicat,
1537 1588 1718 1642 omnia
1764 1588 1878 1642 haec
1912 1589 2052 1652 visa,
2083 1586 2181 1640 alio

601 1681 816 1743 quando
857 1678 1014 1733 tinem
1056 1696 1212 1734 suum
1259 1691 1601 1744 assecutura,
1644 1694 1748 1732 non
1799 1681 2032 1733 humana
2065 1681 2179 1732 vir-

603 1778 713 1822 tute
759 1769 1151 1835 administrata,
1191 1785 1292 1825 nec
1335 1771 1389 1825 in
1437 1771 1630 1826 robore
1671 1769 1964 1838 corporali,
1997 1770 2090 1823 sed
2125 1770 2176 1822 in

600 1860 799 1914 virtute
828 1859 1064 1927 Spiritus
1092 1863 1290 1927 sancti,
1323 1871 1377 1916 et
1409 1871 1467 1915 ut
1493 1876 1560 1916 ex
1586 1862 1768 1916 divino
1793 1872 1946 1914 nutu.
1977 1859 2175 1915 Factus
2209 1853 2251 1908 Β

601 1961 683 2002 est
754 1953 1019 2020 siquidetn
1093 1953 1255 2007 homo
1305 1953 1478 2007 nostri
1536 1952 1733 2007 similis
1788 1951 2169 2020 Unigenitus:

589 2051 968 2099 verumtamen
1003 2056 1109 2096 non
1141 2042 1358 2097 bellavit
1381 2041 1651 2110 corporali
1685 2042 1864 2104 modo,
1899 2051 1958 2094 ut
1994 2041 2174 2096 Eccle-

596 2133 731 2184 siam
766 2133 916 2199 quasi
951 2133 1218 2200 quoddam
1246 2132 1635 2190 candelabrum
1667 2133 1870 2186 mundo
1897 2131 2170 2199 erigeret:

596 2236 772 2288 neque
801 2224 1032 2290 sumptis
1059 2225 1229 2276 armis
1254 2236 1472 2276 sensum
1503 2221 1872 2288 tangentibus,
1898 2227 1953 2273 et
1975 2220 2172 2274 cohor-

597 2313 737 2364 tibus
763 2312 1031 2367 bellicosis
1057 2314 1191 2367 tluos
1221 2313 1449 2382 populos
1485 2311 1585 2366 sibi
1620 2311 1886 2377 adiunxit,
1917 2321 2011 2364 aut
2039 2311 2174 2365 duas

597 2402 847 2457 lucernas
885 2403 1066 2456 animo
1111 2402 1470 2473 aspectabiles
1515 2401 1842 2456 candelabro
1891 2401 2170 2470 imposuit,

593 2495 686 2544 sed
729 2494 781 2546 in
819 2496 1012 2549 robore
1060 2494 1298 2564 Spiritus
1329 2493 1503 2547 sancti
1559 2493 1767 2548 creavit
1809 2493 1861 2547 in
1912 2492 2172 2547 Ecclesiis

595 2587 828 2651 primum
869 2586 1165 2653 apostolos,
1201 2585 1394 2640 deinde
1438 2585 1754 2654 prephetas,
1807 2592 1862 2638 et
1890 2583 2171 2653 evangeli-

591 2686 728 2737 stas,
750 2685 806 2729 et
837 2677 1106 2745 reliquum
1139 2692 1353 2730 omnem
1382 2685 1692 2731 sanctorum
1721 2682 1944 2738 emtum,
1973 2674 2172 2728 divinis

591 2765 1013 2821 cbarismatibus
1041 2781 1135 2821 eos
1173 2767 1421 2835 implens,
1453 2775 1506 2820 et
1563 2765 1880 2834 irrigatione
1936 2764 2172 2833 Spiritus

593 2857 822 2911 ubertim
858 2859 1263 2928 pinguelacieus
1287 2858 1352 2913 ’³.
1387 2858 1572 2926 Itaque
1617 2871 1722 2912 non
1759 2857 1811 2910 in
1853 2855 2172 2912 fortitudine

593 2965 809 3020 magna,
845 2967 942 3006 nec
976 2953 1026 3005 iu
1065 2953 1260 3006 robore
1285 2951 1512 3016 carnali,
1548 2951 1642 3005 sed
1679 2951 1730 3003 in
1763 2949 1964 3004 virtute
1995 2948 2170 3018 Spiri-

595 3051 681 3096 tus
724 3059 753 3095 a
799 3043 1019 3098 Christo
1067 3044 1333 3113 Spoliatus
1382 3053 1468 3098 est
1508 3041 1763 3107 Satanas,
1813 3055 1935 3096 cum
1969 3055 2076 3111 quo
2117 3049 2173 3094 et

591 3135 1026 3188 adversar-iurum
1073 3145 1402 3206 potestatum
1421 3135 1562 3204 globi
1595 3135 1932 3200 ceciderunt,
1959 3134 2169 3189 vocati-

591 3241 696 3292 que
743 3235 869 3279 sunt
911 3228 980 3280 ad
1024 3228 1352 3296 agnitionem
1406 3225 1498 3294 Dei
1531 3243 1624 3295 per
1659 3227 1818 3280 [idem
1865 3235 1921 3280 et
1957 3225 2049 3294 qui
2101 3240 2168 3280 ex

591 3317 781 3384 Israel,
821 3328 874 3374 et
925 3320 1013 3387 qui
1050 3320 1343 3388 aliquando
1391 3337 1410 3370 ι
1443 3327 1709 3374 creaturae
1743 3317 1922 3388 potius
1967 3315 2170 3370 servie-

601 3423 724 3465 rant
773 3426 931 3478 quam
961 3411 1206 3466 Creatori
1231 3410 1297 3463 “.
1331 3428 1349 3462 ι
1401 3409 1665 3464 Exhibitus
1713 3417 1841 3463 sunt
1883 3408 2044 3462 etiam
2115 3405 2168 3460 in

591 3501 849 3556 ECt‘iESiiS
893 3502 1147 3565 lucernae,
1188 3502 1240 3556 id
1269 3512 1351 3556 est
1403 3500 1601 3566 sancti,
1632 3516 1736 3555 una
1766 3500 2010 3555 lucentes
2043 3511 2169 3553 cunt

589 3592 861 3663 lampade,
910 3593 1152 3657 Christo,
1209 3595 1445 3661 inquam.
1493 3591 1738 3645 Fuerunt
1791 3604 2048 3659 namque,
2111 3598 2170 3642 ut

589 3684 808 3749 quidem
838 3690 918 3738 est
957 3684 1097 3750 apud
1124 3683 1585 3752 sapientissimum
1641 3680 1887 3746 Paulum,
1943 3698 1965 3733 ι
1994 3679 2160 3734 lumi—

591 3774 741 3826 naria
805 3775 857 3826 in
915 3776 1140 3838 mumlo,
1201 3775 1425 3828 verbum
1485 3773 1608 3829 vita
1675 3773 2017 3828 continentes
2040 3771 2107 3824 ".
2143 3788 2162 3822 ι

533 3895 536 3898 ~
589 3865 744 3930 Quod
795 3875 973 3918 autem
1036 3865 1350 3918 Emmanuel
1410 3880 1515 3919 non
1566 3878 1750 3928 manu,
1794 3877 1888 3916 seu
1929 3863 2166 3932 potentia

559 3954 848 4024 _buman~a,
892 3955 986 4009 sed
1039 3955 1243 4010 viribus
1285 3955 1401 4011 suis
1433 3963 1688 4022 tanquam
1725 3952 1867 4008 Deus
1908 3954 2166 4008 mundum

588 4045 900 4109 salvaverit,
952 4035 1178 4100 testatus
1205 4054 1288 4100 est
1335 4054 1390 4100 et
1428 4060 1524 4113 per
1555 4044 1774 4108 Oscam,
1823 4044 1964 4113 apud
2005 4060 2166 4114 quem

588 4134 692 4187 ista
739 4134 1040 4205 leguntur:
1078 4152 1096 4185 ι
1133 4133 1388 4188 Filiorum
1433 4141 1612 4187 autem
1661 4130 1798 4187 Juda
1843 4133 2163 4200 miserebor,

587 4235 640 4279 et
665 4225 884 4279 salvabo
922 4241 1016 4280 eos
1064 4227 1116 4279 in
1154 4225 1380 4280 Domino
1417 4224 1528 4280 Deo
1559 4240 1681 4292 suo,
1713 4235 1767 4283 et
1813 4243 1919 4282 non
1947 4227 2167 4283 salvabo

589 4331 684 4372 eos
711 4317 762 4370 in
798 4331 952 4383 arcu,
991 4331 1172 4385 neque
1204 4317 1256 4371 in
1285 4316 1482 4386 gladio,
1513 4332 1688 4386 neque
1725 4319 1776 4373 in
1804 4319 1965 4382 bello,
1992 4334 2169 4388 neque

589 4406 645 4462 in
677 4407 946 4471 curribus,
995 4421 1171 4475 neque
1202 4407 1254 4462 in
1301 4407 1476 4476 equis,
1513 4422 1687 4478 neque
1719 4408 1772 4462 in
1812 4409 2108 4478 equitibus.
2142 4427 2162 4461 ι

591 4496 1103 4552 Peraccommodate
1159 4507 1340 4551 autem
1411 4499 1637 4552 verbum
1687 4497 1889 4552 factum
1959 4507 2044 4554 est
2099 4499 2168 4554 ad

589 4586 888 4643 Zorobabel
909 4590 1078 4659 686
1103 4589 1168 4642 de
1201 4589 1341 4642 tribu
1371 4587 1510 4642 Juda
1533 4602 1704 4657 genus
1731 4588 2042 4654 ducentem,
2074 4590 2167 4659 qui

559 4680 642 4748 ,id
688 4681 946 4748 temporis
993 4683 1176 4735 sedero
1224 4679 1373 4749 regni
1425 4677 1822 4750 Hierosolymis
1861 4680 2164 4736 obtinebat.

589 4771 800 4826 Etenim
841 4788 908 4826 ne
935 4771 1076 4824 adeo
1112 4769 1413 4840 insignibus
1438 4769 1887 4839 admirandisque
1909 4773 2166 4841 operibus

588 4863 692 4916 sibi
719 4862 1096 4932 praenuntiatis
1119 4861 1520 4930 ettpeditionem
1547 4861 1837 4930 aliquando
1859 4863 2156 4930 suscipien-

588 4957 734 5016 dam,
767 4962 822 5009 et
854 4953 1042 5022 proelia
1085 4952 1328 5007 facienda
1355 4952 1734 5017 arbitraretur,
1761 4954 1827 5008 ab
1860 4953 2166 5020 hujusmodi

591 5044 800 5099 frivolis
850 5053 904 5096 et
947 5043 1196 5096 humanis
1253 5042 1674 5108 cogitationibus
1721 5057 1844 5097 eum
1892 5044 2168 5100 deterren-

590 5134 716 5188 dum
753 5133 982 5202 putavit,
1014 5132 1300 5200 potiusque
1345 5131 1546 5185 scntire
1563 5130 1749 5199 jussit,
1783 5132 2020 5186 divinam
2057 5133 2166 5188 elli-

591 5225 898 5288 cacitatem,
932 5232 987 5276 et
1019 5222 1326 5277 facultatem
1356 5238 1462 5277 non
1492 5223 1808 5286 humanam.
1840 5226 1932 5278 sed
1964 5223 2165 5279 Christi

594 5315 716 5367 talia
756 5313 1027 5367 molientis
1054 5329 1196 5368 esse.
1244 5313 1586 5369 Meminimus
1631 5329 1792 5383 porro
1824 5330 1922 5369 nos
1963 5316 2165 5377 dicere,

591 5416 647 5461 et
684 5407 859 5476 ipsum
894 5405 1302 5472 Zorobabelem,
1345 5417 1399 5460 ut
1439 5422 1505 5463 ex
1560 5407 1702 5461 tribu
1734 5406 1874 5461 Juda
1915 5421 2170 5475 procrea-

597 5507 708 5552 tum
758 5507 815 5554 et
873 5513 1088 5568 regem,
1138 5499 1448 5568 signiﬁcare
1509 5498 1822 5561 Christum,
1881 5497 2170 5566 conjuncto

583 5590 761 5644 etiam
790 5587 918 5646 Jesu
955 5591 1062 5646 lilio
1099 5589 1349 5656 Josedec,
1397 5601 1456 5645 ut
1500 5590 1662 5645 simul
1691 5600 1747 5644 et
1801 5589 1856 5644 in
1908 5605 2010 5642 una
2047 5603 2172 5658 per-

671 5764 717 5794 ”
752 5759 918 5819 lCor.
949 5777 1044 5829 xu,
1069 5764 1158 5818 28.
1236 5764 1280 5799 "
1307 5766 1463 5821 item.
1497 5780 1536 5832 t,
1561 5764 1650 5820 23.
1730 5764 1774 5796 "
1803 5763 2034 5834 Philipp.
2071 5779 2128 5831 lt,
2163 5764 2245 5820 l6.

2289 866 2484 934 μαθεῖν
2511 866 2662 936 παρά
2711 865 2803 918 τοῦ
2832 865 3220 934 διασαφοῦντος
3273 865 3526 933 ἀγγέλου.
3595 866 3654 918 '0
3699 865 3755 920 δὲ
3797 867 3881 919 ὅτι

2285 958 2346 1010 οὐ
2400 957 2598 1025 συνῆκε
2647 955 2934 1025 μονονουχὶ
2985 954 3333 1024 κατατέθηπέ
3361 973 3500 1018 πως,
3551 954 3662 1007 καὶ·
3703 956 3752 1006 εἰ
3799 955 3878 1024 μὴ

2285 1047 2500 1116 άληθῶς
2532 1047 2696 1116 εἰδείη
2722 1046 2973 1116 διερωτᾷ.
3005 1044 3112 1098 Τοῦ
3167 1045 3226 1098 δὲ
3259 1045 3558 1116 διαρρήδην
3594 1044 3880 1116 ὡμολογη-

2285 1140 2441 1202 κότος
2470 1139 2566 1208 τὴν
2617 1139 2858 1206 ἄγνοιαν,
2901 1137 2995 1190 καὶ
3033 1137 3096 1189 τὸ
3150 1136 3428 1204 δυσμαθὲς
3474 1137 3575 1189 οὐκ
3623 1139 3879 1205 αἰσχυνο-

2287 1233 2473 1304 μένου,
2499 1231 2919 1285 καταλευκαίνει
2941 1231 3128 1283 λοιπὸν
3180 1231 3240 1283 τὸ
3271 1232 3336 1284 ἐκ
3395 1229 3492 1298 τῆς
3520 1230 3764 1299 ὁράσεως
3789 1227 3874 1282 ατο

2283 1341 2476 1394 νιγμα,
2523 1325 2617 1377 καὶ
2645 1320 2756 1376 οἷον
2793 1323 2867 1385 ὡς
2895 1322 2956 1386 ἐξ
2985 1322 3192 1384 εἰκόνος
3222 1321 3500 1391 ἐμφανοῦς
3523 1337 3585 1373 τε
3626 1321 3708 1373 καῖ
3737 1323 3877 1387 ὀρω-

2285 1417 2454 1488 μένης
2478 1416 2570 1469 τὸν
2592 1415 2650 1467 ὲν
2674 1414 2811 1484 αὑτῇ
2847 1412 3153 1484 λεληθότως
3177 1412 3495 1481 ἐγκείμενον
3525 1408 3874 1481 διερμηνεύει

2283 1508 2505 1562 σκοπόν.
2549 1524 2567 1558 ι
2609 1502 2778 1568 Οὗτος
2803 1505 2931 1575 γὰρ,
2965 1506 3165 1574 φησὶν,
3221 1505 3251 1555 6
3292 1503 3450 1571 λόγος
3480 1502 3686 1572 Κυρίου
3735 1503 3875 1572 πρὸς

2280 1597 2604 1670 Ζοροϐάϐελ,
2644 1596 2838 1661 λέγων·
2894 1597 3005 1649 Ούκ
3035 1598 3092 1648 tv
3123 1595 3352 1664 δυνάμει
3396 1593 3632 1666 μεγάλῃ,
3665 1593 3784 1645 οὐδὲ
3809 1595 3872 1648 ὲν

2284 1685 2452 1756 ἰσχύϊ,
2507 1684 2704 1738 ἁλλ’ὲν
2758 1683 3038 1753 Πνεύματί
3086 1701 3226 1753 μου,
3279 1683 3428 1750 λέγει
3489 1681 3695 1751 Κύριος
3733 1697 3874 1734 παν-

2281 1777 2585 1849 τοκράτωρ.
2622 1795 2640 1828 ι
2676 1777 2899 1845 Ὅμοιον
2924 1775 2998 1838 ὡς
3039 1777 3089 1828 εἰ
3129 1774 3274 1842 λέγοι
3326 1773 3510 1844 τυχὸν,
3541 1774 3626 1825 ὃτι
3687 1774 3876 1828 πάντα

2276 1868 2447 1922 ταῦτα
2471 1868 2540 1920 τὰ
2568 1866 2818 1938 ὁρώμενα
2847 1869 2926 1930 εἰς
2955 1867 3128 1938 πέρας
3165 1865 3284 1937 ἥξει
3319 1865 3466 1918 κατά
3497 1865 3745 1935 καιροὺς,
3771 1865 3879 1917 οὒκ

2275 1963 2593 2034 ἀνθρωπεία
2616 1963 2840 2030 δυνάμει
2867 1960 3301 2031 κατορθούμενα,
3339 1957 3464 2012 οὔτε
3499 1958 3604 2028 μὴν
3631 1960 3688 2011 tv
3725 1957 3880 2027 ἰσχύϊ

2279 2058 2536 2125 σαρκικῇ,
2567 2055 2679 2107 ἀλλ’
2709 2055 2766 2105 ὲν
2816 2054 3046 2122 δυνάμει
3102 2051 3421 2122 Πνεύματος
3455 2051 3638 2118 ἁγίου,
3678 2050 3876 2112 καὶώς

2276 2145 2340 2198 ὲκ
2367 2143 2524 2195 θείων
2563 2143 2960 2214 διανευμάτων.
3004 2143 3200 2211 Γέγονε
3259 2143 3357 2212 μὲν
3413 2141 3522 2212 γὰρ
3568 2139 3666 2194 άνθ
3684 2156 3878 2211 ρωπος

2275 2235 2397 2289 καθ’
2423 2237 2569 2306 ἡμᾶς
2598 2237 2626 2287 6
2658 2236 2991 2305 Μονογενήςο
3023 2233 3159 2305 πλὴν
3182 2233 3241 2288 οὐ
3292 2232 3649 2302 πεπολέμηκε
3675 2248 3876 2298 σαρκι-

2273 2327 2408 2392 κῶς,
2442 2328 2528 2380 ἴνα
2567 2325 2820 2397 καθάπερ
2843 2327 2966 2379 τινὰ
3012 2324 3234 2396 λυχνίαν
3264 2325 3550 2396 ἀναστήσῃ
3571 2324 3650 2392 τῷ
3677 2323 3876 2392 κόσμῳ

2273 2420 2372 2489 τὴν
2406 2417 2751 2488 Ἐκκλησίαν·
2793 2418 2890 2487 οὐχ
2917 2416 3060 2471 ὅπλα
3091 2418 3324 2486 κινήσας
3353 2415 3610 2485 αἰσθητὰ,
3639 2414 3733 2466 καί⁸
3767 2431 3877 2483 μαι

2273 2510 2452 2580 χίμων
2473 2509 2760 2577 φάλαγγας
2789 2507 3130 2580 παρέστησεν
3154 2506 3332 2578 ἐαυτῷ
3359 2507 3486 2568 τοὺς
3514 2506 3608 2557 δύο
3624 2505 3810 2567 λαοὺς,
3831 2504 3871 2572 ἢ

2273 2602 2400 2663 τοὺς
2419 2600 2647 2671 λύχνους
2669 2600 2796 2663 τοὺς
2827 2601 3053 2670 νοητοὺς
3105 2598 3344 2669 ἐπέθηκε
3403 2599 3468 2668 τῇ
3505 2594 3717 2666 λυχνίᾳ..
3751 2593 3874 2647 ἀλλ’

2273 2693 2334 2745 tv
2365 2692 2510 2762 ἰσχύϊ
2545 2691 2862 2762 Πνεύματος
2912 2691 3071 2760 ἁγίου
3128 2691 3578 2761 κεχειροτόνηκεν
3634 2688 3694 2740 ἐν
3745 2689 3874 2751 ταῖς

2287 2782 2633 2853 Ἐκκλησίαις
2661 2783 2882 2854 πρῶτον
2927 2782 3284 2848 ἀποστόλους,
3337 2779 3590 2850 δεύτερον
3647 2779 3874 2850 προφή-

2271 2899 2374 2945 τας
2422 2881 2519 2937 καὶ
2559 2881 2975 2952 εὐαγγελιστάς,
3031 2880 3126 2934 καὶ
3153 2880 3252 2951 τὴν
3297 2879 3464 2949 ἀλλην
3490 2879 3708 2932 ἃπασαν
3756 2875 3871 2930 τῶν

2275 2974 2445 3042 ἁγίων
2473 2975 2766 3045 ὁμήγυριν,
2797 2973 2958 3027 θείων
2978 2972 3177 3035 αὐτοὺς
3229 2970 3587 3041 χαρισμάτων
3622 2970 3873 3038 ἀναπιμ-

2275 3063 2439 3128 vitae,
2487 3065 2584 3118 καὶ
2627 3067 2694 3135 τῇ
2747 3063 2842 3117 τοῦ
2885 3061 3204 3133 Πνεύματος
3264 3060 3421 3130 χύσει
3482 3058 3871 3110 καταπιαίνων

2277 3153 2567 3216 πλουσίως.
2594 3152 2805 3206 Οὐκοῦν
2827 3152 2928 3205 οὐκ
2974 3153 3031 3204 tv
3067 3151 3294 3214 δυνάμει
3341 3147 3574 3219 μεγάλῃ.
3637 3146 3757 3199 οὐδὲ
3808 3148 3870 3200 ἐν

2282 3245 2427 3315 ἰσχύϊ
2447 3247 2514 3315 τῇ
2547 3245 2783 3314 σαρκικῇ
2819 3241 2972 3312 παρά
3002 3240 3262 3312 Χριστοῦ,
3296 3239 3410 3293 ἀλλ’
3437 3238 3512 3302 ώς
3545 3240 3603 3290 tv
3631 3238 3867 3307 δυνάμει

2278 3334 2597 3405 Πνεύματος
2626 3332 2946 3386 ὲσκυλεύετο
2975 3331 3073 3402 μὲν
3096 3332 3123 3383 6
3149 3331 3413 3392 Σατανᾶς,
3439 3330 3665 3381 ἔπιπτον
3689 3329 3744 3380 δὲ
3767 3329 3868 3380 σῦν

2277 3424 2428 3494 αύτῷ
2456 3425 2552 3479 καὶ
2579 3422 2650 3476 τὰ
2673 3423 2784 3476 τῶν
2808 3421 3202 3492 ἀντικειμένων
3223 3421 3507 3492 δυνάμεων
3542 3422 3728 3490 στίφη,
3766 3420 3868 3474 καὶ

2277 3515 2571 3570 ἐκαλοῦντο
2599 3513 2738 3583 πρὸς
2794 3511 3125 3580 θεογνωσίαν
3169 3512 3259 3565 διά
3313 3512 3411 3582 τῆς
3437 3513 3696 3574 πίστεως.
3725 3511 3778 3563 οἴ
3803 3527 3866 3563 τε

2276 3602 2338 3666 ἐξ
2405 3599 2620 3673 Ἰσραὴλ
2687 3601 2783 3654 καὶ
2839 3601 2890 3653 οἰ
2945 3599 3112 3653 πάλαι
3163 3618 3183 3650 ι
3215 3601 3282 3670 τῇ
3340 3599 3514 3652 κτίσει
3574 3599 3727 3669 παρά
3771 3598 3867 3652 τὸν

2278 3694 2505 3764 κτίστην
2552 3691 2991 3762 λελατρευκότες.
3034 3710 3053 3743 ι
3107 3691 3507 3745 Ἀνεδείκνυντο
3559 3691 3616 3744 δὲ
3669 3691 3762 3743 καὶ
3801 3692 3866 3743 tv

2275 3787 2396 3848 ταῖς
2437 3782 2790 3854 Ἐκκλησίαις
2855 3783 2906 3836 οἱ
2955 3781 3166 3851 λύχνοι,
3206 3781 3519 3842 τουτέστιν,
3577 3781 3627 3832 οἰ
3677 3779 3864 3845 ἅγιοι,

2278 3873 2748 3945 συνεκλάμποντες
2797 3871 2876 3943 τῷ
2924 3871 3240 3942 λαμπαδίῳ,
3282 3871 3426 3941 φημὶ⁵
3474 3870 3560 3941 δὴ,
3598 3869 3823 3941 Χριστῷ
3846 3909 3862 3923 .

2275 3966 2536 4036 Γεγόνασι
2556 3965 2684 4036 γάρ,
2714 3963 2790 4028 ώς
2827 3963 2958 4033 γοῦν
3008 3964 3038 4016 6
3107 3961 3415 4032 σοφώτατος
3459 3962 3659 4032 γράφει
3711 3961 3864 4014 Παῦσ-

2275 4056 2388 4119 λος,
2425 4074 2445 4107 ‹
2485 4055 2773 4127 φωστῆρες
2796 4055 2854 4106 tv
2883 4052 3093 4124 κόσμῳ,
3142 4053 3299 4120 λόγον
3329 4051 3474 4120 ζωῆς
3506 4051 3814 4120 ἐπέχοντες.
3837 4069 3858 4102 ι

2277 4148 2402 4200 Ὀτι
2432 4146 2488 4200 δὲ
2516 4146 2618 4200 οὐκ
2641 4144 2959 4215 ἀνθρωπεία
2975 4144 3122 4214 χειρὶ
3144 4143 3352 4196 σέσωκε
3375 4143 3470 4213 τὴν
3499 4143 3590 4194 ὑπ’
3611 4142 3864 4212 οὐρανὸν,

2274 4239 2390 4293 ἀλλ’
2418 4237 2574 4299 ἰδίαις
2600 4236 2894 4305 δυνάμεσιν
2922 4235 2997 4298 ώς
3022 4235 3153 4296 Θεὸς
3171 4237 3200 4288 6
3222 4233 3590 4303 Ἐμμανουῆλ,
3634 4232 3865 4304 διεμαρ-

2275 4327 2478 4396 τύρατο
2539 4324 2715 4391 λέγων
2773 4324 2868 4376 καὶ
2917 4322 3007 4376 διά
3063 4324 3248 4393 φωνῆς
3299 4322 3481 4393 Ὠσηέ.
3535 4323 3688 4392 Ἔχει
3749 4322 3866 4392 γὰρ

2275 4425 2440 4478 οὕτω·
2475 4440 2496 4472 ε
2535 4422 2676 4484 Τοὺς
2703 4421 2760 4475 δὲ
2795 4422 2946 4485 υἱοὺς
2994 4421 3162 4475 Ἰούδα
3187 4421 3416 4493 ὲλεήσω,
3443 4419 3538 4472 καὶ
3587 4418 3747 4472 σώσω
3771 4420 3868 4472 αὑ-

2203 4537 2250 4595 D
2275 4515 2402 4576 τοῦς
2434 4512 2494 4565 tv
2525 4511 2716 4582 Κυρίῳ
2753 4509 2874 4581 Θεῷ
2901 4510 3100 4575 αὐτῶν,
3127 4513 3224 4564 καὶ
3265 4512 3326 4564 οὐ
3370 4509 3531 4563 σώσω
3561 4510 3762 4573 αὐτοὺς
3798 4512 3865 4564 tv

2275 4602 2437 4673 τόξῳ,
2490 4599 2614 4654 οὔτε
2671 4602 2729 4654 ὲν
2779 4601 3052 4672 ῥομφαίᾳ,
3099 4600 3225 4654 οὔτε
3268 4603 3326 4655 tv
3360 4601 3604 4671 πολέμῳ,
3635 4599 3758 4655 οὐδὲ
3801 4601 3868 4654 ὲν

2275 4694 2536 4765 ἅρμασιν,
2558 4692 2680 4744 οὐδὲ
2709 4694 2766 4745 tv
2797 4693 3020 4756 ἵπποις,
3071 4693 3193 4746 οὐδὲ
3232 4693 3291 4750 ἐν
3329 4692 3603 4746 ἱππεῦσιν.
3644 4710 3663 4742 ι
3702 4687 3773 4744 Εὖ
3804 4691 3869 4745 δὲ

2272 4785 2336 4854 δὴ
2362 4783 2568 4855 etp/269a
2601 4783 2737 4855 πρὸς
2767 4783 3073 4854 Ζοροϐάϐελ
3123 4785 3152 4836 6
3182 4783 3337 4851 λόγος
3357 4778 3446 4854 ἦν,
3471 4783 3562 4835 τὸν
3585 4783 3644 4848 ἐξ
3691 4781 3869 4836 ’ἰούδα

2271 4877 2468 4947 φυλῆς,
2514 4877 2766 4930 διέποντα
2811 4875 2872 4928 τὸ
2921 4875 3226 4944 τηνικαῦτα
3257 4875 3384 4936 τοὺς
3444 4875 3544 4943 τῆς
3586 4872 3870 4943 βασιλείας

2275 4965 2486 5030 θώκους
2526 4969 2584 5020 tv
2626 4966 3003 5036 Ἰερουσαλήμ.
3033 4967 3151 5020 Ἵνα
3174 4965 3286 5036 γὰρ
3315 4966 3390 5035 μὴ
3421 4964 3530 5017 τῶν
3555 4963 3698 5016 οὓτω
3721 4962 3869 5032 λαμ-

2277 5055 2432 5122 πρῶν
2493 5055 2586 5109 καὶ
2635 5054 2982 5122 ἁξιαγᾱιστων
3035 5041 3480 5126 κατορθωμάτων
3545 5053 3695 5122 αὑτῷ
3727 5070 3867 5120 προ-

2275 5144 2714 5217 απηγγελμένων
2745 5145 3014 5216 πολέμους
3047 5146 3232 5209 οἴοιτο,
3273 5144 3366 5197 καὶ
3409 5143 3589 5213 μάχας
3621 5158 3865 5211 συγκρο-

2274 5233 2608 5305 τηθήσεσθαι
2655 5234 2797 5287 κατά
2825 5235 3072 5300 καιροὺς,
3103 5232 3377 5302 ἐξίστησιν
3412 5230 3730 5298 ἀναγκαίως
3761 5231 3866 5283 αὐ-

2274 5325 2367 5377 τὸν
2424 5323 2531 5376 τῶν
2583 5323 2726 5378 οῦτω
2771 5323 2985 5393 σαθρῶν
3038 5324 3133 5377 καὶ
3182 5322 3539 5394 ἀνθρωπίνων
3596 5321 3859 5384 ἐννοιῶν,
3909 5365 3914 5370 .

2277 5413 2578 5467 διακεῖσθαι
2609 5413 2666 5466 δὲ
2694 5412 2895 5483 μᾶλλον
2945 5415 3330 5484 προστέταχεν,
3360 5415 3440 5467 ὃτι
3473 5411 3785 5483 θεοπρεπὴς
3821 5415 3858 5481 ὴ

2279 5499 2550 5569 ἐνέργεια,
2587 5501 2680 5554 καὶ
2707 5502 2740 5569 ή
2775 5499 3005 5572 δύναμις
3050 5502 3150 5556 οὐκ
3173 5501 3508 5573 ἀνθρωπίνη,
3539 5500 3636 5553 τοῦ
3671 5501 3862 5554 διαπε-

2281 5591 2557 5660 ραίνοντος
2588 5589 2657 5644 τά
2686 5589 2859 5643 τοιάδε
2882 5589 3142 5660 Χριστοῦ.
3169 5589 3515 5662 Μεμνήμεθα
3539 5586 3618 5655 δὲ,
3651 5588 3735 5643 ὅτι
3762 5589 3859 5644 καὶ
