4130 6478
343 319 422 374 65
1210 270 1760 374 COMMENTARIUS
1797 315 1865 372 IN
1907 314 2305 372 uenarum
2346 314 2792 374 PROPHETAM.
3580 325 3648 382 θα

316 464 318 466 τ
348 431 519 486 αὑτὸν
539 431 634 483 τὸν
661 429 973 502 Ζοροϐάϐελ
1013 429 1089 494 ώς
1113 431 1175 484 ἐκ
1206 432 1380 501 φυλῆς
1417 429 1586 485 Ἰούδα
1606 471 1622 495 ,
1671 432 1768 486 καὶ
1806 432 1925 502 βασι

2055 447 2186 486 soua
2219 431 2536 488 Emmanuel
2565 448 2624 492 et
2661 448 2754 487 rex
2800 442 2855 487 et
2897 447 3142 492 summus
3172 439 3430 495 sacerdos
3483 441 3646 495 iutel-

346 523 448 578 λὲα
481 521 832 594 παραδηλοῦν
877 523 1142 592 ἐλέγομεν
1184 523 1268 591 ἐφ’
1322 522 1503 593 ἑαυτῷ
1554 523 1647 578 τὸν
1687 524 1944 595 Χριστὸν,

2057 525 2276 594 ligatur.

344 617 704 687 συνημμένου
732 616 790 670 δὲ
827 618 924 671 καὶ
963 616 1142 686 Ἰησοῦ
1172 615 1266 670 τοῦ
1321 617 1590 685 Ἰωσεδὲκ,
1648 619 1715 672 ἶν’
1747 620 1806 673 ὲν
1865 618 2052 690 ταυτῷ
2118 623 2292 674 νοοῖτο
2341 618 2598 690 βασιλεύς
2651 637 2711 674 τε
2761 622 2879 693 ἃμα
2943 625 3038 678 καὶ
3085 625 3373 698 ἀρχιερεὺς
3431 627 3462 679 6
3519 627 3645 696 Ἐμ-

349 711 622 783 μανουήλ.

423 809 525 875 Τίς
559 805 614 862 εί
641 807 748 870 σὺ,
788 807 857 862 τὸ
882 807 1025 876 ὄρος
1057 807 1126 864 τὸ
1150 807 1324 880 μέγα,
1368 809 1437 864 τὸ
1469 812 1584 880 πρὸ
1620 811 1946 878 προσώπου

343 900 710 970 Ζοροϐάϐελ,
741 901 852 956 τοῦ
878 901 1294 970 κατορθῶσαι;
1328 905 1436 958 Kal
1463 904 1684 968 ἐξοίσω
1709 905 1818 957 τὸν
1850 903 1945 956 λι-

341 995 457 1046 θον
509 990 624 1061 τῆς
669 991 1076 1062 κληρονομίας
1097 1031 1112 1057 ,
1161 994 1391 1063 ἰσότητι
1450 994 1692 1064 χάριτος
1732 993 1945 1064 χάριτα

339 1083 562 1149 αὐτῆς.

413 1177 548 1229 κεν.
591 1175 928 1245 Δυσέφικτον
953 1177 1053 1248 μὲν
1080 1178 1278 1250 κομιδῇ
1306 1179 1368 1232 τὸ
1400 1178 1784 1250 προκείμενον·
1803 1179 1944 1250 πλὴν

338 1267 588 1338 ἐροῦμεν
637 1269 798 1338 ἡμεῖς
831 1268 894 1322 τό
945 1285 1011 1337 γε
1065 1270 1142 1334 ὡς
1185 1271 1385 1342 ἄριστα
1437 1271 1534 1324 xui.
1580 1270 1758 1342 ὀρθῶς
1799 1271 1944 1341 ἔχειν

338 1360 778 1429 ὑπειλημμένον.
821 1361 1008 1414 Ἔοικε
1034 1362 1219 1415 τοίνυν
1259 1365 1287 1416 6
1328 1363 1486 1432 λόγος
1523 1363 1809 1434 μονονουχὶ
1849 1364 1944 1416 καὶ

337 1453 608 1522 ἐπιτιμᾷν
637 1451 715 1522 τῷ
740 1451 859 1524 ὄρει
902 1454 983 1524 τῷ
1023 1455 1266 1525 μεγάλῳ,
1297 1457 1578 1520 τουτέστι,
1613 1455 1692 1526 τῷ
1726 1456 1943 1527 Σατανᾷ

335 1543 864 1614 κατεξανισταμένῳ
895 1561 955 1596 τε
982 1547 1076 1600 καὶ
1104 1545 1456 1614 ἀντεξάγοντι
1479 1547 1558 1617 τῷ
1581 1545 1822 1618 Χριστῷ,
1841 1547 1943 1617 τῆς

333 1636 510 1689 αὑτοῦ
557 1636 896 1707 δυστροπίας
947 1639 1048 1708 τὴν
1100 1637 1353 1708 δύναμιν,
1401 1639 1430 1691 6
1478 1639 1542 1711 δὴ
1585 1639 1681 1692 καὶ
1727 1640 1786 1691 ὲν
1827 1642 1940 1704 τοῖς

2128 807 2292 860 Vens.
2319 805 2371 858 7.
2421 804 2554 870 Quis
2579 822 2632 859 es
2667 816 2744 870 lu,
2785 823 2935 860 mam
2969 808 3061 862 ille
3105 827 3350 880 magmts,
3391 829 3512 874 ante
3558 822 3642 890 fa-

2053 896 2184 950 ciem
2236 895 2564 960 Zorububel,
2599 907 2656 950 ut
2703 899 2964 952 instauret
2996 901 3020 952 ?
3055 900 3122 954 Et
3149 905 3368 960 educam
3409 910 3640 976 lapidem

2050 989 2398 1054 hereditatis,
2421 989 2722 1058 a'qualitate
2742 992 2928 1059 gratiae
2962 995 3188 1062 gratiam
3217 996 3353 1066 ejus.

2144 1166 2323 1223 XXV.
2403 1168 2766 1228 Diﬂicillimus
2833 1174 3105 1229 intellectu
3171 1175 3319 1231 locus
3385 1185 3638 1248 proposi-

2053 1267 2189 1312 tus:
2233 1271 2608 1316 verumtamen
2671 1265 2812 1330 quod
2863 1265 3168 1321 rectissime
3213 1280 3376 1336 atque
3433 1275 3640 1340 optime

2049 1351 2158 1406 dici
2214 1368 2372 1420 posse
2423 1355 2882 1424 existimavimus,
2918 1359 2968 1411 id
3034 1360 3085 1412 in
3143 1359 3378 1414 medium
3447 1364 3638 1420 alfere-

2046 1460 2187 1499 mus.
2247 1443 2474 1502 Videtur
2512 1449 2694 1516 itaque
2753 1465 2936 1505 sermo
2973 1451 3208 1519 quadam
3261 1453 3636 1524 objurgatione

2045 1536 2316 1592 incessere
2344 1547 2578 1593 montem
2613 1555 2892 1609 magnum,
2950 1553 3078 1612 puta
3117 1543 3376 1598 Satanam
3435 1556 3631 1602 contra

2044 1627 2322 1682 Christum
2362 1628 2753 1699 insurgentem,
2786 1641 2839 1686 et
2875 1633 3252 1700 perversitatis
3299 1651 3414 1691 sua:
3441 1648 3634 1708 poten-

330 1727 602 1798 ἀνωτέρω
652 1728 818 1781 πάλιν
879 1730 1010 1799 ἡμῖν
1062 1731 1482 1800 αἰνιγματωδῶς
1538 1731 1925 1802 κατεγράφετο

2047 1720 2196 1784 tiam,
2238 1719 2390 1787 quasi
2427 1720 2599 1773 aciem
2629 1731 2819 1774 contra
2855 1734 3286 1790 promoventem,
3315 1729 3460 1795 quod
3502 1729 3630 1782 item

334 1819 488 1888 Ἔφη
525 1817 639 1887 γὰρ
685 1820 715 1872 6
759 1822 1052 1892 προφήτης
1085 1823 1375 1876 τεθεᾶσθαι
1433 1823 1533 1894 μὲν
1587 1823 1796 1894 Ἰησοῦν
1844 1823 1937 1876 τὸν

331 1911 507 1981 ἱερέα·
537 1909 632 1962 τὸν
665 1911 842 1980 μέγαν
867 1912 1082 1965 ἑστῶτα
1111 1914 1219 1985 πρὸ
1249 1913 1548 1985 προσώπου
1575 1913 1670 1967 τοῦ
1696 1914 1932 1982 ἀγγέλου

327 2002 568 2071 Κυρίου,
594 2001 688 2056 τὸν
719 2002 774 2054 δὲ
805 2019 870 2071 γε
906 2003 1151 2058 διάϐολον
1180 2005 1392 2058 ἑστῶτα
1432 2006 1497 2058 ὲκ
1529 2004 1717 2070 δεξιῶν
1743 2003 1932 2071 αὑτοῦ,

325 2090 428 2144 τοῦ
459 2092 808 2145 ἀντικεῖσθαι
838 2093 1010 2163 αύτῷ.
1040 2094 1327 2166 Ὅτι.γάρ,
1363 2094 1490 2148 ὅσον
1516 2094 1779 2166 ἐνεχώρει
1800 2134 1814 2159 ,
1836 2095 1935 2148 καὶ

321 2177 398 2255 ἦν
428 2183 524 2236 ἐπ’
550 2181 724 2252 αύτῷ,
763 2185 1119 2256 πεπολέμηκέ
1154 2203 1212 2239 τε
1241 2187 1339 2240 καὶ
1377 2188 1776 2260 ἀντεγήγερται
1823 2189 1933 2242 δει-

319 2275 437 2338 νῶς
471 2279 596 2339 ταῖς
630 2275 726 2328 τοῦ
765 2275 1021 2347 Σωτῆρος
1054 2277 1390 2348 οἰκονομίαις
1415 2317 1431 2342 ,
1464 2279 1759 2343 καλοῦντος
1796 2279 1934 2351 πρὸς

324 2369 612 2440 σωτηρίαν
639 2368 738 2440 τὴν
781 2370 872 2422 ὑπ’
904 2369 1159 2440 οὐρανδν,
1219 2371 1604 2443 προσκυνητὴν
1635 2371 1766 2426 ῐδιον
1797 2372 1934 2426 ἀπο-

322 2459 548 2528 φαίνειν
580 2459 765 2530 ἠθελε,
792 2460 1161 2529 παραδεικνὺς
1187 2461 1288 2532 μὲν
1311 2461 1482 2532 αὐτῷ,
1513 2465 1563 2516 εἰ
1595 2462 1658 2533 δὴ
1689 2479 1932 2533 προσπε-

323 2553 447 2604 σεῖν
495 2550 676 2604 ἕλοιτο
721 2552 817 2605 xui.
876 2554 1258 2624 προσκυνῆσαι
1306 2552 1497 2624 αὐτῷ’.
1549 2551 1685 2609 Εἶτα
1728 2555 1821 2609 καὶ
1871 2556 1930 2624 ἐξ

321 2642 500 2697 αὐτοῦ
528 2641 623 2697 τοῦ
651 2643 816 2714 χοροῦ
844 2643 954 2698 τῶν
982 2643 1156 2712 ἁγίων
1185 2645 1502 2699 ἀποστόλων
1531 2646 1624 2698 τὸν
1661 2647 1930 2717 προδότην

319 2736 554 2806 ἥρπασε
585 2733 862 2805 μαθητὴν,
903 2734 1208 2799 ἀναπείσας
1241 2735 1478 2806 ὄργανον
1508 2735 1610 2801 τῆς
1661 2737 1928 2790 Ἰουδαίων

319 2826 588 2894 γενέσθαι
646 2825 998 2896 σκαιότητος.
1043 2827 1400 2898 Ἐπιπλήττει
1446 2827 1510 2899 δὴ
1558 2825 1651 2882 οὖν
1695 2830 1724 2882 6
1773 2828 1929 2896 λόγος

318 2918 503 2988 αὐτῷ,
558 2916 654 2971 καί
705 2934 871 2987 φησι·
909 2936 928 2968 ι
959 2917 1056 2981 Τίς
1089 2913 1140 2970 εί
1176 2919 1263 2981 σὺ,
1313 2919 1374 2972 τὸ
1401 2920 1528 2991 ὅρος
1558 2921 1618 2973 τὸ
1659 2920 1834 2990 μέγα,
1865 2920 1928 2973 τὸ

316 3010 435 3080 πρὸ
476 3010 775 3082 προσώπου
821 3008 916 3062 τοῦ
961 3008 1289 3080 Ζοροϐάϐελ,
1333 3011 1428 3064 τοῦ
1474 3011 1856 3082 κατορθῶσαι;
1901 3030 1919 3064 ι

2039 1827 2223 1881 supra,
2261 1827 2569 1881 quanquam
2607 1815 2707 1868 sub
2745 1813 3035 1880 velamine,
3075 1818 3232 1871 nobis
3279 1819 3632 1874 describeba-

2041 1909 2146 1954 tur.
2182 1901 2406 1956 Dicebat
2435 1901 2579 1956 enim
2616 1903 2880 1972 propheta
2941 1919 3004 1959 se
3059 1906 3259 1960 vidisse
3291 1905 3476 1961 Jesum
3539 1925 3630 1964 sa-

2036 1995 2311 2049 cerdotem
2357 2009 2609 2064 magnum
2643 2004 2876 2048 stantem
2923 2010 3107 2050 coram
3150 1999 3345 2068 angelo
3385 1998 3625 2065 Domini,

2035 2093 2091 2138 et
2112 2084 2384 2139 diabolum
2424 2095 2658 2139 stantem
2701 2100 2731 2139 a
2775 2083 2986 2142 dextris
3015 2087 3155 2154 ejus,
3184 2099 3246 2142 ut
3295 2091 3620 2147 adversare-

2037 2185 2128 2230 tur
2155 2177 2227 2230 ei.
2268 2175 2411 2243 Quin
2450 2177 2620 2241 enim,
2651 2185 2912 2247 quantum
2942 2178 3106 2246 licuit.
3143 2190 3200 2234 et
3233 2180 3284 2234 iu
3321 2182 3442 2251 ipso
3499 2183 3624 2249 fuit,

2034 2269 2538 2337 oppugnaverit,ct
2591 2271 2942 2326 vehementer
3004 2271 3369 2327 insurrexerit
3430 2285 3624 2329 contra

2035 2363 2401 2417 trconomiam
2435 2362 2756 2429 Salvatoris,
2779 2366 3038 2418 mundum
3061 2365 3130 2419 ad
3157 2365 3388 2421 salutem
3424 2381 3625 2421 vocan-

2037 2455 2128 2521 tis,
2165 2471 2324 2510 nemo
2363 2456 2655 2521 dubitabit,
2695 2457 2741 2511 si
2771 2456 3094 2526 cogitaverit
3136 2458 3370 2528 primum
3403 2461 3623 2526 quidem

2037 2549 2341 2604 accessisse
2372 2547 2438 2601 ad
2466 2548 2802 2618 jejuuautem
2834 2551 2886 2602 ln
2922 2549 3159 2614 deserto.
3188 2559 3244 2604 et
3276 2552 3460 2606 mundi
3497 2551 3625 2605 Sal-

2035 2649 2277 2693 vatorem
2311 2639 2592 2701 intuitum,
2618 2654 2676 2694 se
2716 2639 2783 2694 ab
2822 2639 2913 2693 illo
2943 2640 3159 2693 adorari
3221 2643 3620 2710 εοιιθιιρὶνὶςειδ,

2031 2746 2154 2785 cum
2212 2729 2286 2783 illi
2340 2731 2524 2784 omnia
2583 2745 2746 2800 regna
2808 2731 2992 2784 mundi
3051 2731 3344 2786 ostendens
3393 2732 3625 2787 dixisset

2030 2822 2209 2877 omnia
2248 2820 2365 2876 fore
2395 2822 2593 2890 ipsius,
2624 2823 2670 2875 si
2717 2822 2998 2890 procidere
3027 2822 3078 2876 in
3129 2839 3302 2892 genua
3347 2835 3401 2876 ct
3427 2839 3486 2877 se
3521 2825 3622 2878 ad-

2029 2931 2190 2971 orare
2219 2932 2324 2970 tton
2364 2924 2641 2971 recusaret
2659 2917 2721 2968 ".
2758 2915 2962 2970 Deinde
2987 2931 3050 2970 ex
3077 2917 3190 2984 ipso
3213 2919 3381 2972 choro
3403 2925 3623 2972 sancto-

2031 3022 2152 3061 rum
2181 3005 2551 3076 apostolorum
2611 3007 2944 3076 proditorem
3000 3005 3196 3084 Judam
3235 3009 3489 3076 arripuit,
3530 3007 3618 3062 cui

315 3102 399 3155 T6
423 3102 506 3163 δὲ,
543 3100 646 3166 Τίς
677 3097 737 3154 εἷ
769 3100 892 3164 σύ;
920 3101 1139 3170 νοητέον
1165 3103 1261 3170 οὐχ
1291 3103 1368 3164 ὡς
1395 3102 1672 3164 ἐθέλοντος
1704 3105 1917 3173 ἀναμα-

2030 3099 2304 3168 persuasit
2337 3108 2394 3152 ut
2441 3097 2753 3153 Judaorum
2791 3073 3023 3153 feritatis
3053 3100 3476 3178 instrumentum
3529 3101 3624 3152 lie-

317 3195 462 3260 θεῖν,
495 3193 579 3257 τίς
605 3193 669 3262 δὴ
702 3193 810 3265 ἄρα
843 3193 938 3246 καὶ
977 3193 1141 3246 πόθεν
1170 3195 1320 3246 ἐστίν
1358 3194 1438 3266 (οὺ
1468 3194 1576 3266 γὰρ
1596 3193 1662 3247 ἂν
1685 3195 1924 3265 ἠγνόησε

317 3286 461 3350 Θεὸς
488 3286 591 3353 ὢν)
616 3327 631 3350 ,
669 3286 786 3339 ἀλλ’
813 3280 926 3339 οἷον
984 3285 1524 3357 κατασμικρύνοντος
1585 3288 1679 3339 καὶ
1707 3287 1924 3351 οὐδενὸς

319 3375 618 3440 ἀξιοῦντος
647 3376 834 3442 λόγου,
862 3375 968 3429 κᾶν
998 3377 1046 3428 εί
1076 3377 1218 3446 μέγα
1241 3393 1300 3428 τε
1333 3377 1422 3446 εἴη
1475 3378 1567 3429 καὶ
1591 3377 1924 3448 δυσάντητον

313 3471 450 3542 ὅρος
479 3509 496 3534 ,
545 3471 641 3524 καὶ
698 3470 955 3540 ἐμποδὼν
1004 3472 1256 3542 κείμενον
1309 3471 1616 3542 κατορθοῦν
1683 3471 1924 3526 ἐθέλοντι

310 3562 503 3616 τοιάδε
559 3563 823 3634 Χριστῷ,
875 3555 940 3616 οὗ
990 3563 1085 3617 καὶ
1135 3565 1216 3627 είς
1271 3562 1443 3616 τύπον
1495 3565 1524 3615 6
1577 3563 1920 3634 Ζοροϐάϐελ,

313 3655 581 3726 καθάπερ
611 3656 714 3727 ἥδη
750 3657 1119 3727 προείπομεν.
1148 3657 1344 3709 Καίτοι
1383 3657 1493 3726 γὰρ
1523 3657 1919 3728 ἁπαράκλητον

313 3749 464 3819 ἔχων
501 3749 604 3820 τὴν
642 3749 978 3822 δυστροπίαν
1008 3752 1037 3804 ὁ
1063 3750 1281 3820 δράκων
1314 3752 1342 3802 6
1373 3751 1711 3820 ἀποστάτης,
1743 3750 1924 3805 πεπά-

315 3857 487 3911 τηται
544 3841 698 3911 παρά
740 3842 981 3912 Χριστοῦ
1031 3842 1217 3904 πόνου,
1256 3859 1315 3895 τε
1363 3844 1456 3895 καὶ
1508 3841 1731 3914 ἱδρῶτος
1776 3842 1919 3912 δίχα.

316 3932 455 3997 Θεὸς
483 3934 595 4004 γὰρ
625 3929 695 4005 ἦν
755 3934 900 3988 κατά
937 3933 1101 4005 φύσιν
1139 3937 1168 3988 6
1201 3936 1413 3998 πάντας
1446 3935 1714 3990 νικῶν.Ἢ
1741 3936 1922 3990 τοίνυν

315 4025 467 4080 κατά
515 4026 609 4079 τὸν
658 4027 864 4080 τοιόνδε
918 4028 1048 4080 τινὰ
1090 4027 1293 4099 τρόπον
1342 4027 1765 4098 προσϐαλοῦμεν
1808 4029 1923 4090 τοῖς

314 4118 674 4190 εἰρημένοις,
706 4118 740 4190 ἢ
773 4121 867 4172 καί
897 4121 1136 4194 ἑτέρως,
1181 4122 1231 4173 εί
1261 4119 1429 4172 δοκεῖ.
1469 4120 1614 4190 Ἔφη
1651 4119 1750 4189 μὲν
1787 4120 1919 4191 γὰρ,

314 4214 399 4266 ὅτι
457 4213 562 4266 οὐκ
615 4212 937 4284 ἀνθρωπεία
993 4213 1224 4284 δυνάμει
1295 4212 1774 4284 κατορθωθήσεται
1841 4212 1921 4283 τῷ

315 4309 516 4377 κόσμῳ
548 4306 619 4360 τὰ
658 4307 796 4378 πρὸς
840 4307 1007 4378 ζωήν.
1054 4307 1165 4361 Καὶ
1197 4308 1457 4378 στήσεται
1496 4305 1596 4376 μὲν
1645 4305 1916 4376 ήλυχνία,

2028 3199 2131 3245 ret.
2158 3189 2480 3261 lncrepatur
2506 3191 2687 3254 itaque
2705 3189 2790 3243 his
2817 3190 3034 3244 verbis:
3063 3209 3081 3241 ι
3117 3188 3250 3255 Quis
3269 3206 3328 3243 es
3359 3200 3436 3251 tu,
3465 3205 3622 3245 mons

2029 3295 2390 3353 magne,ante
2423 3281 2617 3338 facient
2665 3281 2988 3347 Zorohabel,
3021 3291 3080 3336 ut
3107 3283 3380 3336 instaures
3411 3282 3434 3336 ?
3485 3281 3619 3336 Illud

2027 3377 2163 3443 Quis
2191 3391 2272 3441 es,
2329 3391 2435 3430 non
2469 3375 2540 3430 ita
2581 3376 2980 3445 accipiendum,
3035 3376 3194 3442 quasi
3231 3389 3390 3428 nosse
3439 3375 3622 3444 cupiat

2026 3471 2152 3537 quis
2212 3469 2427 3522 tandem
2459 3475 2514 3520 el
2557 3469 2702 3522 unde
2736 3467 2828 3520 sil.
2861 3465 2974 3520 Non
3003 3468 3147 3521 enim
3183 3467 3494 3534 ignorabat,
3537 3479 3620 3519 ιιι-

2025 3568 2151 3628 pote
2173 3558 2332 3612 Deus.
2354 3557 2460 3612 Sed
2487 3557 2642 3626 quasi
2668 3565 3013 3619 extenuet,ct
3034 3555 3188 3608 nihili
3218 3555 3400 3622 faciat,
3427 3571 3623 3625 quam-

2026 3652 2107 3704 vis
2139 3664 2366 3720 magnus
2411 3664 2566 3702 mons
2604 3655 2770 3712 esset,
2821 3657 2875 3700 et
2920 3647 3007 3700 cui
3072 3645 3231 3700 facile
3280 3647 3456 3700 resisti
3512 3661 3617 3700 non

2024 3751 2230 3812 posset,
2256 3753 2310 3794 et
2345 3741 2789 3810 impedimentum
2815 3739 3086 3808 ohjecmm
3120 3737 3340 3791 Christo
3388 3738 3502 3792 haec
3531 3740 3617 3791 in-

2024 3844 2298 3890 staurare
2338 3833 2566 3894 volenti,
2595 3832 2762 3903 687
2804 3831 2957 3901 cujus
2991 3841 3147 3901 typus
3199 3829 3524 3894 Zorobabel,
3559 3843 3620 3885 ut

2018 3923 2132 3993 jam
2170 3923 2426 3978 diximus.
2481 3922 2591 3976 Etsi
2629 3924 2775 3975 enim
2824 3921 2896 3974 sit
2956 3919 3317 3986 implacabilis
3373 3921 3617 3988 nequitia

2023 4017 2278 4071 draconis
2303 4021 2587 4084 apostataa,
2621 4022 2800 4066 tamen
2837 4013 2972 4068 citra
3029 4013 3267 4067 laborem
3325 4012 3616 4068 sudorem-

2023 4125 2187 4179 quea
2219 4107 2435 4162 Christo
2459 4104 2809 4159 conculcatus
2856 4113 2960 4159 est.
3015 4103 3146 4158 Erat
3212 4103 3357 4157 enim
3420 4115 3613 4157 natura

2026 4200 2186 4264 Deus,
2223 4212 2413 4252 omnes
2440 4209 2794 4266 exsuperans.
2852 4196 2960 4248 Aut
3033 4194 3196 4262 igitur
3232 4193 3322 4248 tali
3379 4195 3610 4262 quodam

2022 4291 2183 4346 modo
2209 4291 2350 4345 dicta
2391 4289 2552 4345 verba
2579 4287 2992 4356 explicabimus,
3014 4296 3106 4341 aut
3129 4287 3257 4355 alio,
3289 4286 3332 4341 si
3357 4286 3606 4356 placebit.

310 4401 376 4454 τὸ
403 4401 719 4471 λαμπάδιον
742 4400 966 4472 ἔχουσα,
991 4400 1263 4464 τουτέστι,
1283 4399 1544 4473 Χριστὸν,
1572 4398 1915 4470 ὲκλάμψουσι

2029 4385 2174 4438 Dixit
2223 4383 2392 4447 cnitn,
2440 4397 2544 4436 non
2599 4381 2838 4435 humana
2874 4382 3071 4434 virtute
3098 4380 3300 4434 mundo
3325 4381 3494 4434 vitam
3529 4381 3614 4436 ius

310 4492 371 4548 δὲ
396 4497 450 4547 oi
475 4493 664 4564 λύχνοι
690 4535 705 4560 ,
739 4496 833 4548 καὶ
865 4494 974 4567 μὴν
1006 4495 1104 4548 καὶ
1137 4495 1202 4547 ὲκ
1232 4492 1424 4558 δεξιῶν
1459 4493 1555 4546 καὶ
1609 4491 1670 4557 ἐξ
1711 4491 1915 4545 εὑωνύυ

315 4600 438 4654 μων
468 4581 567 4635 τοῦ
594 4581 904 4652 λαμπαδίου
941 4584 996 4634 αἱ
1021 4581 1116 4635 δύο
1146 4582 1364 4645 πάντως
1403 4582 1578 4635 ἐλαῖαι
1605 4583 1915 4653 στήσονται,

309 4678 444 4738 τοὺς
472 4674 572 4728 δύο
607 4673 775 4738 λαοὺς
806 4674 1193 4745 σημαίνουσαι.
1233 4671 1346 4728 Εἶθ’
1379 4674 1570 4745 ὥσπερ
1600 4673 1916 4728 ἀναπυνθαυ

309 4767 551 4839 νομένου
595 4766 745 4830 τινὸς
785 4767 882 4820 καὶ
923 4766 1214 4835 λέγοντος·
1270 4767 1368 4830 Τίς
1400 4763 1516 4837 ἆρα
1553 4763 1605 4819 εί
1641 4767 1742 4832 σὺ,
1781 4769 1810 4820 6
1846 4765 1916 4820 τὰ

310 4859 460 4913 οὕτω
510 4858 728 4929 μεγάλα
795 4859 1040 4928 πολέμου
1090 4859 1217 4929 δίχα
1265 4860 1484 4921 πάντως
1534 4859 1629 4912 καὶ
1675 4857 1915 4930 ἀμογητὶ

311 4949 696 5022 κατορθώσειν
724 4949 1194 5020 ὑπισχνούμενος;
1228 4949 1716 5025 προσυπακούεται
1739 4949 1914 5018 λέγων

307 5038 341 5090 ὁ
371 5037 510 5099 Θεὸς
543 5036 640 5090 καὶ
669 5037 862 5108 Πατήρ
886 5053 901 5068 ο
937 5055 956 5088 ι
995 5036 1138 5107 Ἐγὼ
1172 5038 1232 5092 τὸ
1260 5039 1386 5110 ὅρος
1413 5039 1474 5093 τὸ
1521 5039 1684 5108 μέγα,
1717 5038 1777 5093 τὸ
1809 5039 1915 5110 πρὸ

310 5127 618 5200 προσώπου
654 5128 987 5200 Ζοροϐάϐελ,
1020 5128 1117 5182 τοῦ
1155 5130 1522 5202 κατορθῶσαν
1553 5147 1570 5182 ι
1613 5129 1912 5196 τουτέστιν,

323 5218 471 5288 Ἐγώ
496 5219 665 5290 είμιὴ
690 5222 870 5274 πάντα
901 5221 1278 5294 ὑπεραίρουσα
1299 5222 1482 5292 φύσις,
1501 5225 1533 5292 ἡ
1555 5222 1916 5296 θεοπρεπέσιν

311 5307 616 5381 ΰψώμασιν
656 5312 737 5374 εἰς
783 5309 882 5381 τὴν
916 5312 1324 5384 ὑπερεπέκεινα
1368 5315 1588 5368 πάντων
1627 5313 1918 5386 διᾴττουσα

308 5401 496 5467 δόξαν,
544 5401 690 5454 κατά
721 5401 948 5473 καιροὺς
991 5403 1254 5476 ἀρκέσειν
1288 5403 1559 5474 μέλλουσα
1604 5405 1744 5476 πρὸς
1779 5421 1914 5457 κατ-

307 5494 554 5566 όρθωσιν
607 5491 718 5546 τῶν
776 5491 1246 5566 ἐπηγγελμένων,
1313 5497 1409 5550 καὶ
1459 5495 1568 5568 πρὸ
1616 5493 1913 5566 προσώπου

308 5583 648 5657 Ζοροϐάϐελ.
691 5583 765 5636 Οὐ
798 5583 904 5656 γὰρ
936 5585 1124 5657 ἠγνόει
1163 5585 1400 5658 Χριστὸς
1435 5587 1526 5642 τὸν
1563 5587 1758 5642 ἑαυτοῦ
1794 5587 1908 5640 Πα-

381 5767 428 5801 ¹⁶
457 5767 653 5824 Matth.
683 5781 759 5834 tv,
786 5767 808 5822 l
835 5781 992 5839 seqq.

2023 4485 2414 4535 stauraturum.
2444 4474 2510 4528 Et
2533 4473 2698 4529 stabit
2729 4473 2946 4542 quidem
2978 4470 3384 4535 candelabrum,
3410 4472 3615 4540 lampa-

2022 4571 2142 4627 dem
2184 4570 2412 4632 habens,
2431 4567 2533 4621 hoc
2562 4577 2647 4621 est
2667 4565 2946 4620 Christum
2978 4581 2994 4617 :
3028 4562 3284 4618 lucebunt
3311 4573 3496 4618 autem
3529 4564 3611 4615 lu-

2021 4679 2222 4720 cernae.
2249 4662 2515 4717 Praeterea
2541 4676 2572 4714 a
2599 4661 2786 4715 dextra
2811 4659 3052 4728 laevaque
3079 4656 3340 4726 lampadis
3368 4656 3486 4707 dua:
3515 4653 3615 4706 oli-

2023 4773 2104 4814 vae
2165 4757 2385 4812 omnino
2424 4756 2666 4818 stabunt,
2709 4754 2844 4807 duos
2897 4751 3123 4820 populos
3199 4749 3608 4802 adumbrantes.

2021 4846 2244 4913 Postea,
2287 4847 2444 4917 quasi
2469 4845 2788 4900 sciscitante
2823 4841 3078 4911 qu0piam
3104 4854 3168 4893 ac
3195 4838 3442 4893 dicente:
3475 4835 3612 4901 Quis

2021 4939 2187 5010 igitur
2214 4953 2275 4992 es
2312 4947 2389 5002 tu,
2419 4937 2511 5005 qui
2557 4943 2666 4988 tam
2718 4934 2886 4987 ardua
2920 4931 3065 4985 nullo
3107 4929 3245 4984 bello
3284 4939 3338 4981 et
3373 4929 3491 4981 sine
3533 4927 3582 4979 la

2022 5031 2155 5087 bore
2203 5028 2434 5084 feliciter
2471 5025 2895 5081 constitutorum
2941 5018 3234 5090 spoudes?
3287 5017 3612 5073 subauditur

2025 5123 2357 5190 respondens
2395 5120 2533 5174 Deus
2561 5129 2615 5172 et
2633 5117 2796 5172 Pater
2825 5131 2838 5168 :
2871 5133 2889 5166 ι
2932 5115 3041 5184 Ego
3067 5127 3222 5168 mons
3258 5111 3346 5164 ille
3384 5125 3611 5178 magnus

2023 5225 2150 5269 ante
2176 5214 2366 5268 faciem
2399 5209 2720 5274 Zurobahel,
2751 5219 2809 5262 ut
2837 5208 3134 5261 instaurcm
3164 5222 3177 5258 :
3223 5222 3240 5254 ι
3283 5203 3336 5258 id
3376 5211 3459 5256 cst
3506 5216 3610 5270 ego

2017 5317 2135 5357 sum
2176 5301 2432 5356 omnibus
2463 5297 2877 5368 supereminens
2907 5305 3124 5357 natura,
3166 5292 3361 5346 divinis
3389 5291 3609 5369 celsitu-

2016 5395 2233 5449 dinibus
2257 5395 2322 5447 ad
2345 5393 2570 5461 gloriam
2603 5388 3045 5446 sublimissitnam
3081 5385 3320 5438 omnium
3343 5382 3609 5440 emicans,

2018 5503 2138 5560 qua:
2197 5501 2296 5542 suo
2362 5495 2604 5556 tempore
2661 5483 2728 5538 ad
2780 5479 3049 5551 promissa
3099 5474 3327 5529 fideliter
3385 5481 3440 5524 et
3486 5483 3612 5523 ante

2015 5580 2208 5639 faciem
2270 5576 2569 5636 Zorobabel
2637 5571 2940 5645 praestanda
2999 5565 3245 5623 sufficiet.
3305 5565 3419 5620 Non
3465 5565 3613 5618 enim
