4130 6470
565 313 635 370 67
1600 307 1659 365 8.
1697 304 1975 365 οῖηιιω
2018 306 2490 363 ΑιεχΑΝυιιιΝι
2530 262 2854 367 ΑΒΕΗΙΕΡ.
3166 366 3171 369 ,
3764 313 3833 368 08

568 424 855 496 ignorabat
890 423 1144 480 Christus
1172 422 1387 479 Patrem
1422 436 1621 479 suum:
1648 426 1742 481 sed
1785 426 1939 495 quasi
1965 440 2148 495 qttem-

2257 424 2410 496 τέρα,
2453 410 2569 478 ἀλλ³
2604 425 2794 497 ῶσπερ
2827 425 2947 491 τινὰ
2993 424 3330 496 συνεργάτην
3365 423 3477 478 τῶν
3523 423 3667 477 ἰδίων
3704 441 3843 479 κατα

569 521 693 573 dam
750 517 1050 584 adiutorem
1104 515 1395 584 insignium
1437 529 1656 570 suarum
1677 515 1949 570 actionum
2025 529 2147 571 eum

570 607 825 673 iaciebat,
856 622 978 662 cum
1007 606 1245 661 diceret:
1285 623 1304 656 ι
1328 606 1369 659 Α
1393 620 1478 660 me
1502 605 1620 675 ipso
1652 606 1791 659 facio
1814 607 1966 661 nihil.
1996 607 2151 660 Pater

571 708 751 753 autem
786 699 838 753 in
868 712 953 751 me
989 713 1233 761 manens,
1267 699 1381 768 ipse
1414 697 1545 752 facit
1567 713 1729 767 opera
1755 699 1859 751 π.»
1886 699 2153 768 Operaba-

572 800 661 846 tur
684 791 826 847 enim
855 801 914 844 ut
942 805 1039 859 per
1075 790 1349 862 propriam
1386 792 1643 846 virtutem
1684 804 1779 859 per
1815 788 2032 854 Filium,
2058 804 2154 858 per

571 898 733 954 quem
790 893 847 938 et
891 882 959 937 ab
1021 882 1175 936 initio
1233 883 1433 937 creatis
1496 883 1770 945 omnibus,
1831 885 2024 936 merito
2068 890 2154 936 est

573 974 906 1029 admirabilis
959 1012 975 1029 .
1024 1013 1038 1028 .
1092 1012 1106 1027 .
1165 973 1630 1041 asapientissimo
1684 972 1902 1028 Daniele
1957 974 2152 1028 iterant

574 1067 716 1121 Dens
746 1078 799 1121 et
824 1064 988 1120 Pater
1039 1080 1196 1120 mons
1231 1064 1563 1130 nominatur,
1595 1066 1737 1119 unde
1772 1073 1826 1118 et
1851 1063 1984 1133 lapis
2035 1064 2154 1120 sine

572 1160 822 1215 manibus
884 1160 1142 1228 praecisus
1171 1167 1283 1221 est,
1327 1158 1420 1227 qui
1457 1166 1512 1210 et
1565 1172 1781 1221 aurum,
1827 1166 2150 1227 argentum,

570 1268 667 1316 πε,
700 1251 901 1305 ferrum
936 1251 1253 1305 comminuit
1277 1250 1343 1305 ³³.
1377 1250 1507 1316 Qua:
1549 1253 1712 1304 etiam
1742 1250 1942 1305 Christi
1979 1252 2154 1322 imago

573 1342 691 1397 fuit.
719 1340 888 1395 Natus
914 1341 1058 1395 enim
1090 1355 1155 1394 ex
1197 1344 1306 1396 Deo
1350 1339 1511 1394 Patre
1551 1339 1738 1403 Filius,
1792 1354 1953 1409 supra
1991 1354 2151 1408 quam

570 1434 677 1489 dici
709 1444 801 1488 aut
824 1441 1005 1487 mente
1020 1433 1135 1502 capi
1156 1441 1353 1502 potest,
1371 1433 1887 1501 contrivitregna,ut
1904 1431 2153 1501 deinceps

570 1538 741 1593 penes
761 1538 883 1578 eum
913 1524 986 1577 sit
1024 1538 1186 1577 onme
1235 1523 1521 1592 imperium
1562 1538 1577 1575 :
1611 1539 1631 1573 ι
1685 1520 1724 1577 F
1732 1522 1958 1576 lectetur
2008 1522 2151 1576 enim

571 1616 673 1681 ipsi
697 1629 857 1669 omne
888 1630 1051 1683 genu,
1108 1624 1163 1668 et
1190 1615 1373 1669 omnis
1424 1615 1599 1682 lingua
1645 1614 1991 1668 conﬁtebitur
2028 1614 2152 1681 quia

572 1705 830 1760 Dominus
863 1705 1022 1760 Jesus
1053 1706 1303 1761 Christus
1344 1707 1396 1759 in
1422 1706 1588 1775 gloria
1613 1715 1696 1759 est
1720 1706 1811 1759 Dei
1848 1704 2024 1759 Patris
2045 1706 2145 1760 ".r

2251 515 2589 585 ορθωμάτων
2639 518 2873 570 ἐποιεῖτο
2914 514 3121 583 λέγων’
3174 534 3192 566 ι
3236 515 3356 567 Ἀπ’
3402 512 3642 583 ἐμαυτοῦ
3694 512 3835 566 ποιῶ

2251 605 2426 660 οὐδέν.
2470 606 2529 659 Ὀ
2554 607 2611 659 δὲ
2640 606 2832 677 Πατὴρ
2866 609 2893 658 6
2921 607 2980 659 ἐν
3019 607 3142 675 ἐμοὶ
3187 604 3388 675 μένων,
3427 607 3572 658 ποιεῖ
3594 604 3661 659 τὰ
3695 603 3836 674 ἔργα

2252 697 2435 760 αὑτός.
2477 716 2495 749 ι
2534 698 2835 766 Είργάζετο
2872 698 2980 767 γὰρ
3026 696 3102 760 ὼς
3142 697 3229 750 διὰ
3254 696 3534 767 δυνάμεως
3565 696 3700 759 ἰδίας
3736 695 3833 750 τοῦ

2254 788 2410 853 Υίοῦ,
2439 788 2508 841 δι’
2545 784 2607 842 οὗ
2642 790 2736 842 καὶ
2768 791 2824 841 ἐν
2851 788 3047 859 ἀρχαῖς
3085 787 3153 842 τὰ
3198 790 3376 843 πάντα
3418 789 3555 859 πρὸς
3598 788 3659 840 τὸ
3693 784 3834 841 εἶναι

2268 880 2627 952 παρενεγκὼν
2655 879 2880 942 εἰκότως
2912 878 3369 950 θαυμάζεται..,..
3390 879 3538 949 παρὰ
3562 878 3640 949 τῷ
3665 894 3838 946 σοφω-

2251 973 2403 1043 τάτῳ
2437 972 2658 1043 Δανιὴλ,
2685 972 2760 1034 ὡς
2785 970 2910 1042 ὅρος
2938 974 3071 1042 ἡμῖν
3110 972 3423 1043 ὠνόμασται
3456 972 3617 1025 πάλιν
3631 974 3674 1025 ’ό
3700 971 3832 1034 Θεὸς

2253 1066 2349 1119 καὶ
2381 1063 2592 1134 Πατὴρ,
2632 1063 2691 1127 ἐξ
2722 1059 2783 1118 οῦ
2818 1066 2912 1117 καὶ
2947 1063 3093 1126 λίθος
3135 1064 3264 1118 ἄνευ
3297 1064 3477 1134 χειρὸς
3508 1065 3742 1135 ἐτμήθη,
3772 1064 3833 1127 ὃς

2253 1156 2349 1209 καὶ
2387 1155 2645 1208 ἐλέπτυνε
2688 1154 2750 1207 τὸ
2780 1155 3022 1223 χρυσίον,
3069 1156 3162 1209 τὸν
3189 1157 3450 1227 ἄργυρον,
3484 1156 3574 1209 τὸν
3610 1155 3830 1225 χαλκὸν,

2250 1244 2344 1297 τὸν
2386 1244 2623 1314 σίδηρον,
2667 1245 2759 1297 καὶ
2802 1239 2870 1313 ἦν
2930 1245 3007 1307 είς
3055 1245 3225 1298 τύπον
3272 1247 3364 1298 καὶ
3406 1245 3522 1297 τόδε
3569 1241 3831 1315 Χριστοῦ.

2251 1336 2292 1389 Γ
2294 1336 2623 1406 εγενημένος
2662 1336 2771 1406 γάρ
2815 1339 2879 1389 ἐκ
2919 1335 3055 1389 Θεοῦ
3087 1336 3298 1409 Πατρός
3357 1337 3685 1407 ἅπορῤήτως
3738 1334 3835 1387 καὶ

2252 1426 2395 1497 ὑπὲρ
2419 1427 2544 1481 νοῦν
2568 1429 2595 1480 ό
2623 1428 2768 1489 Υἱὸς,
2807 1428 3100 1499 συνέτριψε
3133 1426 3232 1491 τὰς
3265 1427 3566 1497 βασιλείας,
3599 1427 3661 1478 ἵν’
3685 1424 3835 1495 αὑτῷ

2252 1518 2438 1571 λοιπὸν
2471 1518 2532 1570 τὸ
2561 1517 2705 1571 κατὰ
2728 1517 2949 1571 πάντων
2980 1519 3177 1590 κράτος
3205 1518 3512 1588 ἀνάπτηται
3531 1534 3542 1545 ·
3579 1515 3833 1585 ιΚάμψει

2252 1609 2359 1681 γὰρ
2394 1608 2545 1680 αὐτῷ
2574 1612 2680 1662 πᾶν
2709 1610 2861 1679 γόνυ,
2891 1611 2985 1663 καὶ
3008 1612 3160 1663 πᾶσα
3189 1611 3409 1679 γλῶσσα
3439 1607 3835 1679 ἐξομολογήσε-

2252 1719 2364 1765 ται,
2411 1703 2492 1755 ὅτι
2541 1702 2745 1774 Κύριος
2805 1701 3012 1772 Ἰησοῦς
3057 1704 3289 1773 Χριστος
3348 1704 3430 1765 είς
3488 1701 3645 1767 δόξαν
3693 1698 3834 1753 Θεοῦ

571 1796 761 1867 Itaque
790 1807 846 1851 ut
874 1812 937 1851 ex
972 1807 1153 1851 monte
1187 1798 1279 1851 Dei
1308 1806 1362 1852 et
1398 1796 1575 1851 Patris
1609 1810 1853 1850 summus
1877 1796 2151 1864 angularis

2254 1795 2486 1864 Πατρός.
2526 1814 2544 1846 ι
2582 1768 2789 1848 Οῦκοῦν
2923 1795 2980 1860 ἐξ
3012 1768 3171 1863 ὅρους
3201 1792 3295 1847 τοῦ
3327 1792 3462 1847 Θεοῦ
3502 1794 3594 1845 καὶ
3620 1791 3837 1860 Πατρδς

567 1899 627 1943 et
661 1889 862 1941 elcctns
892 1887 1026 1956 lapis
1054 1893 1293 1941 resectas
1319 1886 1664 1949 Deus,factus
1684 1896 1769 1940 est
1799 1887 1951 1939 nobis
1978 1884 2149 1939 haere-

569 1978 791 2033 ditas“.
817 1978 1009 2031 Vocati
1036 1979 1231 2047 quippe
1257 1992 1443 2031 sumus
1471 1978 1524 2031 in
1550 1978 1889 2046 adoptionem
1919 1976 2150 2032 ﬁliorum

569 2088 670 2141 per
698 2074 866 2139 ipsum
896 2071 962 2136 ⁸²,
993 2071 1288 2140 scriptique
1319 2070 1559 2125 hau-edes
1590 2071 1679 2124 Dei
1700 2070 1949 2133 viventis,
1972 2085 2152 2139 arqua-

568 2160 718 2214 litate
749 2162 937 2231 gratia:
974 2163 1202 2229 gratiam
1247 2159 1678 2217 lucrifacientes.
1713 2161 1824 2216 Hoc
1865 2177 1993 2215 vero
2023 2162 2149 2231 quid

568 2254 701 2308 est?
736 2254 865 2308 Data
896 2264 979 2308 est
1009 2253 1224 2323 quidem
1275 2254 1447 2323 gratia
1493 2254 1709 2321 antiqua
1744 2253 1827 2307 illa
1867 2263 1921 2308 et
1949 2255 2150 2308 decan-

569 2352 679 2397 tata
708 2359 722 2396 :
748 2343 957 2398 liberati
998 2352 1125 2397 sunt
1160 2346 1304 2399 enim
1331 2359 1396 2398 ex
1431 2342 1666 2413 Egypto
1696 2344 1990 2398 secundum
2027 2359 2146 2398 cor-

570 2450 693 2506 pus,
737 2435 1147 2506 servilejngnm
1182 2436 1567 2491 dominationis
1612 2450 1719 2505 quo
1767 2438 2151 2505 premebantur

573 2542 602 2580 a
639 2526 941 2582 cervicibus
970 2527 1307 2594 deiecerunt,
1331 2543 1427 2597 per
1448 2528 1682 2582 medium
1736 2542 1886 2581 mare
1920 2529 2150 2582 traducti

572 2630 719 2683 sunt,
755 2620 1108 2674 comederunt
1136 2636 1331 2674 manna
1358 2620 1411 2675 in
1439 2620 1746 2685 solitudine,
1799 2620 1969 2691 688
2006 2621 2153 2690 pedi-

572 2712 672 2767 bus
694 2710 911 2766 ﬂumina
935 2709 1578 2775 transieruntJordanem
1605 2710 1932 2777 videlicet,in
1950 2722 2150 2765 terram

571 2802 952 2871 promissionis
982 2802 1276 2856 introducti
1310 2811 1457 2856 sunt.
1492 2802 1615 2858 Haec
1648 2803 1813 2872 igitur
1836 2803 2010 2873 gratia
2061 2803 2152 2857 illa

571 2895 765 2962 prima.
802 2893 998 2947 Verum
1030 2893 1082 2947 in
1126 2892 1431 2963 aequalitate
1460 2903 1515 2949 et
1542 2895 1896 2950 similitudine
1919 2895 2154 2965 antiquae

569 2985 714 3037 illius
746 2985 933 3052 gratiae
951 2982 1123 3054 gratia
1151 2983 1421 3053 impertita
1451 2994 1536 3039 est
1557 2999 1585 3037 a
1600 2984 1838 3051 Christo,
1860 2986 1951 3055 qui
1978 2985 2154 3042 factus

2250 1891 2649 1960 ἀκρογωνιαίος
2687 1890 2780 1941 καὶ
2805 1888 3059 1950 ἐκλεκτὸς
3085 1886 3422 1958 ἀποτμηθεὶς
3452 1885 3598 1949 λίθος
3627 1888 3655 1938 6
3677 1885 3833 1948 Θεὸς,

2252 1984 2476 2050 γέγονεν
2510 1982 2641 2051 ἡμῖν
2690 1981 3047 2052 κληρονομία.
3108 1978 3440 2050 Κεκλὴμεθα
3467 1976 3575 2049 γὰρ
3610 1979 3688 2040 είς
3720 1978 3836 2029 υἱο-

2252 2073 2439 2127 θεσίαν
2486 2073 2555 2125 δι’
2596 2073 2784 2139 αὑτοῦ,
2840 2073 2935 2127 καὶ
2983 2071 3311 2142 κληρονόμοι
3359 2070 3663 2139 γεγόναμεν
3694 2067 3834 2121 Θεοῦ

2253 2165 2477 2229 ζῶντος,
2521 2164 2729 2233 ἰσότητι
2773 2164 2994 2235 χάριτος
3045 2163 3245 2233 χάριτα
3285 2162 3678 2231 κερδαίνοντες.
3719 2160 3835 2215 Καὶ

2252 2256 2305 2308 τί
2333 2256 2395 2326 δὴ
2412 2254 2603 2320 τοῦτο,
2632 2256 2852 2309 Δὲδοται
2880 2255 2980 2325 μὲν
3004 2254 3113 2324 γὰρ
3126 2255 3283 2324 χάρις
3304 2270 3387 2316 τις
3414 2252 3493 2322 τῷ
3532 2252 3768 2324 Ἰσραὴλ,
3797 2252 3833 2322 η

2252 2318 2454 2417 ἀρχαία
2481 2364 2540 2399 τε
2574 2318 2759 2417 ἐκείνη
2792 2318 2893 2398 καί
2912 2318 3229 2416 διαϐόητος-⁸
3255 2318 3621 2415 λελύτρωνται
3643 2318 3750 2414 γάρ
3772 2318 3835 2406 ἐξ
3950 2318 3967 2325 ’ῃ

2253 2439 2529 2507 Αἰγύπτου
2581 2438 2900 2510 σαρκικῶς,
2944 2438 3045 2509 τὴν
3094 2437 3485 2508 ἐπηρτημένην
3540 2436 3722 2499 αὐτοῖς
3769 2437 3837 2488 ἐκ

2256 2532 2570 2599 πλεονεξίας
2602 2531 2967 2586 ἀπεσείσαντο
2990 2529 3257 2594 δουλείαν,
3297 2528 3720 2598 διεϐιόάσθησαν
3745 2527 3837 2581 διὰ

2255 2624 2529 2694 θαλάσσης
2563 2624 2736 2694 μέσης
2755 2663 2770 2689 ,
2800 2622 3002 2691 ἔφαγον
3030 2622 3091 2675 τὸ
3129 2621 3305 2693 μάννα
3335 2622 3393 2674 ἐν
3413 2624 3479 2691 τῇ
3516 2622 3730 2691 ἐρήμῳ,
3762 2618 3841 2671 δι-

2254 2713 2417 2784 ῆλθον
2451 2715 2509 2766 ἐν
2535 2714 2655 2766 ποδὶ
2707 2713 2993 2782 ποταμοὺς
3040 2711 3520 2783 (διεπεραιώσαντο
3546 2711 3655 2782 γάρ
3692 2710 3838 2764 οὕτω

2254 2807 2346 2859 τὸν
2384 2806 2703 2876 Ἰορδάνην),
2723 2804 3181 2875 είσεκομίσθησαν
3210 2804 3290 2867 εἰς
3318 2805 3420 2873 τὴν
3462 2803 3565 2874 γῆν
3594 2802 3694 2873 τῆς
3732 2804 3836 2855 ἐπ-
3912 2872 3925 2881 ι

2254 2897 2537 2965 αγγελίας.
2574 2896 2723 2969 Αὕτη
2757 2896 2821 2968 δὴ
2856 2893 2950 2950 οὖν
2983 2898 3017 2968 ή
3056 2896 3217 2967 χάρις
3257 2897 3291 2966 ἡ
3338 2895 3552 2966 πρώτη.
3598 2896 3739 2949 Ἀλλ’
3777 2897 3836 2948 ἐν

2260 2989 2465 3059 ἰσότητι
2524 2988 2616 3041 καὶ
2644 2989 2921 3058 ὁμοιότητι
2956 2987 3055 3057 τῆς
3078 2986 3313 3058 ἀρχαίας
3342 2987 3560 3057 ἐκείνης
3589 2989 3833 3058 χάριτος,

569 3086 655 3128 est
730 3075 885 3128 nobis
961 3073 1093 3142 lapis
1139 3082 1199 3127 ut
1264 3073 1701 3141 fundamentum,
1741 3078 1856 3132 sive
1911 3092 2151 3132 summus

2256 3080 2413 3152 χάρις
2442 3080 2652 3135 δέδοται
2683 3080 2831 3152 παρὰ
2859 3080 3121 3150 Χριστοῦ,
3152 3080 3211 3144 ὃς
3248 3080 3472 3150 γέγονεν
3500 3082 3653 3151 ἡμῖν,
3686 3082 3832 3146 λίθος

571 3164 871 3233 angularis,
901 3177 955 3218 et
1010 3180 1224 3221 rursum
1285 3166 1457 3221 haeres
1491 3178 1552 3221 ut
1597 3166 1791 3223 Filius.
1848 3164 1953 3225 Per
2002 3170 2151 3224 illum

2260 3174 2360 3243 μὲν
2404 3173 2479 3235 ὡς
2513 3172 2794 3243 θεμέλιος,
2831 3173 2999 3242 ἤγουν
3039 3174 3453 3242 ἀκρογωνιαῖος,
3500 3173 3837 3243 κληρονόμος

569 3257 770 3324 quippe
797 3256 1040 3310 ltaaredes
1091 3255 1182 3311 Dei
1219 3256 1453 3313 instituti
1518 3274 1709 3315 sumus
1740 3260 1790 3293 ”
1815 3300 1830 3314 .
1871 3259 2155 3326 Quomodo

570 3345 738 3415 igitur
771 3346 822 3398 in
854 3347 1162 3415 aequalitate
1194 3348 1380 3417 prima:
1410 3349 1596 3419 gratia:
1628 3351 1907 3405 secunda?
1933 3349 2063 3416 Quae
2099 3351 2152 3407 in

572 3437 681 3491 illis
719 3438 922 3492 ﬂebant
968 3442 1269 3495 secundum
1300 3456 1545 3511 carnem,
1586 3443 1700 3499 sive
1748 3458 1988 3507 sensum,
2039 3445 2156 3500 haec

571 3529 826 3583 Christus
854 3532 1150 3585 secundum
1175 3534 1421 3602 spiritum
1449 3543 1505 3589 et
1529 3536 1855 3592 intellectum
1882 3538 2154 3608 praestitit.

572 3620 785 3690 Eripuit
820 3637 917 3676 nos
945 3636 977 3677 e
1027 3624 1288 3680 servitute
1326 3625 1616 3694 diabolica,
1659 3641 1756 3683 ceu
1806 3644 1873 3683 ex
1924 3628 2035 3683 luto
2101 3637 2156 3683 ct

570 3710 819 3767 latere".
853 3714 1129 3769 Liberavit
1170 3714 1543 3775 affectionibus
1600 3718 1889 3776 mundanis
1928 3730 1983 3776 et
2035 3736 2157 3775 car-

572 3801 789 3857 nalilms
852 3803 1230 3860 immunditiis.
1272 3806 1431 3861 Velut
1502 3823 1602 3878 per
1646 3824 1796 3864 mare
1868 3811 2152 3867 transitum

569 3892 875 3946 concessit:
911 3890 1107 3949 ﬂuctus
1148 3897 1291 3951 enim
1338 3897 1496 3965 lmjus
1536 3900 1658 3955 vitae
1709 3909 1764 3954 et
1799 3902 2151 3956 acerbitatem

571 3984 691 4054 ejus
721 3985 1144 4040 sollicitudinum
1161 3991 1573 4057 praeterii-imus.
1588 3990 1931 4047 Comedimus
1958 4008 2153 4063 panem

570 4077 637 4129 de
664 4076 803 4131 cmlo
835 4075 1098 4147 (mystice
1119 4078 1749 4153 quuimur),Jordanem
1779 4084 2152 4151 transivimus,

569 4167 1037 4223 circumcisionem
1060 4171 1111 4224 in
1130 4173 1323 4240 spiritu
1345 4176 1680 4245 suscepimus
1699 4176 1765 4241 “,
1785 4176 2152 4233 hwreditatem

571 4259 874 4313 audivimus
892 4275 1181 4331 supernam
1212 4264 1651 4331 civitatem,vere
1679 4277 1919 4323 sanctam
1953 4280 2151 4325 terram

569 4347 725 4413 cujus
753 4359 806 4402 et
839 4348 1089 4405 Christus
1148 4352 1264 4422 ipse
1295 4356 1541 4409 meminit
1595 4370 1716 4410 cum
1759 4358 1877 4411 ait:
1939 4377 1958 4411 ι
2000 4359 2152 4415 Beati

2253 3267 2310 3320 δὲ
2347 3266 2531 3329 πάλιν,
2558 3265 2633 3327 ὡς
2668 3265 2813 3327 Υἱός.
2848 3264 3156 3336 Γεγόναμεν
3191 3266 3298 3336 γὰρ
3326 3267 3394 3320 δι’
3425 3265 3587 3319 αὑτοῦ
3634 3266 3829 3336 κληροο

2257 3359 2412 3429 νόμοι
2441 3354 2598 3409 Θεοῦ.
2628 3356 2752 3419 Πῶς
2777 3351 2871 3409 οὖν
2900 3358 2957 3408 ἐν
2988 3357 3194 3427 ἰσότητι
3227 3357 3327 3423 τῆς
3361 3359 3585 3430 πρώτης
3614 3357 3836 3429 χάριτος

2256 3450 2289 3519 ἠ
2323 3447 2552 3519 δευτέρα
2571 3448 2665 3511 ;'A
2701 3447 2811 3518 γὰρ
2843 3448 2929 3500 ἐπ’
2950 3447 3181 3510 ἐκείνοις
3202 3446 3504 3517 ἐπράττετο
3534 3447 3833 3520 σαρκικῶς,

2255 3543 2425 3614 ἤγουν
2473 3539 2779 3610 αἰσθητῶς,
2842 3538 3019 3593 ταῦτα
3080 3539 3431 3593 τετελείωκεν
3484 3542 3567 3609 ἐφ’
3622 3542 3755 3610 ἡμῖν
3807 3543 3837 3595 6

2255 3634 2489 3704 Χριστὸς
2527 3631 2915 3702 πνευματικῶς
2942 3648 3002 3684 τε
3033 3632 3129 3685 καὶ
3152 3632 3377 3702 νοητῶς.
3428 3632 3693 3697 Ἐξείλετο
3717 3633 3840 3686 δου-

2255 3724 2405 3785 λείας
2437 3721 2774 3791 διαὸολικῆς,
2808 3723 2882 3785 ὡς
2910 3723 2974 3774 ἐκ
3007 3721 3180 3791 πηλοῦ
3232 3723 3326 3775 καὶ
3367 3721 3665 3787 πλινθείας.
3708 3723 3840 3777 ’Λπ-

2255 3814 2454 3886 ήλλαξε
2504 3811 2612 3865 τῶν
2660 3812 2719 3864 ἐν
2770 3812 2960 3882 κόσμῳ
3010 3811 3198 3864 παθῶν
3268 3812 3511 3866 καὶτῶν
3553 3813 3838 3885 σαρκικῶν

2254 3905 2631 3976 ἁκαθαρσιῶν.
2653 3903 2973 3958 Διεόίδασεν
3003 3903 3080 3968 ῶς
3106 3904 3195 3957 διὰ
3228 3903 3504 3976 θαλάσσης
3523 3922 3539 3938 ο
3565 3906 3843 3978 παρεδρά-

2258 4014 2431 4069 μομεν
2468 3995 2579 4068 γὰρ
2603 3996 2693 4050 τὸν
2727 3994 2972 4050 κλύδωνα
2998 3988 3121 4049 τοῦ’
3142 3997 3410 4069 παρόντος
3440 3996 3578 4067 βίου,
3611 3999 3704 4051 καὶ
3736 3999 3839 4069 τῆς

2254 4095 2312 4146 ἐν
2358 4090 2507 4161 αὐτῷ
2538 4090 2817 4161 φροντίδος
2860 4090 2921 4143 τὸ
2965 4091 3181 4162 πικρόν.
3223 4090 3530 4162 Ἐφάγομεν
3573 4091 3738 4163 ἄρτον
3776 4093 3838 4159 ἐξ

2251 4180 2485 4251 οὐρανοῦ
2512 4179 2798 4250 (μυστικὸς
2823 4181 2851 4231 6
2882 4179 3085 4246 λόγος),
3117 4180 3432 4251 διεὸιὸάσθη
3442 4198 3541 4250 μεν
3569 4181 3659 4234 τὸν
3701 4180 3837 4252 Ἰορ-

2254 4272 2442 4340 δάνην,
2487 4270 2790 4341 περιτομὴν
2833 4271 3150 4341 ἐσχήκαμεν
3179 4271 3277 4343 τὴν
3314 4273 3372 4327 ἐν
3399 4274 3698 4344 πνεύματι,
3742 4290 3839 4326 κε-

2257 4361 2751 4431 κληρονομήκαμεν
2793 4358 2891 4430 τὴν
2934 4360 3047 4413 ἄνω
3075 4360 3252 4424 πόλιν,
3296 4362 3393 4433 τὴν
3421 4362 3638 4433 ἀληθῶς
3676 4364 3841 4431 ἁγίαν

570 4440 753 4507 mites,
791 4441 1047 4508 quoniam
1077 4444 1176 4513 ipsi
1209 4446 1561 4513 possidebunt
1617 4456 1818 4501 terram
1848 4450 1914 4503 ".
1953 4470 1972 4501 ι
2014 4450 2150 4507 Puto

2256 4454 2383 4521 γῆν,
2430 4445 2497 4519 ἧς
2530 4450 2627 4502 καὶ
2670 4449 2832 4512 αὐτὸς
2874 4452 2902 4503 ό
2954 4451 3188 4522 Χριστὸς
3230 4450 3579 4525 διεμέμνητο,
3624 4452 3835 4522 λέγων’

568 4540 747 4586 autem
772 4547 870 4602 ego
897 4536 1358 4604 sapientissimum
1385 4553 1599 4609 quoque
1634 4541 2022 4611 evangelistam
2056 4543 2150 4598 Jo-

569 4636 764 4676 annem
800 4624 899 4679 hoc
942 4625 1116 4694 ipsunt
1185 4629 1497 4693 signiﬁcare
1541 4631 1695 4695 velle,
1748 4647 1869 4686 cum
1906 4635 2035 4687 dicit
2086 4638 2152 4692 de

568 4715 822 4771 Christo:
859 4718 962 4773 «De
984 4719 1323 4789 plenitudine
1349 4722 1468 4791 ejus
1485 4738 1585 4777 nos
1608 4738 1799 4778 omnes
1817 4727 2146 4797 accepimus,

567 4814 624 4858 et
656 4809 884 4875 gratiam
916 4823 1015 4878 pro
1044 4810 1239 4879 gratia.
1272 4810 1408 4876 Quia
1441 4812 1527 4866 lex
1558 4828 1653 4882 per
1682 4813 1864 4869 Mosen
1894 4817 2015 4870 data
2046 4829 2155 4883 est,

568 4898 741 4967 gratia
774 4908 829 4953 et
853 4900 1057 4953 veritas
1087 4916 1181 4969 per
1208 4899 1394 4955 Jesum
1426 4902 1702 4957 Christum
1739 4904 1879 4960 facta
1915 4916 1999 4963 est
2023 4909 2092 4964 ⁸⁸.
2129 4928 2148 4964 ι

568 4986 814 5042 Minister
867 4990 1010 5044 enim
1067 4998 1122 5043 et
1209 4993 1477 5048 mediator
1551 4995 1752 5051 veteris

570 5081 661 5135 tia:
740 5082 917 5137 Moses
972 5083 1120 5148 fuit;
1167 5087 1422 5141 secunda:
1518 5097 1701 5141 autem

565 5182 706 5237 stus,
744 5188 867 5243 qua:
912 5173 1322 5230 similitudinem
1374 5178 1572 5248 prioris
1630 5179 1772 5235 illius
1796 5181 1977 5237 habet.
2024 5184 2155 5254 Typi

565 5265 712 5318 enim
740 5265 960 5334 quidam
991 5274 1150 5319 erant
1208 5268 1274 5321 ad
1337 5271 1656 5337 veritatem,
1721 5275 1837 5328 sive
1907 5277 2156 5333 veritatis

565 5357 733 5410 deous
767 5358 1152 5426 parturientes,
1189 5369 1341 5416 tanto
1369 5363 1615 5420 melioris
1646 5375 1700 5419 et
1727 5367 2152 5433 excellentioris,

563 5459 772 5517 quanto
819 5463 938 5518 qua:
1002 5452 1255 5509 sensibus
1306 5470 1369 5509 ea
1440 5470 1562 5525 qua:
1616 5459 1730 5512 sola
1797 5458 2152 5528 intelligentia

634 5647 681 5679 "’
710 5645 1122 5725 J2an._:_rtv,10.
1199 5654 1245 5686 ’⁸
1274 5654 1405 5711 Dan.
1441 5671 1502 5720 Ii,
1535 5657 1626 5711 54.
1705 5657 1749 5690 ”
1782 5657 1960 5725 Philip

1838 4996 1979 5052 illius
2034 5015 2160 5069 gra-

1787 5090 1972 5159 gratia‘
2001 5093 2162 5148 l2hri~

1966 5673 2017 5727 p.
2048 5675 2110 5725 ll,
2150 5659 2237 5721 l0,
2278 5658 2361 5714 li.
2440 5660 2484 5692 ³ο
2519 5661 2715 5727 Ephes.
2772 5677 2828 5727 ll,
2871 5662 2961 5717 20.

2264 4556 2281 4588 ι
2306 4531 2583 4607 Μακάριοι
2618 4538 2666 4590 οἱ
2697 4540 2912 4607 πραεῖς,
2948 4539 3032 4592 ὅτι
3057 4539 3212 4592 αὐτοὶ
3241 4541 3709 4614 κληρονομήσουσι
3736 4543 3841 4615 τὴν

2258 4628 2384 4697 γῆν.
2426 4648 2444 4679 ι
2480 4624 2649 4698 Οἶμαι
2679 4629 2736 4681 δὲ
2765 4630 2940 4698 ἔγωγε
2971 4631 3177 4685 καὶτὸν
3215 4632 3526 4701 σοφώτατον
3548 4635 3840 4703 εὐαγγελι-

2258 4721 2391 4789 στὴν
2430 4720 2704 4790 Ἰωάννην,
2740 4722 2873 4774 αὐτὸ
2908 4722 2971 4805 δίη
3010 4721 3168 4776 τοῦτο
3208 4723 3493 4793 βούλεσθαι
3532 4726 3746 4796 δηλοῦν,
3788 4728 3846 4782 εί

2256 4811 2403 4879 λέγοι
2435 4814 2563 4883 περὶ
2584 4813 2845 4884 Χριστοῦ,
2867 4815 2948 4867 ὅτι
2982 4835 2998 4866 ι
3023 4816 3118 4869 Ἐκ
3150 4816 3245 4869 τοῦ
3275 4817 3641 4890 πληρώματος
3668 4820 3840 4874 αὑτοῦ

2255 4904 2417 4975 ἡμεῖς
2445 4905 2645 4968 πάντες
2681 4905 2969 4976 ἐλάϐομεν,
2999 4907 3095 4961 καὶ
3124 4909 3281 4980 χάριν
3310 4911 3431 4964 ἀντὶ
3464 4912 3839 4983 χάριτος.Ὅτι

2253 4997 2283 5050 ό
2314 4998 2476 5068 νόμος
2510 4996 2600 5048 διὰ
2631 4998 2874 5062 Μωσέως
2911 4999 3065 5069 ἐδόθη
3089 5040 3104 5062 ,
3134 5003 3167 5072 ἡ
3214 5002 3372 5074 χάρις
3412 5004 3507 5057 καὶ
3548 5005 3580 5074 ή
3611 5003 3840 5075 ἀλήθεια

2256 5090 2345 5143 διὰ
2385 5090 2560 5159 Ἰησοῦ
2590 5089 2826 5160 Χριστοῦ
2854 5091 3090 5160 ἐγένετο.
3119 5112 3137 5144 ι
3163 5095 3421 5158 Διάκονος
3451 5096 3553 5164 μὲν
3583 5096 3690 5165 γὰρ
3741 5098 3840 5151 καὶ

2261 5182 2491 5253 μεσίτης
2518 5182 2616 5250 τῆς
2642 5181 2876 5251 ἀρχαίας
2903 5183 3116 5252 ἐκείνης
3144 5185 3365 5255 χάριτος
3394 5185 3620 5254 γέγονεν
3647 5188 3675 5238 ό
3707 5186 3841 5239 Μω-

2258 5272 2493 5343 σῆς·τῆς
2524 5289 2587 5341 γε
2619 5274 2725 5346 μὴν
2743 5275 3003 5346 δευτέρας
3035 5277 3256 5347 χάριτος
3279 5279 3308 5330 6
3330 5278 3585 5348 Χριστὸς,
3605 5277 3838 5350 ἐχούσης

2258 5366 2358 5435 μὲν
2404 5367 2702 5437 ὁμοιότητα
2754 5369 2891 5438 πρὸς
2938 5369 3156 5440 ἐκείνην
3203 5370 3387 5435 (τύποι
3429 5369 3539 5441 γὰρ
3583 5366 3724 5442 ἦσαν
3759 5371 3835 5436 ὡς

2253 5459 2392 5529 πρὸς
2439 5459 2733 5530 ἀλήθειαν,
2782 5461 2950 5532 ἧγουν
2995 5462 3057 5515 τὸ
3106 5463 3206 5534 τῆς
3251 5462 3511 5535 ἀληθείας
3556 5463 3835 5525 ὼδίνοντες

3062 5664 3104 5697 ³⁸
3140 5664 3335 5735 Epltes.
3364 5679 3402 5725 ι.
3441 5665 3473 5718 5
3580 5664 3624 5698 “
3667 5662 3827 5720 Rom.

564 5729 686 5782 vni,
717 5718 798 5774 l7.
878 5723 921 5754 ³³
953 5724 1122 5779 Exod.
1165 5742 1202 5791 ι,
1234 5727 1320 5780 14.
1400 5728 1444 5759 ⁸⁵
1479 5718 1649 5782 Exod.
1678 5742 1787 5796 va,
1824 5729 1841 5781 l
1874 5745 1887 5793 ;
1921 5718 2074 5782 θύου.
2097 5718 2151 5781 ’γι

2256 5742 2297 5785 t.
2377 5728 2420 5761 ⁸⁸
2444 5718 2633 5788 Matth.
2664 5749 2712 5797 v,
2742 5718 2827 5785 4.,
2874 5735 2918 5765 “
2949 5732 3110 5793 Joan.
3143 5718 3436 5804 11ζ¹6,1;1.
