4130 6496
323 322 398 379 es
1182 311 1740 372 conusxnnws
1775 309 1842 365 IN
1883 309 2283 368 zacuanuu
2313 286 2772 369 mort-tersit.
3549 314 3621 370 το

324 438 576 508 κάλλος),
601 435 890 507 ἀμείνονος
919 433 976 488 δὲ
997 433 1093 486 καὶ
1111 431 1546 504 ὑπερκειμένης,
1561 430 1672 500 ὅσῳ
1697 429 1793 482 καὶ
1820 427 1929 482 τῶν

2037 429 2567 500 comprehenduntur
2622 428 2973 486 antecellunt.
3005 429 3231 484 Accedit
3271 430 3427 486 testis
3476 430 3621 488 Pan-

321 528 606 602 αἰσθητῶν
637 528 944 600 ὑπερφέρω
977 525 1043 580 ἂν
1067 526 1298 589 εἰκότως
1326 524 1397 578 τὰ
1421 522 1610 595 νοητά.
1647 523 1757 576 Καὶ
1784 538 1926 594 μαρ-

320 625 571 695 τυρήσας
601 626 806 692 γράφει
848 622 877 674 ό
909 618 1141 684 Παῦλος,
1189 617 1272 672 ὃτι
1317 615 1629 689 κρείττονος
1656 613 1924 685 διαθήκης

321 717 550 788 γέγονεν
582 713 781 783 ἔγγυος
817 708 1049 783 Ἰησοῦς.

399 845 512 904 Καὶ
535 845 775 915 ἐγένετο
812 844 998 914 λόγος
1029 841 1254 910 Κυρίου
1285 842 1434 910 πρός
1471 857 1569 911 με,
1593 837 1817 909 λέγων·
1857 837 1925 890 Al

322 941 526 1014 χεῖρες
549 936 888 1008 Ζοροϐάϐελ
909 935 1320 1004 ἐθεμελίωσαν
1349 935 1458 988 τὸν
1494 930 1664 986 οἷκον
1685 929 1923 994 τοῦτον,

323 1033 428 1086 καί
475 1033 536 1085 αἱ
581 1028 782 1098 χεῖρες
836 1027 1026 1082 αὐτοῦ
1065 1025 1534 1080 ἐπιτελέσουσιν
1568 1021 1787 1084 αὑτὸν,
1826 1021 1926 1075 καὶ

321 1122 637 1194 exuri-(itan
657 1120 811 1175 διότι
828 1121 1046 1189 Κύριος
1063 1116 1487 1187 παντοκράτωρ
1504 1111 1925 1181 ἐξαπέσταλκέ

315 1232 398 1287 με
431 1213 585 1282 πρὸς
615 1211 711 1266 σέ.

396 1331 549 1396 KG’.
595 1325 727 1380 Ἰδοὺ
788 1322 854 1394 δὴ
887 1320 1050 1377 πάλιν
1079 1323 1210 1392 ἡμῖν
1237 1321 1295 1374 ὲν
1325 1318 1606 1384 αἰσθητοῖς
1634 1317 1923 1388 πράγμασι

323 1419 679 1491 καταγράφει
717 1417 787 1469 τὰ
815 1413 1018 1484 νοητὰ,
1050 1413 1148 1466 καὶ
1186 1411 1295 1464 τῶν
1330 1410 1420 1464 διὰ
1462 1409 1699 1483 Χριστοῦ
1742 1425 1922 1479 παραυ

321 1512 494 1576 δόξως
525 1507 935 1577 τετελεσμένων
979 1504 1348 1576 παρατίθησιν
1397 1504 1477 1567 είς
1518 1502 1689 1555 τύπον
1731 1500 1792 1554 τὸ
1835 1497 1925 1553 διὰ

320 1603 514 1676 χειρὸς
567 1599 878 1673 Ζοροὸάδελ
924 1597 1070 1652 κατὰ
1120 1598 1350 1667 καιροὺς
1405 1593 1918 1666 ἐκπεπερασμὲνον.

336 1695 566 1768 Ἐπειδὴ
599 1697 734 1767 γὰρ,
769 1693 1008 1765 ἁλούσης
1040 1694 1139 1763 τῆς
1175 1691 1530 1746 Βαϐυλωνίων
1566 1692 1670 1744 ὑπὸ
1699 1689 1924 1760 Περσῶν

325 1790 424 1844 καὶ
470 1787 659 1860 Κύρου
680 1826 696 1850 ,
725 1785 837 1840 τῶν
869 1786 967 1856 τῆς
995 1784 1241 1848 δουλείας
1282 1784 1494 1838 ἀνεῖντο
1531 1781 1747 1854 δεσμῶν
1779 1782 1826 1834 oi
1863 1779 1925 1844 ὲξ

2031 521 2116 577 lus
2153 535 2278 576 cum
2309 521 2503 577 scribit
2536 521 2604 579 ".
2629 521 2872 577 melioris
2918 523 3233 577 testamenti
3266 523 3620 580 mediatorem

2031 625 2150 668 esse
2179 608 2392 667 Jesum.

2107 827 2269 882 Vens.
2295 824 2351 891 8,
2381 824 2434 881 9.
2466 823 2531 879 Et
2570 825 2744 896 factus
2774 836 2851 882 est
2886 844 3057 882 sermo
3118 828 3331 883 Domini
3386 831 3458 885 ad
3517 848 3621 899 mc,

2031 922 2208 974 dicens
2261 935 2280 974 :
2354 918 2549 972 Manus
2629 916 2922 973 Zorobnbel
2989 921 3344 988 fundaverant
3408 923 3622 976 domum

2030 1013 2210 1075 istam,
2250 1021 2298 1064 et
2347 1025 2537 1063 manus
2606 1010 2720 1078 ejus
2769 1010 3099 1080 comphbunt
3170 1028 3306 1078 eam,
3367 1022 3419 1069 et
3491 1017 3622 1069 scies

2031 1106 2154 1174 quia
2222 1101 2479 1157 Dominus
2521 1102 2848 1172 omnipotens
2875 1103 3017 1157 misit
3048 1121 3128 1157 me
3148 1105 3218 1157 ad
3247 1113 3315 1159 te.

2103 1320 2294 1377 XXVI.
2321 1321 2422 1389 En,
2448 1338 2662 1378 rursum
2701 1323 2752 1377 in
2783 1323 2946 1379 rebus
2992 1339 3130 1394 quas
3183 1342 3342 1382 sensu
3406 1330 3623 1400 attingi-

2033 1430 2170 1476 mus,
2203 1429 2298 1470 eas
2345 1429 2465 1484 qua:
2528 1415 2704 1469 solum
2746 1416 3454 1486 intelliguntur:dcscribit,
3497 1432 3551 1475 et
3591 1438 3622 1474 a

2031 1506 2251 1562 Christo
2315 1507 2714 1562 admirabiliter
2775 1517 3210 1579 perpetratorum
3249 1521 3431 1581 typum
3501 1529 3621 1583 pro-

2032 1600 2186 1668 ponit
2244 1599 2296 1653 id
2359 1601 2504 1670 quod
2565 1616 2662 1670 per
2712 1616 2930 1654 manum
2996 1601 3296 1658 Zorohabcl
3324 1606 3624 1676 aliquando

2031 1692 2338 1746 coniectum
2369 1692 2486 1746 fuit.
2519 1691 2808 1761 Postquam
2839 1693 2982 1746 enim
3015 1693 3328 1765 Babyloniis
3379 1712 3409 1750 a
3479 1697 3626 1768 Cyro

2033 1782 2322 1838 PerSarum
2342 1799 2469 1854 rege
2490 1785 2730 1840 subactis
2756 1785 3019 1840 servitute
3041 1787 3271 1841 exsoluti
3303 1801 3428 1843 sunt
3451 1789 3627 1845 Israe-

339 1846 584 1953 Ἰσραὴλέ
737 1879 804 1950 δὴ
833 1846 1161 1950 καινάνῆκον
1193 1846 1274 1940 είς
1295 1846 1669 1948 Ἰεροσόλυμα,
1696 1873 1926 1944 Δαρείου

2037 1875 2159 1940 litae,
2191 1884 2247 1930 et
2314 1876 2538 1946 insuper
2613 1875 3052 1949 Hierosolymam
3111 1881 3406 1945 redierunt,
3457 1882 3628 1954 689

323 1973 518 2028 λοιπὸν
564 1972 664 2044 τὴν
710 1970 997 2024 Χαλδαίων
1041 1970 1317 2033 διέποντος
1363 1968 1563 2038 ἀρχὴν,
1615 1965 1927 2039 προῦτρεπε

324 2064 466 2128 Θεὸς
493 2063 625 2126 τοὺς
648 2063 1128 2133 ύπονοστήσαντας
1161 2060 1249 2113 τὸν
1279 2059 1422 2113 θεῖον
1443 2058 1605 2121 εὐθὺς
1638 2058 1931 2129 ἀναδείμα-

325 2156 458 2211 σθαι
489 2157 637 2222 ναὺν,
661 2154 1044 2226 βασιλεύοντος
1077 2153 1177 2224 μὲν
1210 2152 1538 2224 Ζοροϐάϐελ,
1557 2150 1930 2224 ίερατεύοντός

322 2264 391 2318 γε
431 2246 545 2319 μὴν
583 2244 758 2318 Ἰησοῦ
806 2245 900 2298 τοῦ
948 2243 1216 2298 Ἰωσεδέκ.
1254 2244 1366 2298 Καὶ
1411 2243 1646 2314 ἥπτοντο
1693 2241 1793 2314 μὲν
1830 2240 1927 2296 τοῦ

323 2340 519 2411 ἔργου,
555 2339 653 2392 καὶ
691 2337 756 2410 δὴ
787 2339 885 2392 καὶ
920 2337 980 2390 ὲν
1014 2336 1261 2408 πρώταις
1287 2336 1570 2408 κρηπίδων
1600 2335 1930 2398 καταδολαῖς

321 2432 390 2486 τὸ
423 2433 592 2503 ἔργον
617 2427 708 2501 ἦν,
736 2427 876 2502 ἦρτο
901 2430 958 2484 δὲ
985 2432 1079 2484 καὶ
1113 2430 1251 2501 ὑψοῦ
1283 2432 1352 2485 τὰ
1382 2431 1534 2502 τείχη
1565 2430 1776 2493 λοιπὸν,
1813 2425 1930 2484 εἶτα

326 2525 540 2597 μεταξὺ
587 2524 910 2579 κωλυόντων
958 2522 1148 2588 τινῶν,
1200 2525 1295 2579 καὶ
1340 2523 1596 2594 ἐμποδὼν
1641 2523 1930 2592 γεγονότος

322 2619 424 2672 τοῦ
474 2618 675 2688 φθόνου
714 2615 826 2671 τῶν
871 2616 1170 2688 περιοίκων
1210 2615 1415 2680 ἐθνῶν,
1453 2615 1644 2685 γέγονέ
1680 2633 1763 2679 τις
1801 2615 1930 2667 ἀνα-

323 2711 513 2781 κωχὴ,
545 2711 641 2763 καὶ
673 2707 1111 2778 σπουδασμάτων
1141 2707 1250 2761 τῶν
1299 2709 1393 2762 ἐπὶ
1435 2711 1549 2772 τοίς
1578 2708 1760 2779 ἔργοις
1796 2706 1930 2761 ἀνά-

325 2803 550 2876 ϐλησις.
594 2800 846 2865 Ἀνέντος
875 2801 930 2855 δὲ
967 2800 1129 2854 πάλιν
1175 2799 1362 2864 αὐτοῖς
1391 2799 1486 2854 τοῦ
1513 2799 1650 2854 Θεοῦ
1690 2800 1752 2853 τὸ
1779 2799 1932 2852 δύνα-

325 2897 461 2952 σθαι
509 2892 817 2965 κατορθοῦν
839 2932 853 2958 ,
905 2892 1252 2945 τετελείωται
1286 2893 1441 2963 μόλις
1474 2894 1502 2946 ό
1528 2891 1697 2956 νεὼς,
1753 2891 1928 2963 Ἰησοῦ

325 2989 434 3063 μὲν
491 2985 891 3060 ίερατεύοντος,
939 2984 1250 3055 Ζοροόάὸελ
1276 3000 1340 3054 γε
1392 2984 1502 3056 μὴν
1555 2985 1922 3055 ἐφεστηκότος

322 3081 428 3136 καὶ
476 3076 880 3150 βασιλεύοντος.
926 3077 1066 3130 Ἀλλ’
1097 3077 1156 3130 ὲν
1186 3075 1400 3140 τούτοις
1447 3075 1549 3146 μὲν
1583 3077 1610 3129 ὁ
1641 3076 1742 3146 τῆς
1791 3077 1934 3129 ἱστοο

325 3174 457 3246 ρὶας
509 3169 974 3242 συμπεπέρασται
1024 3167 1204 3236 λόγος.
1260 3166 1483 3238 Ἐπειδὴ
1529 3166 1587 3219 δὲ
1635 3168 1715 3231 είς
1760 3155 1930 3220 τύπον

329 3261 577 3337 Χριστοῦ
628 3260 1004 3332 παρείληπται
1060 3258 1189 3329 παρ’
1233 3257 1393 3328 ήμῶν
1439 3259 1468 3310 ὁ
1509 3259 1574 3310 ὲκ
1625 3257 1722 3327 τῆς
1763 3256 1932 3311 Ἰούδα

323 3356 513 3427 φυλῆς
538 3352 869 3425 Ζοροϐάϐελ,
893 3353 1027 3421 φέρε
1055 3350 1119 3422 δὴ
1147 3349 1397 3420 λέγωμεν
1424 3349 1572 3408 ὅπως
1602 3365 1662 3401 τε
1690 3347 1784 3401 καὶ
1810 3347 1935 3403 τίνα

321 3449 538 3520 τρόπον
568 3447 774 3518 ήρξατο
819 3444 918 3516 μὲν
952 3443 1113 3507 αὐτὸς
1145 3443 1452 3514 οἰκοδομεῖν
1497 3441 1588 3495 τὸν
1630 3438 1778 3496 οἷκον
1816 3444 1934 3496 Κυ-

327 3543 456 3615 ρίου
481 3582 498 3607 ,
535 3540 864 3594 τετελείωκε
897 3538 942 3591 δ’
974 3531 1041 3592 αὖ
1093 3538 1122 3590 ὁ
1155 3536 1348 3607 νοητὸς
1395 3536 1490 3590 καὶ
1538 3535 1932 3607 πνευματικός.

325 3619 733 3705 Κατεστήσατο
787 3632 886 3702 μὲν
937 3629 1045 3702 γὰρ
1081 3631 1136 3683 εν
1184 3629 1381 3698 ἀρχαῖς
1432 3623 1582 3682 οἶκόν
1625 3646 1748 3682 τινα
1839 3629 1936 3684 καὶ

325 3725 648 3795 ὲναύλισμα
699 3722 1008 3794 θεοπρεπὲς
1056 3719 1209 3790 αύτῷ
1251 3737 1312 3773 τε
1357 3721 1451 3774 καὶ
1489 3720 1568 3792 τῷ
1599 3721 1795 3792 Πατρὶ,
1836 3720 1936 3793 τὴν

341 3817 627 3872 Ἰουδαίων
674 3815 1032 3886 Συναγωγήν.
1077 3813 1236 3868 Οὕτω
1279 3813 1388 3884 γὰρ
1433 3813 1608 3885 αύτὴν
1660 3812 1934 3884 ὠνόμαζε,

328 3908 471 3978 περὶ
503 3905 598 3959 τοῦ
638 3905 923 3974 πανσόφου
975 3903 1221 3967 Μωσέως
1254 3902 1424 3956 εἰπών
1445 3920 1458 3934 ·
1496 3923 1514 3956 ι
1552 3905 1678 3958 Ἐὰν
1708 3904 1936 3974 γένηται

331 4000 631 4072 προφήτης
661 3997 722 4063 ἐξ
747 3997 905 4069 ὑμῶν
929 3997 1216 4069 Κυρίῳ,ὶν
1245 3996 1487 4068 ὁράματι
1514 3996 1665 4066 αύτῷ
1686 3997 1939 4070 γνωσθή-

330 4109 545 4163 σομαι,
579 4093 670 4146 καὶ
699 4094 758 4147 ὲν
798 4090 953 4162 ὕπνῳ
983 4089 1205 4161 λαλήσω
1241 4087 1412 4160 αύτῷ.
1441 4087 1557 4160 Ούχ
1593 4086 1768 4152 οὓτως
1803 4090 1881 4153 ὡς
1906 4091 1936 4143 ὁ

334 4184 603 4256 θεράπων
651 4199 752 4254 μου
793 4181 1024 4252 Μωσῆς,
1070 4183 1129 4234 ὲν
1172 4181 1279 4251 ὅλῳ
1310 4180 1390 4251 τῷ
1430 4180 1566 4252 οἴκῳ
1609 4196 1712 4251 μου
1747 4181 1938 4244 πιστός

333 4277 512 4329 ἐστιν.
552 4293 569 4326 ι
608 4274 824 4329 Οὐκοῦν
865 4273 1260 4344 τεθεμελίωται
1293 4273 1391 4343 μὲν
1427 4271 1617 4344 ὥσπερ
1659 4267 1807 4336 οἶκος
1851 4271 1940 4327 διὰ

334 4363 608 4436 Χριστοῦ·
627 4363 941 4437 καθῄρηται
963 4363 1021 4418 δὲ
1052 4362 1279 4435 μεταξύ.
1304 4364 1413 4417 Καὶ
1442 4362 1572 4432 γοῦν
1595 4363 1622 4416 ὸ
1651 4365 1940 4436 προφήτης

346 4454 632 4526 Ἱερεμίας
662 4455 738 4520 ὡς
770 4454 1102 4509 πεπτωκότα
1145 4472 1205 4508 τε
1256 4455 1352 4508 καὶ
1410 4455 1760 4526 σεσεισμένον
1802 4473 1936 4510 κατ-

2031 1966 2194 2024 Dario
2233 1980 2418 2038 postea
2443 1968 2816 2025 Chaldaeorum
2843 1985 3064 2041 regnum
3099 1985 3452 2042 procttrante,
3490 1977 3618 2030 hor-

2035 2072 2180 2122 tatus
2215 2071 2299 2118 est
2360 2063 2505 2117 Deus
2559 2065 2785 2118 reduces
2846 2073 2902 2117 ut
2946 2077 3073 2120 ante
3143 2068 3322 2121 omnia
3384 2069 3626 2124 divinum

2036 2154 2295 2223 templum
2352 2151 2768 2216 rezedilicarent,
2824 2169 2952 2224 rege
3009 2155 3227 2223 quidem
3267 2154 3624 2222 Zorobabele,

2030 2243 2279 2314 principe
2299 2253 2478 2299 autem
2503 2245 2843 2298 sacerdomm
2861 2243 2986 2298 .lesu
3013 2245 3121 2299 lilio
3141 2243 3369 2302 .losedee
3389 2248 3454 2301 ³⁸.
3476 2245 3630 2304 Jam-

2031 2351 2137 2406 que
2166 2336 2231 2391 ad
2273 2351 2409 2406 opus
2443 2335 2912 2406 aggrediebantur,
2941 2349 2994 2391 et
3026 2337 3197 2408 prima
3265 2338 3626 2397 fundamenta

2023 2427 2171 2498 jacta
2198 2437 2378 2490 erant.
2399 2437 2453 2482 et
2483 2431 2622 2483 muri
2645 2429 2695 2482 in
2727 2427 2892 2505 altum
2921 2429 3124 2495 educti,
3155 2445 3299 2496 cum,
3327 2433 3628 2501 prohiben—

2036 2523 2177 2576 tibus
2227 2521 2550 2591 quibnsdam
2596 2529 2652 2576 et
2707 2521 2910 2598 invidia
2975 2521 3330 2578 ﬁnitimarum
3387 2525 3628 2594 gentium

2033 2613 2384 2683 impediente,
2415 2628 2446 2666 a
2477 2612 2662 2668 labore
2698 2622 2970 2668 cessatum
2998 2623 3081 2669 est
3119 2624 3173 2668 et
3201 2628 3425 2684 Operam
3449 2616 3627 2672 studia

2032 2707 2262 2776 prolata.
2331 2703 2438 2758 Deo
2511 2714 2689 2759 autem
2743 2705 2809 2759 ad
2877 2719 3014 2774 opus
3075 2707 3179 2760 rite
3233 2706 3627 2762 conﬁciendum

2035 2796 2548 2852 rursusi'aCultntem
2574 2797 3074 2866 suppeditattteﬁix
3095 2797 3306 2852 tandem
3323 2798 3628 2852 absolutum

2033 2896 2135 2952 est,
2169 2886 2300 2942 Jesu
2329 2903 2599 2942 summum
2634 2897 2857 2958 gerente
2883 2889 3270 2951 sacerdotium.
3296 2888 3630 2946 Zorobabclo

2033 2991 2216 3036 autem
2253 2997 2432 3035 rermn
2481 2982 2738 3050 potiente.
2779 2981 2845 3035 Et
2869 2981 2953 3036 his
2991 2982 3207 3051 quidem
3239 2981 3461 3038 historia
3494 2998 3629 3038 con-

2035 3073 2238 3128 tinetur
2277 3073 2346 3128 ³³.
2387 3073 2522 3141 Quia
2560 3088 2690 3131 vero
2716 3090 2813 3146 pro
2848 3085 2975 3148 typo
3003 3075 3204 3131 Christi
3235 3073 3628 3132 Zorohabelem

2038 3165 2104 3220 de
2141 3166 2282 3220 tribu
2321 3163 2459 3220 Iuda
2512 3177 2692 3220 ortum
2744 3156 3164 3239 assumpsimds,
3198 3182 3320 3238 age,
3384 3168 3630 3224 dicamus

2039 3255 2316 3326 quomodo
2367 3265 2423 3310 et
2457 3271 2561 3326 qua
2599 3260 2810 3312 ratione
2839 3260 3071 3330 cmperit
3099 3259 3213 3331 ipso
3247 3259 3466 3330 quidem
3495 3261 3631 3315 :cdi-

2037 3347 2203 3400 licare
2232 3347 2449 3402 domum
2486 3348 2731 3403 Domini:
2757 3350 2852 3405 sed
2886 3362 3068 3405 mente
3093 3363 3407 3422 conceptus,
3437 3363 3492 3406 et
3519 3352 3633 3422 spi—

2040 3440 2259 3496 ritualis
2297 3440 2608 3498 Zorohabel
2665 3457 2784 3498 eam
2849 3454 3037 3513 postea
3077 3442 3370 3512 perfecerit
3402 3453 3458 3498 et
3499 3459 3633 3500 con-

2039 3535 2419 3588 summaverit.
2470 3533 2767 3590 Constituit
2852 3537 2999 3592 enim
3085 3537 3352 3606 principio
3415 3538 3631 3592 domum

2039 3626 2329 3693 quamdam
2349 3635 2401 3678 et
2437 3627 2772 3681 mansionem
2794 3627 3032 3682 divinam
3059 3627 3162 3682 sibi
3183 3637 3237 3682 et
3259 3625 3635 3684 PatriJudaeo-

2041 3732 2159 3771 rum
2203 3719 2567 3789 Synagogam.
2603 3718 2693 3774 Sic
2721 3735 2956 3789 namque
3012 3719 3165 3775 illam
3220 3720 3532 3790 appellavit,
3565 3719 3634 3776 de

2040 3809 2440 3879 sapientissimo
2477 3812 2717 3866 omnium
2745 3811 2891 3868 Mose
2924 3814 2994 3868 ita
3025 3813 3288 3884 loquens:
3324 3833 3342 3867 t
3377 3813 3434 3870 Si
3469 3818 3634 3872 fuerit

2041 3904 2306 3972 propheta
2344 3919 2409 3958 ex
2447 3904 2601 3958 vobis
2635 3903 2886 3968 Domino,
2919 3905 2974 3959 in
2998 3905 3204 3961 visione
3225 3905 3303 3961 illi
3334 3923 3636 3979 cognoscar

2039 4000 2095 4046 et
2137 3994 2188 4047 in
2227 4009 2421 4050 somno
2451 3995 2641 4065 loquar
2672 3996 2745 4050 ei.
2827 3995 2944 4050 Non
2990 3997 3070 4053 sic
3124 4007 3182 4051 ut
3225 4013 3415 4053 servus
3480 4016 3637 4055 meus

2041 4082 2238 4148 Moses,
2279 4086 2330 4139 in
2367 4087 2515 4141 omni
2565 4088 2726 4142 domo
2773 4101 2893 4143 mea
2947 4087 3120 4144 ﬁdelis
3158 4100 3238 4144 est
3269 4089 3316 4121 "
3345 4127 3363 4146 .
3401 4109 3420 4144 ι
3489 4091 3637 4161 Ergo

2041 4176 2267 4230 fundata
2313 4186 2396 4232 est
2424 4188 2679 4248 tanquam
2711 4179 2903 4235 domus
2927 4195 3022 4251 per
3050 4181 3327 4236 Chi-istum
3349 4221 3367 4249 ,
3422 4187 3516 4238 sed
3553 4184 3634 4238 in-

2043 4268 2268 4323 tervallo
2296 4269 2709 4337 eversa.Quare
2739 4271 3001 4341 propheta
3052 4269 3321 4330 Jeremias
3377 4285 3438 4331 ut
3499 4292 3636 4331 con-

2039 4376 2258 4418 cussam
2313 4374 2366 4417 et
2393 4363 2690 4435 collapsam
2725 4365 2972 4436 deplorat
2993 4365 3048 4421 iu
3081 4367 3194 4422 haec
3224 4369 3428 4425 verha:
3466 4389 3486 4423 ι
3526 4371 3634 4427 Do-

2043 4470 2163 4510 mus
2192 4455 2356 4511 Israel
2384 4456 2606 4522 cecidit,
2660 4467 2717 4514 et
2766 4474 2871 4514 non
2925 4467 3010 4514 est
3051 4460 3143 4529 qui
3200 4460 3380 4516 denuo
3431 4464 3636 4519 excitet

333 4545 680 4617 ωλοφύρετο,
715 4546 912 4615 λέγων·
941 4565 960 4598 ι
991 4543 1154 4610 Οἶκος
1169 4546 1387 4617 Ἰσραὴλ
1417 4546 1632 4611 ἔπεσεν,
1661 4546 1932 4607 οὐκέστιν

2040 4563 2182 4606 eam.
2219 4566 2240 4601 ι
2295 4549 2676 4605 Verumtamen
2731 4565 2828 4622 per
2852 4551 3130 4607 Christum
3161 4554 3422 4620 excitata,
3471 4566 3526 4611 et
3581 4557 3636 4611 in

331 4640 362 4693 ὁ
389 4639 726 4710 ἀναστήσων
778 4637 963 4695 αὐτόν.
996 4657 1014 4690 ι
1059 4638 1206 4709 Πλὴν
1244 4640 1544 4710 ἐγήγερται
1573 4639 1661 4694 διὰ
1693 4640 1932 4712 Χριστοῦ

331 4731 434 4785 καὶ
476 4730 898 4802 μετεσκευάσθη
936 4730 1072 4802 πρὸς
1113 4731 1198 4807 τὸ⁹
1224 4730 1470 4802 ἄμεινον,
1505 4732 1935 4802 είσκεκομισμέ-

333 4842 448 4878 νων
488 4823 642 4894 αύτῷ
681 4823 790 4878 τῶν
825 4823 1021 4887 ἐθνῶν,
1065 4824 1159 4876 καὶ
1191 4823 1600 4896 άναδειχθείσης
1643 4825 1700 4878 ὲν
1747 4825 1939 4895 κόσμῳ

327 4917 439 4987 τῆς
477 4915 846 4988 Ἐκκλησίας,
890 4935 909 4968 ι
941 4916 1067 4986 ἥτις
1109 4916 1256 4969 ἐστὶν
1302 4910 1452 4980 οἷκος
1481 4916 1615 4970 Θεοῦ
1657 4915 1882 4982 ζῶντος,
1913 4935 1933 4968 ι

330 5002 403 5079 ἦς
437 5005 537 5060 τοῦ
569 5006 802 5070 κάλλους
838 5005 1066 5075 γέγονεν
1092 5005 1329 5079 ἐραστὴς
1361 5009 1390 5062 ὁ
1414 5007 1522 5061 τῶν
1561 5007 1699 5062 ὅλων
1733 5008 1940 5080 Κύριος

332 5100 435 5154 καὶ
468 5098 626 5162 θεός.
659 5099 783 5152 Ὀτι
832 5099 942 5169 γὰρ
987 5099 1336 5170 ἀσυγκρίτως
1374 5101 1613 5171 ἀμείνων
1659 5101 1812 5174 παρὰ
1847 5103 1940 5157 τὸν

331 5189 565 5261 πρῶτον
611 5191 757 5244 ό-ὲν
801 5190 1055 5259 ἐσχάτοις
1101 5192 1316 5261 καιροῖς
1367 5191 1738 5263 ἐγηγερμένος
1786 5192 1934 5260 ναὸς,

328 5283 647 5347 τουτέστιν,
675 5284 708 5355 ή
755 5283 1059 5353 Ἐκκλησία
1078 5323 1093 5348 ,
1125 5283 1620 5356 πεπληροφόρηκεν
1652 5285 1823 5340 εἰπὼν
1851 5286 1942 5340 διὰ

333 5379 532 5448 φωνῆς
579 5376 840 5446 Ἀγγαίου
868 5375 965 5430 τοῦ
998 5376 1279 5446 προφήτου
1303 5391 1317 5406 ·
1347 5394 1364 5426 t
1399 5375 1494 5441 Τίς
1518 5379 1667 5431 ἐστιν
1695 5379 1752 5447 ἐξ
1785 5379 1942 5450 ὑμῶν

328 5468 655 5539 ἄνθρωπος,
687 5469 746 5533 ὃς
777 5464 888 5522 εἶδε
918 5467 1009 5522 τὸν
1035 5463 1184 5521 οἷκον
1218 5467 1406 5522 τοῦτον
1438 5469 1497 5522 ὲν
1525 5473 1590 5542 τῇ
1619 5471 1744 5543 δόξῃ
1774 5472 1938 5526 αὑτοῦ

325 5555 405 5635 τῇ
437 5561 790 5634 ἔμπροσθεν;
844 5561 956 5615 Καὶ
1007 5560 1127 5626 πῶς
1175 5561 1334 5633 ὑμεῖς
1380 5561 1606 5632 βλέπετε
1641 5565 1806 5618 αὑτὸν
1847 5566 1943 5620 νῦν

2041 4643 2204 4698 aliam
2263 4641 2654 4712 melioremque
2691 4642 2918 4698 formam
2951 4655 3158 4701 mutata
3187 4655 3290 4713 est,
3310 4647 3637 4704 introductis

2039 4733 2093 4790 in
2124 4735 2296 4805 ipsam
2327 4735 2598 4804 gentibus,
2627 4744 2683 4790 et
2709 4735 2948 4790 exhibita
2996 4737 3048 4792 in
3107 4739 3308 4794 mundo
3363 4737 3636 4806 Ecclesia,

2047 4842 2067 4879 ι
2089 4841 2212 4896 quae
2239 4826 2538 4880 estdomus
2576 4824 2670 4880 Dei
2701 4825 2932 4882 viventis
2994 4826 3065 4894 δ’,
3092 4847 3110 4880 ι
3173 4829 3329 4898 cujus
3394 4831 3636 4899 pulchri-

2042 4919 2287 4974 tudinem
2315 4919 2692 4974 universorum
2722 4916 2982 4976 Dominus
3012 4935 3076 4975 ac
3128 4921 3268 4978 Deus
3336 4922 3635 4981 adamavit.

2042 5008 2260 5066 Etenim
2296 5010 2572 5082 ,templum
2627 5012 2891 5068 extremis
2965 5016 3636 5085 temporibusexcitatum,

2041 5102 2342 5160 Ecclesiam
2369 5103 2596 5170 scilicet,
2640 5103 2868 5160 inﬁnitis
2885 5107 3138 5177 partibus
3163 5109 3340 5179 primo
3375 5122 3638 5180 praestare

2043 5197 2177 5252 satis
2237 5193 2508 5267 superque
2535 5197 2736 5263 docuit,
2786 5212 2882 5268 per
2919 5200 3239 5271 prophetam
3266 5204 3522 5274 Aggaanm
3563 5205 3636 5259 ita

2041 5289 2302 5360 loquens:
2333 5307 2352 5340 ι
2381 5287 2512 5356 Quis
2543 5298 2626 5346 est
2655 5305 2722 5346 ex
2757 5291 2909 5347 vobis
2937 5294 3097 5348 homo
3141 5295 3230 5365 qui
3260 5296 3394 5351 vidit
3415 5298 3638 5352 domum

2043 5380 2184 5436 hanc
2208 5382 2260 5435 in
2287 5381 2455 5447 gloria
2486 5396 2580 5436 sua
2605 5383 2918 5454 priorciEt
2965 5387 3236 5454 quomodo
3281 5401 3378 5441 vos
3439 5387 3642 5443 videtis

2042 5472 2218 5542 ipsam
2263 5487 2407 5528 nunc
2454 5474 2595 5528 sicut
2641 5490 2750 5530 non
2809 5476 3166 5532 exsistentem
3225 5476 3280 5532 in
3340 5490 3640 5534 consncctu

2043 5576 2226 5624 vestro
2258 5567 2302 5599 δ’
2337 5569 2360 5624 i
2396 5587 2416 5622 ›
2457 5567 2523 5624 Ει
2572 5569 2712 5626 infra
2752 5585 2766 5622 :
2803 5590 2820 5624 ι
2870 5570 3006 5640 Quia
3061 5585 3256 5642 magna
3311 5585 3416 5628 erit
3466 5573 3644 5646 gloria

409 5759 459 5794 ³⁷
493 5757 672 5814 Hebr.
712 5772 743 5812 ν
781 5756 827 5791 ⁸⁸
855 5755 874 5811 1
903 5755 1063 5814 Esdr.
1099 5774 1188 5822 tv,
1222 5759 1247 5812 l
1280 5775 1437 5830 seqq.
1513 5761 1649 5833 Agg.
1690 5763 1923 5818 ..ιε-ιι.
2003 5764 2048 5797 ⁸ο
2082 5766 2242 5824 Num.
2273 5784 2368 5835 xit,
2402 5768 2457 5835 6,
2485 5745 2550 5827 '7.
2629 5769 2672 5802 δ’
2704 5771 2720 5825 l
2747 5769 2890 5828 Tim.
2951 5787 3035 5841 ιιι,
3070 5774 3363 5850 1.5“Agg.
3428 5777 3575 5845 ",6.
