4130 6522
542 330 604 385 7i
1525 323 1586 382 8.
1626 320 1901 382 CYBILLI
1941 314 2413 380 ALEXAEDRIM
2454 314 2775 373 ARClliEP.
3729 316 3805 370 7?.

540 445 737 502 domus
766 443 925 501 istius
962 445 1272 502 novissimae
1302 458 1465 514 super
1488 446 1741 517 primam,
1772 443 1906 500 dicit
1935 441 2114 498 Domi-

2224 435 2407 499 καθὼς
2451 436 2550 506 οὐχ
2593 435 2910 506 ὑπάρχοντα
2952 431 3185 486 ἐνώπιον
3233 429 3424 500 ὕμῶνς
3456 448 3474 483 ι
3524 429 3636 485 Καὶ
3687 430 3808 500 μεθ’

541 550 649 591 nus
692 538 1036 606 omnipotens
1066 536 1151 590 ⁵⁸.
1180 554 1201 590 ι
1259 537 1736 594 Verumnitnvero
1794 536 1897 590 ista
1955 534 2126 589 histo-

543 625 659 681 rice
695 626 956 680 duntaxat
999 626 1319 697 intelligere,
1364 626 1496 696 quin
1541 640 1753 695 magna
1800 625 2025 679 insania
2054 624 2128 679 sit

545 715 900 769 dubitandum
934 730 1040 770 non
1081 724 1186 781 est,
1244 715 1290 770 si
1343 716 1468 785 quis
1515 715 1837 786 cogitaverit
1890 712 2126 783 'qnonam

542 808 702 863 modo
732 806 1002 874 posterior
1019 807 1383 878 gloriatempli
1411 806 1507 865 Dei
1538 805 1879 876 praestantior
1909 805 2113 875 prioris

554 893 727 962 gloria
759 896 927 950 videri
961 906 1155 965 queat:
1184 911 1309 950 nam
1354 895 1487 951 illud
1517 895 1757 952 incendit
1805 910 1870 951 ac
1904 895 2128 966 diripuit

546 982 877 1054 Babylonius
903 985 1398 1044 Nabuchodonosor
1430 1006 1443 1043 :
1475 988 1641 1059 690
1662 989 1764 1045 boc
1794 995 1974 1043 autem
2003 997 2128 1058 post

549 1077 680 1131 illud
713 1086 1052 1137 exstructum
1082 1088 1204 1150 post
1233 1089 1444 1151 tempus
1474 1079 2125 1150 captivitatis,nihilomi-

543 1183 645 1223 nus
679 1183 709 1222 a
762 1168 1022 1227 Romanis
1049 1173 1329 1228 incensum
1359 1187 1424 1227 ac
1449 1172 1734 1241 spoliatum
1762 1181 1867 1235 est,
1899 1172 2124 1242 ipsaque

540 1261 912 1333 Hierosolyma
951 1274 1005 1318 et
1057 1261 1241 1319 Judaea
1270 1262 1522 1319 universa
1568 1263 1636 1319 “.
1689 1263 1806 1319 Non
1851 1264 2015 1334 igitur
2054 1265 2122 1319 ad

539 1351 818 1406 veritatem
850 1350 1050 1407 sniiicit
1072 1353 1329 1409 historica
1358 1353 1624 1408 narratio.
1655 1351 1825 1421 Major
1849 1363 2030 1407 autem
2068 1364 2126 1408 et

536 1444 882 1511 praestantior
920 1443 1091 1514 gloria
1145 1444 1419 1516 posterior
1470 1460 1632 1515 quam
1671 1446 1841 1515 prior,
1880 1442 2125 1501 Ecclesia

537 1544 813 1602 assumpta
837 1550 858 1586 ι
885 1534 940 1589 in
964 1534 1218 1606 templum
1250 1544 1519 1600 sanctum,
1543 1535 1601 1590 in
1636 1535 2003 1591 habitaculum
2029 1535 2124 1592 Dei

538 1623 590 1678 in
622 1624 823 1693 Spiritu
858 1623 926 1680 “.
953 1643 972 1677 ι
999 1623 1515 1697 Supermdiiicamur
1536 1627 1682 1683 enim
1715 1642 1880 1698 super
1925 1627 2121 1682 funda-

535 1726 713 1770 menta
737 1715 1101 1785 apostolorum
1123 1725 1177 1773 et
1192 1716 1595 1788 praphetarum,
1619 1731 1715 1785 per
1746 1732 1963 1773 omnem
1993 1732 2123 1772 con-

2227 529 2393 599 ἱτερα
2412 543 2425 558 ·
2451 546 2471 580 t
2494 527 2640 581 Διότι
2669 525 2882 597 μεγάλη
2904 523 3058 578 ἔσται
3090 523 3125 594 ή
3156 520 3283 587 δόξα
3313 521 3410 575 τοῦ
3441 520 3590 575 οῐκου
3611 521 3809 577 τούτου

2228 623 2263 692 η
2293 621 2499 692 ἐσχάτη
2544 620 2685 691 ὑπὲρ
2725 619 2825 689 τὴν
2859 615 3084 687 πρώτην
3107 655 3125 681 ,
3174 613 3325 683 λέγει
3367 615 3574 685 Κύριος
3607 631 3797 668 παντο·

2228 712 2471 783 κράτωρ.
2506 730 2527 763 ›
2569 710 2708 763 Ἀλλ’
2749 710 2831 762 ὅτι
2866 708 2964 778 μὲν
2996 706 3157 777 μόνον
3198 703 3487 776 ἰστορικῶς
3518 705 3586 758 τὰ
3629 705 3810 758 τοιάδε

2226 806 2370 859 νοεῖν
2392 802 2768 873 ἀπόπληκτον,
2800 802 2903 855 οὐκ
2929 800 2995 854 ἂν
3024 798 3314 852 ἐνδοιάσειέ
3333 815 3436 861 τις,
3456 795 3809 867 ἐννενοηκὼς,

2226 896 2309 949 ὅτι
2352 894 2468 958 πῶς
2514 894 2580 948 ἂν
2611 893 2781 947 νοοῖτο
2811 889 3223 963 προφερεστὲρα
3258 891 3359 960 τῆς
3392 887 3640 959 πρώτης,
3675 887 3709 957 ἡ
3747 888 3807 940 ἐν

2226 987 2482 1058 ἐσχάτοις
2527 985 2655 1051 δόξα
2700 983 2794 1036 τοῦ
2841 982 2987 1036 θείου
3037 980 3192 1043 ναοῦ,
3229 979 3387 1050 εῐπερ
3440 980 3646 1033 ἐκεῖνον
3704 976 3804 1048 μὲν

2230 1077 2607 1148 κτενέπρησε
2637 1074 2747 1127 ικαὶ
2802 1072 3105 1144 διήρπασεν
3147 1071 3177 1123 ὁ
3216 1069 3557 1131 Βαϐυλώνιος
3585 1068 3804 1122 Ναϐου-

2225 1168 2558 1240 χοδονόσωρ·
2601 1165 2694 1219 τὸν
2739 1163 2797 1216 δὲ
2839 1161 2958 1233 μετ’
2991 1163 3200 1216 ἐκεῖνον
3246 1161 3618 1233 ἐγηγερμένον
3667 1169 3807 1232 μετα

2224 1259 2317 1313 τὸν
2332 1259 2435 1329 τῆς
2454 1254 2830 1329 αἰχμαλωσίας
2844 1252 3062 1329 καιρὸν,
3074 1253 3228 1308 οὐδὲν
3244 1248 3405 1325 ἦττον
3435 1253 3695 1324 Ῥωμαῖοι
3714 1270 3786 1305 κα

2226 1347 2590 1417 τενέπρησαν,
2617 1343 3173 1415 συγκαταδῃῶσαντες
3201 1344 3348 1414 αὑτῷ
3374 1346 3461 1398 καί
3490 1342 3713 1417 [ﬂabra
3740 1346 3808 1397 τὰ

2236 1436 2617 1508 Ἱεροσόλυμα,
2666 1435 2762 1489 καὶ
2797 1435 3016 1489 ἃπασαν
3043 1434 3102 1488 δέ
3143 1436 3246 1506 τὴν
3277 1435 3549 1489 Ἰουδαίων
3577 1436 3765 1506 χώραν
3791 1452 3808 1500 ;

2226 1527 2435 1583 Οὔκουν
2467 1528 2683 1599 ἀπόχρη
2718 1526 2854 1597 πρὸς
2885 1526 3144 1597 ἀλήθειαν
3175 1527 3209 1598 ἡ
3248 1528 3348 1598 τῆς
3393 1526 3637 1596 ἱστορίας
3668 1526 3808 1579 ἀπό-

2223 1620 2392 1683 δοσις.
2429 1619 2697 1691 Ἀμείνων
2727 1618 2785 1672 δὲ
2834 1619 2930 1673 καὶ
2951 1618 3366 1690 προφερεστέρα
3391 1620 3492 1689 τῆς
3518 1618 3741 1690 πρώτης
3769 1620 3807 1689 η

2222 1710 2512 1765 τελευταία
2544 1711 2694 1777 δόξα,
2726 1709 3177 1782 παραληφθείσης
3211 1709 3648 1780 τῆςῈκκλησίας
3684 1728 3701 1761 ι
3726 1711 3806 1772 εἰς

536 1815 739 1862 tactum
785 1808 1139 1878 suppeditata:
1191 1808 1525 1878 operationis
1574 1807 1835 1877 cujusque
1891 1806 2114 1861 membri

2223 1803 2351 1858 ναὸν
2394 1802 2571 1873 ἅγιον,
2620 1804 2715 1866 εἰς’
2748 1804 3172 1873 κατοικητήριον
3208 1800 3303 1854 τοῦ
3348 1800 3487 1854 Θεοῦ
3534 1803 3593 1854 ἐν
3630 1801 3801 1855 πνεό-

530 1901 769 1971 coaptati
805 1909 968 1971 atque
1003 1900 1310 1972 compositi,
1347 1909 1404 1956 et
1433 1890 1595 1956 veluti
1630 1900 1774 1954 inter
1804 1913 1902 1954 nos
1951 1897 2129 1955 fmdus

529 1992 778 2049 ineuntes
814 1992 866 2048 in
914 1994 1178 2048 unitatem
1220 1992 1345 2048 ﬁdei
1372 2001 1428 2048 et
1462 1990 1767 2048 dilectionis
1801 2004 1898 2060 per
1949 1989 2128 2060 Spiri-

530 2092 671 2149 tum,
698 2084 765 2139 ad
795 2083 1130 2140 efﬁciendum
1149 2082 1406 2154 templum
1429 2093 1703 2139 sanctum.
1728 2079 1959 2151 Lapides
1980 2082 2126 2135 enim

529 2171 638 2227 vivi
664 2187 851 2230 sumus
871 2172 942 2228 “.
973 2173 1334 2241 Quamobrem
1348 2173 1567 2230 divinus
1580 2170 1779 2227 Paulus
1792 2170 2126 2227 credentium

529 2265 931 2320 multitudinem
983 2277 1126 2320 nunc
1152 2263 1370 2335 quidem
1413 2263 1506 2319 Dei
1535 2261 1945 2333 agriculturam,
1980 2274 2124 2316 nunc

528 2352 625 2409 Dei
696 2355 1108 2412 aediﬁcationem
1181 2356 1399 2413 vocavit
1423 2353 1471 2387 δ’
1508 2369 1524 2408 :
1562 2351 1720 2423 cujus
1785 2360 1848 2408 ut
1905 2352 2120 2422 sapiens

531 2442 858 2500 architectus
907 2442 1311 2501 fundamentum
1373 2445 1555 2517 posuit
1623 2441 1784 2500 Jesus
1841 2440 2114 2510 Christus,

530 2533 622 2589 cui
676 2547 867 2591 omnes
918 2535 1244 2606 innitimur,
1314 2549 1414 2608 per
1469 2546 1629 2605 quem
1690 2543 1747 2591 et
1791 2542 2021 2598 stannts,
2061 2543 2117 2590 et

531 2623 787 2696 templum
814 2626 1175 2695 nominamur,
1199 2627 1376 2699 ipsum
1393 2626 1658 2683 habentes
1682 2625 1737 2681 in
1777 2635 1960 2682 mente
1982 2633 2037 2680 et
2058 2625 2113 2681 in

528 2716 714 2780 corde,
749 2730 850 2787 per
872 2716 1133 2788 Spiritum
1166 2719 1501 2775 habitantem
1540 2725 1596 2773 et
1619 2727 1926 2773 manentem
1953 2718 2021 2750 “-

2233 1911 2385 1966 ματι.
2426 1912 2446 1946 ι
2492 1891 3027 1964 Ἐποικοδομοῠμεθα
3058 1893 3167 1963 γὰρ
3196 1891 3289 1945 ἐπὶ
3324 1892 3402 1963 τῷ
3428 1892 3667 1964 θεμελίῳ
3696 1892 3807 1947 τῶν

2228 1986 2548 2045 ἀποστόλων
2592 1987 2688 2041 καί
2738 1985 3074 2057 προφητῶν,
3122 1986 3212 2040 διὰ
3265 1987 3448 2059 πάσης
3504 1987 3651 2057 ἁφῆς
3704 1990 3807 2059 τῆς

2227 2077 2590 2150 ἐπιχορηγίας
2648 2076 2749 2148 τῆς
2814 2075 2935 2130 κατ’
2989 2077 3270 2149 ἐνέργειαν
3322 2080 3553 2133 ἐκάστου
3610 2079 3808 2151 μέλους

2229 2168 2829 2242 συναρμολογούμενοι,
2882 2169 2979 2222 καὶ
3043 2170 3454 2241 συντιθέμενοι,
3500 2172 3594 2226 καὶ
3640 2173 3807 2226 οἰονεί

2227 2277 2349 2325 πως
2379 2260 2631 2332 ἀλλήλοις
2652 2257 3043 2331 συμϐαίνοντες
3068 2263 3145 2325 εἰς
3169 2261 3395 2333 ἑνότητα
3442 2263 3680 2328 πίστεως
3708 2264 3805 2318 καὶ

2223 2352 2445 2422 ἀγάπης
2490 2350 2582 2404 ἐπὶ
2620 2349 2714 2405 τοῦ
2763 2350 3080 2422 Πνεῦματος
3129 2354 3211 2417 εἰς
3253 2354 3380 2408 ναὸν
3425 2353 3603 2425 ἅγιον.
3644 2355 3800 2410 Λίθοι

2222 2442 2335 2514 γάρ
2364 2443 2532 2512 ἐσμεν
2554 2439 2776 2504 ζῶντες.
2808 2441 2921 2495 Καὶ
2947 2439 3079 2510 γοῦν
3104 2442 3133 2493 ὁ
3153 2440 3441 2504 θεσπέσιος
3462 2442 3675 2506 Παῦλος
3700 2442 3804 2514 τὴν

2218 2534 2331 2588 τῶν
2358 2533 2801 2587 πεπιστευκότων
2817 2531 3048 2603 πληθὺν,
3070 2531 3200 2585 ποτέ
3227 2532 3326 2603 μὲν
3350 2532 3486 2588 Θεοῦ
3509 2533 3802 2605 γεώργιον,

2219 2624 2353 2679 ποτὲ
2384 2623 2441 2678 δὲ
2471 2623 2536 2695 δὴ
2570 2618 2664 2678 οὖν
2701 2624 2797 2678 καὶ
2833 2622 3123 2696 οίκοδομὴν
3162 2622 3416 2695 ὠνόμαζε
3445 2624 3610 2678 Θεοῦ·
3642 2625 3741 2679 καὶ
3773 2628 3804 2679 ό

2220 2717 2386 2786 σοφὸς
2417 2715 2757 2790 ἀρχιτέκτων
2800 2715 3049 2787 θεμέλιον
3076 2716 3343 2783 τέθεικεν,
3380 2713 3539 2781 οὗτος
3560 2718 3618 2771 δέ
3651 2720 3801 2771 ἐστιν

540 2804 749 2877 Ἰησοῦς
774 2809 804 2863 ό
831 2809 1066 2879 Χριστὸς
1086 2850 1101 2876 ,
1126 2803 1171 2880 ᾧ
1196 2810 1261 2884 δὴ
1289 2810 1490 2875 πάντες
1523 2809 1914 2882 ἐρηρείσμεθα,
1972 2808 2043 2864 δι’
2071 2801 2134 2865 οὗ
2171 2809 2266 2864 zeal.
2303 2809 2636 2880 ἑστήκαμεν,
2690 2806 2786 2862 καὶ
2805 2809 2924 2861 ναοὶ
2948 2807 3381 2881 χρηματίζομεν,
3400 2807 3564 2862 αὑτὸν
3582 2808 3803 2878 ἔχοντες

528 2906 611 2969 εἰς
642 2903 769 2958 νοῦν
794 2905 890 2960 καὶ
915 2905 1147 2979 καρδίαν
1175 2905 1493 2979 ὲνῳκηκότα
1523 2923 1583 2962 τε
1607 2908 1702 2962 καὶ
1720 2906 2110 2981 ἐνηυλισμένον
2143 2904 2233 2961 διὰ
2262 2903 2358 2960 τοῦ
2390 2903 2728 2976 Πνεύματος.

598 2995 866 3056 νωλο.
898 2999 1028 3066 Quis
1058 3000 1194 3054 enim
1221 2999 1456 3070 despexit
1491 2998 1547 3053 in
1604 2999 1714 3055 dies
1761 3000 1990 3069 paruos?
2034 2995 2107 3053 Et

2282 2996 2439 3051 Διότι
2468 2995 2561 3062 τίς
2590 2992 3009 3060 ἐξουδένωσεν
3030 2994 3120 3060 εἰς
3151 2994 3383 3063 ἡμέρας
3406 2995 3624 3064 μικράς
3641 3009 3661 3059 ;
3680 2996 3798 3049 Kal

525 3088 868 3154 laetabuntur,
902 3101 950 3144 et
978 3090 1221 3144 uidebunt
1244 3088 1471 3159 lapidem
1511 3097 1794 3146 stanneum
1840 3091 1898 3145 in
1950 3106 2115 3145 manu

526 3175 835 3235 Zarobabel.
882 3178 1086 3250 Septem
1120 3181 1210 3235 isti
1238 3179 1377 3235 oculi
1410 3178 1627 3237 Domini
1648 3190 1794 3252 sunt,
1828 3184 2114 3256 respicien-

527 3282 602 3324 ιη
627 3287 788 3341 ευμεν
811 3287 1016 3326 omnem
1037 3283 1255 3328 terram.

595 3446 815 3504 XXVII.
837 3448 952 3506 Non
988 3461 1073 3507 est
1099 3455 1164 3508 de
1193 3468 1318 3509 mox
1349 3453 1549 3512 futuris
1580 3456 1755 3525 visio;
1809 3455 1904 3511 sed
1933 3453 2114 3524 potius

523 3539 592 3596 de
615 3540 943 3598 deducendis
984 3543 1050 3599 ad
1084 3546 1414 3616 propositum
1443 3550 1627 3613 tinem,
1676 3555 1736 3602 ut
1782 3546 2114 3615 temporibus

523 3635 788 3688 adventus
818 3633 1056 3689 omnium
1104 3647 1348 3693 nostrum
1400 3636 1709 3695 Salvatoris
1765 3636 1990 3702 Christi,
2019 3634 2111 3702 qui

525 3725 580 3778 in
609 3734 854 3780 extrema
884 3733 1125 3796 tempora
1151 3730 1337 3787 saeculi
1367 3731 1535 3801 hujus
1567 3730 1796 3786 incidit:
1855 3738 2110 3783 caeterum

524 3833 633 3874 non
679 3819 754 3874 ita
798 3819 889 3875 diu
943 3830 1069 3890 post
1131 3821 1271 3878 hanc
1336 3822 1678 3892 prophetiam
1721 3820 1942 3885 editam,
1995 3818 2113 3873 sive

526 3907 782 3976 templum
816 3924 912 3979 per
938 3924 1158 3966 manum
1199 3909 1503 3967 Zorobabcl
1527 3909 1845 3973 excitatum.
1890 3908 1947 3964 Si
1989 3908 2111 3979 quis

524 3999 711 4070 igitur,
754 3999 948 4069 inquit,
995 3998 1304 4074 despexerit
1373 4003 1582 4057 medios
1621 4001 1737 4056 dies
1792 4013 1989 4072 parvos
2056 4008 2112 4054 et

520 4106 750 4160 paucos,
772 4092 883 4148 sive
911 4093 1050 4148 nihil
1072 4091 1384 4164 pependerit
1405 4091 1739 4156 dilationem,
1757 4104 1860 4146 non
1883 4099 2111 4145 maestus

519 4191 738 4253 propter
766 4184 890 4250 boc,
908 4184 1131 4240 omnino
1164 4184 1310 4240 omni
1341 4183 1526 4239 laetitia
1552 4182 1868 4253 replebitur.
1896 4180 2107 4237 Gaude-

520 4272 601 4327 bit
631 4275 798 4339 enim,
822 4283 879 4329 et
899 4276 1100 4332 videbit
1124 4276 1350 4347 lapidem
1379 4286 1663 4332 stanneum
1689 4274 1742 4331 in
1790 4290 1953 4330 manu
2006 4273 2109 4329 Ζο-

2219 3089 2628 3160 χαρήσονται,
2658 3087 2759 3140 καί
2790 3085 3043 3155 ὄψονται
3089 3085 3199 3140 τὸν
3231 3088 3406 3141 λίθον
3440 3087 3548 3141 τὸν
3581 3103 3803 3142 κασσι-

2218 3183 2454 3250 τέρινον·
2475 3180 2547 3234 ἐν
2575 3178 2729 3247 χειρί
2762 3176 3114 3246 Ζοροϐάϐελ.
3161 3177 3347 3231 Ἑπτὰ
3375 3175 3541 3235 οὗτοι
3574 3180 3804 3249 (iam-

2211 3273 2312 3343 μοι
2362 3272 2586 3340 Κυρίου
2631 3268 2809 3335 εἰσιν,
2860 3272 2915 3324 oi
2962 3268 3414 3338 ἀποϐλέποντες
3448 3270 3547 3324 ἐπί
3590 3271 3803 3327 πᾶσαν

2214 3365 2333 3434 τὴν
2363 3363 2502 3435 γῆν.

2285 3457 2411 3511 KZ'.
2452 3456 2528 3508 Οὐ
2562 3453 2692 3527 περὶ
2721 3452 2834 3508 τῶν
2880 3453 3043 3519 εὐθὺς
3087 3453 3364 3525 ἐσομένων
3399 3454 3432 3526 ή
3461 3455 3680 3527 ὅρασις,
3708 3453 3802 3509 ἐν·

2214 3548 2596 3620 εχθησομένων
2616 3546 2672 3601 δὲ
2708 3545 2907 3617 μᾶλλον
2932 3548 3013 3610 εἰς
3042 3546 3236 3617 πέρας,
3269 3548 3345 3611 ὡς
3373 3549 3430 3602 ἐν
3460 3551 3672 3619 καιροῖς
3694 3551 3797 3621 τῆς

2215 3639 2512 3711 ἐπιδημίας
2553 3637 2647 3692 τοῦ
2685 3637 2905 3692 πάντων
2951 3639 3110 3709 ἡμῶν
3156 3639 3407 3709 Σωτῆρος
3437 3639 3705 3711 Χριστοῦ,
3754 3642 3796 3713 ἡ

2213 3731 2408 3799 γέγονε
2442 3727 2539 3797 μὲν
2565 3730 2623 3782 ἐν
2652 3728 2900 3798 ἐσχάτοις
2924 3726 3019 3781 τοῦ
3047 3726 3315 3799 παρόντος
3336 3728 3530 3792 αἰῶνος
3554 3732 3792 3800 καιροῖς·

2214 3819 2352 3891 πλὴν
2379 3817 2439 3872 οὕ
2462 3836 2546 3872 τοι
2579 3817 2793 3877 πολλοῖς
2826 3816 2965 3889 μετὰ
2989 3818 3163 3872 ταῦτα
3191 3818 3406 3891 χρόνοις
3438 3820 3536 3889 τῆς
3567 3836 3796 3890 προκει-

2215 3908 2386 3980 μένης
2405 3908 2540 3978 ἡμῖν
2572 3907 2931 3980 προφητείας,
2954 3908 3073 3980 ἦτοι
3103 3910 3202 3979 τῆς
3223 3908 3513 3978 οἰκοδομῆς
3540 3908 3633 3961 τοῦ
3659 3909 3794 3962 ναοῦ

2211 3996 2305 4050 τοῦ
2341 3996 2430 4050 διὰ
2481 3997 2665 4069 χειρὸς
2713 3995 3019 4065 Ζοροϐάϐελ
3049 3998 3445 4068 ἐγηγερμένου.
3483 3997 3555 4052 Εἰ
3581 4014 3667 4060 τις
3696 3995 3796 4052 οὖν

2210 4088 2342 4159 ἄρα,
2388 4088 2578 4159 φησὶν,
2635 4086 3010 4153 ἐξουδενώσειε
3052 4088 3151 4152 τὰς
3196 4088 3398 4160 μεταξὺ
3446 4090 3646 4164 μικρὰς
3696 4094 3794 4147 καὶ

2210 4180 2614 4252 εὐαριθμήτους
2667 4180 2921 4252 ἡμέρας,
2972 4180 3139 4249 ἤγουν
3181 4180 3333 4235 οὐδὲν
3385 4183 3650 4254 ἡγήσαιτο
3687 4184 3792 4256 τὴν

2212 4272 2530 4342 ἀνάϐλησιν,
2556 4273 2657 4325 οὐκ
2680 4270 2983 4343 ἀκηδιάσας
3017 4270 3152 4341 πρὸς
3184 4271 3362 4336 τοῦτο,
3392 4273 3568 4344 πάντη
3603 4289 3662 4326 τε
3691 4277 3793 4326 καὶ

519 4364 759 4421 robabel.
791 4364 1081 4422 Stmmeum
1111 4343 1240 4422 vero
1282 4366 1510 4438 lapidem
1537 4365 1811 4421 Christum
1843 4366 2106 4422 nominat.

2217 4367 2433 4430 πάντως
2465 4366 2680 4437 ἁπάσης
2702 4364 2853 4418 ἔσται
2874 4363 3143 4435 θυμηδίας
3172 4364 3442 4436 ἔμπλεως.
3469 4343 3791 4438 Χαρήσεται

512 4452 750 4511 Causam
776 4456 824 4512 si
855 4457 978 4526 quis
1007 4470 1169 4512 nosse
1200 4457 1368 4522 volet,
1415 4471 1542 4511 mox
1594 4455 1825 4509 dixerim
1865 4463 1920 4509 et
1985 4469 2105 4524 qua:

2217 4460 2340 4532 γὰρ,
2371 4461 2466 4514 καὶ
2495 4459 2684 4531 ὄψεται
2712 4458 2802 4511 τὸν
2844 4455 2991 4510 λίθον
3017 4455 3108 4510 τὸν
3141 4459 3517 4530 κασσιτὲρινον
3554 4462 3612 4512 ἐν
3643 4462 3792 4530 χειρὶ

519 4546 639 4603 aliis
667 4548 940 4614 videntur,
972 4556 1029 4603 et
1080 4548 1237 4604 nobis
1298 4561 1513 4618 quoque
1571 4546 1891 4615 probantur.
1937 4546 2105 4600 Aiunt

2217 4550 2535 4622 Ζοροϐάϐελ.
2590 4547 3032 4619 Κασσιτέρινον
3079 4548 3137 4604 δέ
3182 4548 3328 4603 λίθον
3391 4550 3641 4622 ὠνόμασε
3693 4551 3790 4605 τὸν

516 4637 660 4692 enim
695 4647 947 4694 stantium
978 4654 1044 4695 ex
1082 4653 1192 4695 aere
1219 4647 1274 4694 et
1329 4638 1546 4709 plumbo
1576 4637 1886 4707 temperari,
1941 4648 2103 4708 atque

2217 4642 2463 4715 Χριστόν.
2496 4641 2607 4695 Καὶ
2638 4640 2691 4694 ei
2714 4656 2799 4704 τις
2831 4638 3075 4710 βούλοιτο
3106 4641 3207 4713 τὴν
3240 4643 3421 4697 αἰτίαν
3453 4642 3784 4712 ἀναμαθεῖν,

410 4732 418 4741 ’
516 4727 724 4784 idcirco
766 4745 867 4785 nec
891 4731 1113 4785 omnino
1138 4744 1325 4785 carere
1344 4728 1563 4796 duritie,
1590 4742 1688 4784 nec
1717 4743 1910 4784 vacare
1937 4730 2098 4785 etiam

2217 4733 2375 4804 φαίην
2412 4729 2479 4786 ἂν
2508 4730 2670 4794 εὐθὺς
2702 4730 2771 4783 τὰ
2816 4728 3077 4785 δοκοῦντά
3118 4748 3264 4796 τισι,
3313 4735 3408 4786 καὶ
3435 4736 3568 4805 ἡμῖν
3600 4735 3791 4800 αὐτοῖς

516 4819 870 4876 mollitudine.
919 4820 1080 4891 691
1113 4817 1225 4876 Nos
1277 4834 1523 4890 quoque
1572 4821 1969 4890 quodammodo
2030 4834 2098 4875 ex

510 4908 717 4968 deitate
746 4925 866 4981 quae
890 4913 945 4966 vi
968 4912 1114 4966 nulla
1144 4912 1321 4981 frangi
1359 4922 1423 4967 ac
1475 4912 1744 4967 debilitari
1784 4920 1978 4982 potest,
2043 4921 2099 4968 et

510 5015 579 5057 ex
606 5005 836 5058 humana
921 5012 1136 5069 natura,
1188 5002 1561 5060 aﬂ'ectionlbus
1628 5004 1784 5074 quasi
1840 5006 2092 5071 obnoxia,

513 5087 920 5148 Emmanuelem
983 5093 1377 5161 componimus.
1428 5094 1717 5149 Sciendum
1777 5109 1937 5164 porro
1999 5095 2096 5149 ad—

517 5190 790 5238 antantem
817 5194 1035 5253 quoque
1064 5184 1288 5254 plumbo
1319 5184 1479 5240 facile
1515 5185 1806 5256 confringi,
1829 5196 1888 5240 ut
1921 5188 2092 5254 aiunt,

514 5288 641 5330 cum
671 5285 849 5330 tamen
875 5275 924 5330 id
947 5291 1044 5346 per
1067 5277 1229 5330 aliam
1298 5280 1583 5333 materiam
1656 5293 1763 5333 non
1838 5279 2092 5348 patiatur.

516 5367 759 5424 Dicimus
801 5383 933 5438 ergo
960 5368 1257 5435 Christum,
1299 5370 1551 5440 quamvis
1592 5371 1884 5439 benignum
1941 5370 2095 5426 valde

514 5457 780 5529 longeque
813 5462 1257 5532 valentissimum,
1290 5472 1417 5541 etut
1449 5463 1616 5519 Deum
1642 5462 1785 5518 nulla
1812 5464 2093 5532 praeditum

484 5551 744 5635 \stevitia,
782 5567 883 5611 ceu
910 5555 1250 5612 adamantem
1288 5554 1574 5627 quemdam
1610 5552 1952 5628 confringere
1986 5554 2092 5611 Sa-

585 5731 784 5804 “Agg.
807 5748 869 5802 tt,
893 5734 983 5791 i0.
1058 5736 1105 5768 “
1130 5733 1194 5790 ιν
1220 5731 1356 5807 Reg.
1393 5748 1521 5802 ην,
1553 5733 1573 5787 Ι
1609 5749 1740 5807 δίεισι

2202 4822 2383 4895 ὀρθῶς
2430 4821 2579 4893 ἔχειν
2627 4820 3032 4893 ὑπειλημμένα.
3082 4824 3146 4876 Oi
3196 4824 3294 4895 μὲν
3345 4826 3455 4896 γάρ
3508 4842 3641 4894 φασι
3692 4827 3789 4879 τὸν

2204 4914 2530 4984 κασσίτερον
2577 4912 2685 4967 ἀπό
2738 4930 2798 4967 τε
2840 4915 3043 4985 χαλκοῦ
3082 4916 3177 4969 καὶ
3222 4914 3471 4987 μολίϐδου
3515 4921 3615 4989 τὴν
3648 4919 3787 4989 σύγ-

2204 5021 2406 5075 κρασιν
2443 5004 2608 5076 ἐχειν,
2641 5004 2736 5058 καὶ
2763 5006 2967 5076 ταύτης
2996 5006 3161 5061 ἕνεκα
3195 5008 3293 5078 τῆς
3324 5010 3504 5072 αἰτίας
3530 5009 3654 5063 οὔτε
3684 5012 3788 5066 τοῦ

2202 5092 2341 5150 εἶναι
2380 5096 2615 5168 σκληρὸν
2657 5098 3004 5170 ἀπηλλάχθαι
3037 5100 3340 5166 παντελῶς,
3392 5101 3515 5155 οὔτε
3553 5102 3658 5175 μὴν
3688 5105 3790 5157 ἁν-

2201 5188 2448 5243 αίνεσθαι
2478 5190 2540 5242 τὸ
2579 5188 2725 5261 ἔχειν
2757 5190 2851 5245 καὶ
2881 5180 3207 5261 μαλθακῶς.¹
3240 5193 3572 5264 Συντίθεμεν
3600 5195 3655 5247 δὲ
3686 5198 3791 5251 καὶ

2196 5282 2362 5352 ἡμεῖς
2394 5280 2534 5334 κατὰ
2559 5283 2760 5337 τοιόνδε
2816 5283 2938 5335 τινὰ
2976 5283 3179 5353 τρόπον
3212 5285 3303 5339 τὸν
3337 5286 3688 5358 Ἐμμανουὴλ
3715 5288 3789 5343 ἐκ

2195 5390 2258 5427 τε
2299 5374 2397 5445 τῆς
2430 5374 2739 5448 ἀθραύστου
2782 5374 3063 5445 θεότητος,
3099 5378 3194 5431 καὶ
3231 5379 3295 5431 ἐκ
3331 5377 3433 5448 τῆς
3465 5362 3627 5433 οἱονεί
3661 5370 3788 5446 πως

2197 5462 2482 5534 ἐμπαθοῦς
2526 5465 2970 5538 ἀνθρωπότητος.
3034 5464 3231 5522 ’Ῑστέον
3268 5466 3357 5532 δὲ,
3400 5467 3481 5521 ὅτι
3534 5468 3629 5521 καὶ
3686 5468 3790 5521 τὸν

2199 5556 2481 5627 ἀδάμαντα
2514 5555 2661 5610 λίθον
2706 5553 2941 5627 μολίϐδῳ
2988 5556 3153 5627 φασίν
3196 5559 3434 5624 εὐκόλως
3482 5559 3789 5632 συνθραύε-

1839 5737 1885 5769 ⁸³
1913 5735 2109 5808 l‘lpht's.

2236 5736 2326 5793 ει.
2372 5738 2417 5770 δ’
2446 5737 2465 5791 l
2492 5738 2632 5791 Pctr.
2668 5752 2727 5802 ll,
2760 5736 2811 5790 5.
2856 5736 2897 5767 ""
2942 5732 3109 5791 lCor.
3135 5753 3215 5800 tn,
3244 5737 3298 5794 9.
3363 5737 3409 5772 ³⁸
3436 5737 3783 5796 ibid.i0-i7.
