4130 6478
310 341 383 398 73
1141 335 1696 394 COMMENTARIUS
1729 337 1797 392 IN
1837 333 2247 392 ZACHARIAM
2282 331 2728 390 PROPllETAM.
3541 339 3610 398 τό

311 465 463 529 σθαι,
500 461 682 517 καίτοι
727 460 888 514 τοῦτο
932 459 1130 513 παθεῖν
1171 459 1238 512 δι’
1270 461 1466 531 ἐτέρας
1510 460 1644 531 ὕλης
1676 462 1778 513 οὐκ
1818 459 1906 513 ἀν-

2019 466 2223 519 tanam,
2258 456 2322 510 de
2357 471 2464 525 quo
2490 456 2752 525 scriptum
2795 466 3008 512 exstat:
3053 458 3198 514 «Cor
3222 459 3340 529 ejus
3392 461 3609 518 indura-

309 555 598 626 εχόμενον.
635 554 819 624 Φαμὲν
844 545 960 620 οῦν,
1003 553 1084 605 ὅτι
1129 551 1307 605 καίτοι
1356 552 1593 624 χρηστὸς
1623 550 1700 605 ὢν
1748 551 1910 620 ἄγαν,

308 649 408 699 καὶ
439 645 724 717 παναλκὴς
775 649 805 700 6
846 646 1108 718 Χριστὸς,
1160 645 1256 699 καὶ
1289 645 1351 698 τὸ
1390 645 1601 718 ἀπηνὲς
1629 647 1731 699 οὐκ
1774 645 1914 715 ἒχων

307 739 385 802 ὡς
411 739 572 804 Θεὸς,
591 735 706 792 οἷον
730 740 1021 810 ἀδάμαντά
1050 757 1172 793 τινα
1199 739 1494 812 συνθραύει
1520 741 1612 794 τὸν
1644 739 1912 801 Σατανᾶν,

309 832 445 902 περὶ
489 827 554 886 οῦ
598 831 950 904 γέγραπται·
1008 852 1027 884 σ
1065 834 1131 886 Ἡ
1193 833 1394 905 καρδία
1439 831 1607 887 αὑτοῦ
1663 831 1915 899 πέπηγεν

208 914 216 924 ’
307 924 506 996 ὥσπερ
538 924 709 990 λίθος.
743 926 986 998 Ἐστηκε
1017 925 1075 978 δὲ
1108 925 1301 998 ὥσπερ
1328 925 1522 996 ἄκμων
1553 925 1843 996 ἁνήλατος.
1888 941 1906 976 ι

309 1020 475 1070 Δοκεῖ
519 1035 588 1086 γε
639 1017 745 1088 μὴν
779 1017 876 1072 καὶ
915 1017 1120 1089 ἑτέρως
1160 1017 1254 1070 τὸν
1294 1017 1642 1089 κασσίτερον,
1687 1017 1787 1070 εἴτ’
1819 1012 1914 1070 οῦν

307 1111 400 1164 τὸν
453 1110 711 1180 μόλιϐδον
761 1113 842 1175 είς
893 1110 1275 1182 ἀποκάθαρσιν
1314 1111 1414 1182 τὴν
1461 1110 1546 1164 διὰ
1593 1110 1766 1181 πυρὸς
1815 1110 1914 1180 τῆς

309 1202 512 1273 ἐτέρας
551 1200 688 1273 ὕλης
719 1202 1036 1271 ἀναγκαίως
1069 1200 1602 1272 παραλαμϐάνεσθαι
1623 1244 1638 1266 ,
1675 1200 1912 1270 μάλιστα

308 1295 368 1348 δὲ
396 1298 517 1358 τοῖς
540 1294 612 1347 τὰ
644 1293 704 1359 ἐξ
728 1293 974 1365 ἀργύρου
1000 1297 1354 1364 τεχνουργεῖν
1378 1293 1596 1346 εἰωθόσι
1626 1293 1687 1345 τὸ
1717 1291 1913 1362 χρῆμά

310 1389 467 1440 ἐστιν
497 1389 821 1454 ἀναγκαῖον.
868 1388 977 1440 Καὶ
1015 1387 1149 1455 γοῦν
1181 1386 1286 1457 ἔφη
1313 1403 1414 1440 που
1444 1386 1576 1450 Θεὸς
1605 1385 1693 1440 διὰ
1725 1385 1912 1455 φωνῆς

318 1479 596 1550 Ἰερεμίου
631 1479 797 1533 πάλιν
832 1480 964 1532 αὐτὸ
995 1479 1059 1550 δὴ
1088 1478 1248 1532 τοῦτο
1278 1477 1724 1549 αἰνιγματωδῶς
1761 1497 1778 1527 ι
1803 1476 1913 1540 Ἐξ-

305 1572 470 1624 έλιπε
527 1572 784 1643 φυσητὴρ
831 1571 941 1625 ἀπὸ
987 1571 1181 1641 πυρὸς,
1231 1569 1447 1636 ἐξέλιπε
1497 1569 1779 1642 μόλιϐδος,
1831 1571 1911 1633 εἰς

303 1665 472 1718 κενὸν
498 1665 896 1735 ἀργυροκοπεί,
931 1661 1186 1735 πονηρίαι
1213 1662 1397 1717 αὐτῶν
1430 1663 1530 1715 ούκ
1554 1662 1848 1733 ἐτάκησαν.
1885 1679 1903 1711 ι

303 1757 645 1828 Κασσιτέρῳ
666 1757 870 1822 τοίνυν,
909 1756 1080 1828 ῆγουν
1115 1755 1372 1827 μολίϐδῳ,
1409 1752 1744 1826 παρεικάζει
1767 1755 1906 1824 Χρι-

304 1849 460 1916 στὸν,
497 1848 576 1912 ὡς
615 1850 921 1919 ἐκτήκοντα
954 1850 1080 1911 τοὺς
1119 1847 1348 1918 ῥύπους,
1389 1847 1467 1911 ὡς
1494 1846 1910 1901 ἀπαλλάττοντα
1946 1865 1987 1924 Β

298 1942 417 1995 τῶν
448 1941 751 2012 περιττῶν,
782 1941 858 2004 ὡς
884 1939 1330 2012 ἁποκαθαίροντα
1367 1939 1594 2010 νοητῶς.
1629 1941 1691 1992 Εἰ
1727 1939 1790 2010 δή
1824 1957 1910 2004 τις

300 2031 400 2088 οῦν
447 2034 563 2106 ἄρα
605 2033 1136 2104 κατευμεγεθήσειε,
1198 2033 1354 2103 φησι,
1399 2032 1501 2103 τῆς
1542 2033 1651 2086 τῶν
1704 2031 1907 2103 μεταξὺ

299 2128 525 2200 καιρῶν
565 2128 842 2200 εἰσϐολῆς,
883 2127 980 2182 καὶ
1012 2127 1166 2181 οὐδὲν
1200 2129 1462 2199 ἡγήσοιτο
1493 2127 1594 2190 τὰς
1619 2127 1707 2181 διὰ
1739 2127 1907 2198 μέσον

303 2221 525 2292 μικρὰς
574 2220 816 2292 ἡμέρας,
866 2222 1169 2291 χαρήσεται
1227 2219 1347 2291 μὲν,
1409 2239 1428 2272 ι
1466 2221 1562 2274 καὶ
1595 2218 1784 2289 ὄψεται
1818 2219 1910 2273 τδν

298 2313 459 2366 λίθον
493 2313 590 2366 τὸν
619 2313 1002 2384 κασσιτέρινον
1032 2316 1091 2368 ἐν
1121 2314 1266 2384 χειρὶ
1302 2310 1632 2385 Ζοροϐάϐελ.
1665 2331 1683 2362 ι
1717 2312 1830 2365 Καὶ
1854 2311 1909 2364 τί

296 2407 364 2478 δὴ
396 2408 512 2480 ἄρα
549 2408 668 2460 ἐστὶ
702 2407 763 2460 τὸ
795 2408 854 2460 ὲν
895 2408 1042 2478 χειρὶ
1074 2405 1411 2478 Ζοροϐάϐελ;
1455 2406 1520 2458 Ἦ
1551 2403 1910 2468 θεόπνευστος

296 2502 339 2554 Γ
345 2503 505 2573 ραφὴ
536 2502 636 2572 τὴν
681 2505 840 2573 χεῖρα
883 2501 1099 2572 δέχεται
1153 2501 1249 2554 καὶ
1282 2502 1361 2564 είς
1405 2498 1657 2569 δύναμιν,
1692 2497 1788 2552 καὶ
1827 2499 1909 2562 εἰς

297 2593 582 2657 ἐξουσίαν.
625 2593 712 2646 Ἐν
742 2593 973 2664 δυνάμει
1003 2593 1068 2665 δὴ
1103 2590 1197 2647 οῦν
1219 2634 1234 2658 ,
1269 2593 1440 2664 ⁴ἤγουν
1466 2593 1563 2644 καὶ
1601 2592 1659 2644 ἐν
1688 2590 1909 2662 ἐξουσίᾳ.

295 2690 369 2758 τῇ
392 2685 491 2740 τοῦ
511 2685 824 2758 Ζοροϐάϐελ
850 2686 1046 2757 ὄψεται
1075 2686 1167 2739 τὸν
1200 2685 1346 2738 λίθον
1377 2685 1468 2738 τὸν
1495 2683 1903 2755 κασσιτέρινον,

295 2779 582 2845 τουτέστι,
610 2779 871 2850 Χριστόν.
911 2776 1222 2848 Ζοροϐάϐελ
1255 2777 1356 2849 μὲν
1390 2777 1522 2848 γὰρ,
1553 2777 1628 2840 ὡς
1661 2775 1820 2848 ἔφην,
1842 2778 1908 2829 ἐκ

296 2871 484 2941 φυλῆς
516 2870 612 2924 τοῦ
651 2870 822 2924 ἰούδα
847 2870 1202 2940 βεϐασίλευκε
1234 2870 1344 2924 τῶν
1376 2871 1434 2937 ἐξ
1462 2870 1700 2942 Ἰσραήλ.
1741 2869 1904 2922 Ἐϐα-

295 2962 526 3016 σίλευσε
561 2961 618 3015 δὲ
647 2962 746 3016 καὶ
787 2963 817 3014 6
853 2962 1092 3034 Χριστὸς
1131 2963 1224 3015 ἐπὶ
1267 2961 1361 3014 τὸν
1421 2961 1674 3033 Ἰσραὴλ,
1708 2961 1809 3014 οὐκ
1846 2962 1906 3014 ἐν

292 3056 455 3120 τάξει
491 3058 558 3128 τῇ
586 3055 712 3110 καθ’
749 3056 920 3126 ἡμᾶς,
957 3057 1126 3127 ῆγουν
1171 3053 1448 3126 μετρητὴν
1475 3053 1572 3108 καὶ
1598 3053 1775 3125 χρόνῳ
1805 3069 1905 3105 πε-

295 3151 668 3225 περασμένην
693 3151 796 3222 τὴν
822 3149 1104 3220 βασιλείαν
1137 3150 1280 3221 ἔχων
1300 3168 1317 3185 ο
1347 3149 1463 3202 ἀλλ’
1501 3148 1578 3212 ὡς
1614 3148 1748 3211 Θεὸς
1778 3146 1905 3220 άλη-

2020 557 2133 602 tum
2170 557 2254 601 est
2285 547 2406 616 plus
2443 563 2602 615 quam
2636 549 2789 617 lapis.
2837 548 3001 605 Stetit
3051 561 3231 605 autem
3261 555 3402 611 sicut
3454 558 3608 614 incus

2019 639 2304 711 impulsata
2329 640 2394 695 ‘9.
2432 659 2450 690 ι
2489 639 2554 694 Ει
2588 641 2788 711 alioqui
2849 653 3120 713 stannum,
3177 651 3290 707 sive
3333 655 3606 722 plumbum

2019 731 2085 784 ad
2119 731 2494 800 purgationem
2526 747 2622 802 per
2663 734 2838 803 ignem
2866 735 3093 794 alterius
3146 743 3344 798 metalli
3402 749 3607 801 assumi

2019 821 2261 876 cernitur
2289 823 2626 887 necessario,
2663 825 3003 893 potissimum
3045 830 3184 899 apud
3213 821 3392 889 fabros
3419 851 3608 905 argen-

2021 915 2209 970 tarios.
2235 915 2506 981 Quocirca
2548 918 2691 973 Deus
2730 920 2928 976 alicubi
2963 938 3060 993 per
3099 924 3391 985 Jeremiam
3419 947 3608 989 rursus

2019 1007 2122 1062 hoc
2162 1009 2358 1077 ipsum,
2389 1010 2515 1066 licet
2547 1013 2833 1070 obscurius
2887 1017 3048 1074 dicit:
3092 1039 3110 1072 ι
3151 1020 3356 1080 Deiecit
3422 1027 3606 1083 suilla-

2020 1099 2304 1157 toriumab
2335 1102 2482 1171 igne,
2514 1104 2712 1160 defecit
2751 1108 3052 1177 plumbum,
3101 1113 3306 1170 frustra
3360 1132 3608 1191 argenta-

2019 1190 2131 1246 rius
2171 1204 2452 1263 argentum
2484 1198 2741 1264 concidit,
2807 1202 3026 1259 malitia:
3077 1219 3263 1263 eorum
3311 1190 3446 1266 non,
3479 1226 3608 1270 sunt

2017 1283 2322 1352 liquefactae
2340 1286 2408 1343 '°.
2447 1308 2466 1340 ι
2489 1289 2665 1356 Quare
2688 1303 2904 1362 statmo,
2937 1296 3051 1352 sive
3078 1298 3298 1366 plumbo
3325 1303 3604 1363 Christum

2015 1387 2297 1447 comparat
2355 1389 2413 1434 ut
2465 1381 2862 1453 abstergentem
2922 1388 3136 1454 sordes,
3181 1402 3238 1444 ut
3265 1395 3602 1454 auferentem

2015 1483 2374 1537 supervacua,
2437 1482 2497 1527 ut
2534 1485 2849 1554 purgantem
2897 1481 3194 1536 secundum
3249 1484 3600 1550 intellectum.

2016 1562 2172 1618 Unde
2223 1564 2268 1619 si
2325 1566 2448 1636 quis
2501 1567 2879 1639 interjectione
2937 1576 3236 1633 mediorum
3302 1591 3604 1654 temporum

2015 1654 2150 1707 nihil
2176 1653 2338 1710 luerit
2364 1661 2741 1728 conturbatus,
2775 1673 2827 1718 et
2850 1679 2949 1734 pro
2976 1669 3146 1725 nihilo
3174 1674 3385 1732 duxerit
3407 1692 3601 1748 parvos

2015 1746 2129 1801 dies
2164 1747 2581 1817 intercedentes,
2611 1755 2864 1824 gaudebit
2914 1777 2934 1811 ι
2993 1772 3047 1816 et
3099 1766 3302 1822 videbit
3365 1746 3595 1842 lapidem

2015 1849 2302 1895 stanneum
2337 1843 2392 1897 in
2424 1859 2586 1898 manu
2627 1845 2948 1906 Zorobabel.
2991 1871 3010 1906 ι
3047 1855 3184 1923 Quid
3224 1875 3352 1917 vero
3389 1877 3491 1932 est,
3545 1871 3600 1924 in

2017 1944 2182 1983 manu
2255 1928 2610 1989 Zorobabel?
2678 1937 2947 1998 Divinitus
2993 1944 3256 2016 inspirata
3316 1928 3601 2026 Scriptura

2015 2037 2233 2076 manum
2267 2025 2464 2096 accipit
2497 2034 2551 2080 et
2581 2043 2681 2098 pro
2721 2032 2942 2101 virtute,
2986 2047 3039 2093 et
3067 2056 3165 2110 pro
3218 2025 3506 2113 potestate.
3543 2053 3600 2109 In

2013 2111 2215 2167 virtute
2235 2115 2421 2184 igitur,
2458 2119 2574 2175 sive
2609 2121 2774 2177 etiam
2823 2125 2876 2179 in
2923 2139 3192 2197 potestate
3220 2111 3601 2199 _Zorobabelis

2011 2205 2216 2262 videbit
2245 2207 2478 2278 lapidem
2505 2223 2814 2283 stanneum,
2841 2219 2942 2276 hoc
2985 2232 3089 2289 est,
3137 2225 3434 2287 Christum.
3487 2233 3599 2291 Zo~

2013 2299 2230 2355 robabel
2261 2303 2483 2373 etenim,
2510 2315 2572 2361 ut
2595 2309 2728 2374 dixi,
2754 2311 2821 2367 de
2858 2314 3002 2370 tribu
3047 2315 3186 2373 Juda
3213 2334 3394 2388 natus,
3426 2325 3600 2384 Israe-

2011 2389 2045 2444 li
2068 2392 2307 2460 prwfuit.
2339 2393 2407 2450 Et
2427 2396 2678 2456 Christus
2706 2417 2922 2474 quoque
2948 2412 3197 2479 regnavit
3217 2429 3381 2486 super
3405 2419 3595 2487 Israel,

2014 2496 2120 2537 non
2159 2499 2311 2540 more
2343 2499 2554 2557 nostro,
2586 2493 2700 2549 sive
2737 2495 3210 2573 circumscriptum
3251 2516 3306 2562 et
3355 2518 3599 2582 tempore

2010 2585 2161 2632 certo
2193 2579 2475 2636 deﬁnitum
2508 2600 2735 2656 regnum
2795 2599 2986 2649 tenens
3018 2599 3148 2653 :sed
3173 2609 3230 2654 ut
3279 2617 3407 2659 vere
3455 2579 3598 2664 Deus

2007 2669 2076 2724 ad
2103 2669 2316 2728 inﬁnita
2351 2675 2552 2731 saecula
2587 2693 2650 2735 se
2699 2683 3008 2755 porrigens,
3071 2701 3364 2750 attestante
3435 2699 3596 2756 beato

2007 2761 2262 2821 Gabriele
2291 2781 2354 2822 ac
2387 2767 2562 2825 beatae
2591 2771 2796 2843 Virgini
2825 2776 2890 2831 de
2928 2792 2994 2834 eo
3025 2780 3258 2851 dicente,
3293 2787 3594 2856 parituram

2009 2856 2214 2925 lilium,
2245 2870 2301 2916 et
2349 2875 2665 2921 vocaturam
2703 2883 2900 2925 non‘ien
2952 2873 3072 2943 ejus
3098 2873 3308 2933 Jesum.
3342 2899 3362 2932 ι
3406 2884 3592 2954 Addit,

2012 2951 2320 3044 «daturum
2365 2954 2439 3010 illi
2472 2955 2761 3030 Dominum
2793 2961 2958 3018 Deum
2997 2967 3182 3023 sedem
3221 2969 3387 3027 David
3420 2951 3592 3044 patris

2005 3042 2144 3112 ejus,
2174 3053 2231 3100 et
2256 3056 2604 3117 regnaturum
2631 3066 2795 3123 super
2833 3055 3050 3112 domum
3088 3059 3252 3116 lsrael
3303 3064 3355 3118 in
3389 3042 3594 3138 seinpi-

2009 3145 2242 3203 ternum,
2273 3148 2328 3194 et
2364 3142 2514 3211 regni
2544 3144 2661 3214 ejus
2684 3161 2790 3201 non
2843 3145 2962 3203 fore
2999 3151 3164 3208 linem
3194 3155 3260 3210 δι.
3290 3174 3310 3209 ι
3350 3159 3403 3213 ln
3429 3175 3594 3217 manu

291 3245 436 3310 θῶς,
473 3247 556 3308 εἰς
580 3246 927 3316 ἀπεράντους
961 3243 1167 3308 αἰῶνας
1191 3241 1600 3314 ἐκτεινομένην·
1639 3241 1734 3296 καὶ
1763 3258 1903 3312 μαρ-

2010 3243 2142 3299 ergo
2168 3228 2493 3300 Zorobabel,
2529 3235 2633 3292 hoc
2662 3247 2746 3294 est
2789 3239 2843 3293 in
2873 3240 3072 3298 virtute
3105 3255 3159 3300 et
3187 3255 3457 3317 potestate
3499 3251 3598 3308 Ζοο

286 3339 537 3408 τυρήσει
571 3337 747 3406 λέγων
771 3338 801 3390 6
832 3335 1104 3408 μακάριος
1126 3335 1366 3407 Γαϐριὴλ
1392 3337 1456 3405 τῇ
1487 3333 1618 3403 ἁγία
1640 3333 1904 3405 Παρθένῳ

293 3432 436 3502 περὶ
467 3429 662 3494 αὐτοῦ,
693 3429 777 3482 ὅτι
802 3429 1018 3494 τέξεται
1049 3429 1186 3496 υἱὸν,
1227 3429 1321 3484 καὶ
1367 3427 1588 3482 καλέσει
1631 3427 1693 3480 τὸ
1731 3427 1905 3498 ὄνομα

291 3519 473 3576 αὐτοῦ
530 3520 764 3592 Ἰησοῦν.
816 3522 1169 3594 Προσεπάγει
1243 3520 1335 3589 δὲ,
1387 3521 1468 3574 ὅτι
1524 3539 1542 3571 ι
1580 3521 1689 3572 Καὶ
1742 3519 1904 3572 δώσει

293 3611 457 3682 αύτῷ
497 3612 704 3682 Κύριος
747 3613 778 3666 6
826 3610 960 3675 Θεὸς
991 3611 1083 3664 τὸν
1129 3611 1321 3684 θρόνον
1349 3609 1517 3664 Δαϐὶδ
1564 3609 1660 3664 τοῦ
1692 3609 1902 3681 πατρὸς

292 3704 496 3772 αὑτοῦ,
531 3705 625 3757 καὶ
651 3702 962 3774 βασιλεύσει
993 3703 1086 3756 ἐπὶ
1119 3703 1210 3757 τὸν
1239 3697 1389 3757 οἷκον
1428 3703 1647 3776 Ἰσραὴλ
1671 3703 1752 3766 εἰς
1781 3704 1904 3768 τοὺς

294 3798 532 3865 αἰῶνας,
559 3799 656 3852 καὶ
688 3797 790 3867 τῆς
825 3797 1104 3868 βασιλείας
1132 3797 1299 3852 αὑτοῦ
1331 3799 1432 3851 οὐκ
1473 3797 1626 3851 ἕσται
1664 3797 1836 3861 τέλος.
1879 3816 1897 3848 ι

308 3893 403 3944 Ἐν
430 3891 578 3962 χειρὶ
605 3891 671 3963 δὴ
694 3886 790 3945 οῦν
819 3890 1148 3963 Ζοροϐάϐελ,
1165 3891 1559 3956 τουτέστιν,ὼς
1587 3893 1646 3945 ἐν
1673 3892 1903 3962 δυνάμει

293 4006 358 4042 τε
407 3989 505 4041 καὶ
547 3988 768 4059 ἐξουσίᾳ
810 3988 878 4058 τῇ
928 3985 1023 4039 τοῦ
1068 3985 1376 4057 Ζοροϐάϐελ
1419 3985 1718 4057 ὀφθήσεται
1759 3985 1902 4040 κατὰ

295 4083 538 4151 καιροὺς
564 4082 595 4134 6
622 4079 770 4143 λίθος
802 4081 831 4134 6
862 4078 1260 4150 κασσιτέρινος.
1289 4079 1570 4150 Ἐπιφέρει
1602 4079 1659 4132 δὲ
1691 4079 1902 4144 τούτοις

294 4173 466 4235 εὐθὺς
499 4172 602 4241 τῆς
631 4170 976 4242 προφητείας
1009 4171 1038 4222 6
1059 4169 1219 4238 λόγος
1238 4186 1253 4200 ο
1279 4189 1298 4221 ι
1321 4169 1493 4222 Ἑπτὰ
1521 4164 1667 4224 οῦτοι
1698 4171 1902 4239 ὀφθαλ-

301 4266 396 4335 μοὶ
437 4263 654 4335 Κυρίου
695 4263 870 4329 εἰσιν,
911 4265 962 4316 οἱ
1005 4263 1394 4327 ἐπιϐλέποντες
1440 4264 1533 4316 ἐπὶ
1577 4265 1758 4317 πᾶσαν
1801 4265 1902 4337 τὴν

297 4368 426 4436 γῆν.
467 4383 485 4416 ι
521 4365 634 4419 Καὶ
667 4363 816 4427 τίνες
855 4362 922 4417 ἂν
956 4359 1068 4416 εἷεν
1112 4355 1259 4415 οὗτοι
1299 4360 1497 4425 πάλιν;
1529 4361 1602 4431 Ἢ
1630 4361 1740 4433 γάρ
1775 4363 1902 4425 τοὺς

294 4456 444 4510 ἑπτὰ
473 4454 726 4524 λύχνους,
757 4452 854 4517 οὓς
879 4451 1136 4507 τεθέαται
1166 4453 1226 4504 ἐν
1254 4449 1332 4520 τῷ
1349 4449 1664 4520 λαμπαδίῳ,
1695 4448 1897 4520 κέκλη-

297 4568 394 4603 κεν
441 4546 764 4618 ὀφθαλμοὺς
790 4545 1020 4615 Κυρίου,
1063 4544 1155 4598 ἴνα
1196 4542 1411 4614 νοῶμεν
1439 4543 1564 4608 τοὺς
1591 4541 1800 4610 ἁγίους,
1833 4541 1900 4595 δι’

292 4638 373 4697 ὧν
404 4643 439 4712 ὴ
482 4640 754 4711 σύμπασα
796 4637 1242 4707 καταφωτίζεται
1294 4635 1402 4706 γῆ,
1455 4635 1550 4687 καὶ
1593 4635 1900 4703 ἐπισκοπῆς

295 4735 600 4800 ἀξιωθεῖσα
635 4731 888 4801 φαίνεται
934 4731 1046 4793 τοῖς
1095 4728 1251 4800 παρὰ
1293 4726 1464 4781 Θεοῦ·
1500 4727 1671 4798 ἡγουν
1701 4729 1899 4788 ἐκεῖνο,

294 4823 458 4898 οἶμαί
484 4843 614 4891 που,
644 4822 1088 4894 κατασημαίνειν
1117 4821 1371 4892 ἐροῦμεν,
1399 4819 1474 4884 ὡς
1503 4820 1605 4874 οὐκ
1631 4819 1900 4890 ἀμελήσει

292 4917 406 4970 τῶν
444 4915 595 4968 ἰδίων
637 4913 958 4982 κτισμάτων
987 4913 1016 4965 ὁ
1051 4909 1160 4963 τῶν
1203 4911 1341 4964 ὅλων
1374 4909 1508 4972 Θεὸς
1547 4910 1641 4963 καὶ
1670 4910 1861 4979 Πατήρ
1883 4925 1896 4937 ·

292 5007 416 5063 ἀλλ’
465 4999 583 5059 οἷον
624 5003 844 5068 πολλοῖς
885 5020 946 5056 τε
983 5003 1076 5056 καὶ
1110 5003 1340 5065 ἁῢπνοις
1374 5002 1590 5074 ὄμμασι
1619 5000 1686 5054 τὰ
1719 5001 1899 5054 πάντα

294 5098 648 5172 περιαθρῶν,
683 5098 959 5168 χαριεῖται
979 5099 1092 5160 τοῖς
1119 5096 1212 5148 ἐπὶ
1246 5095 1346 5166 τῆς
1378 5095 1482 5164 γῆς
1502 5095 1595 5148 τὸν
1626 5093 1772 5147 λίθον
1802 5093 1896 5146 τὸν

293 5190 716 5259 κασσιτέρινον,
759 5187 1026 5251 τουτέστι,
1067 5187 1334 5258 Χριστὸν,
1377 5186 1443 5239 δι’
1475 5182 1536 5240 οῦ
1567 5187 1762 5256 γέγονε
1801 5185 1897 5238 καὶ

293 5285 376 5348 είς
407 5282 565 5352 ἡμᾶς
595 5281 625 5333 6
656 5279 759 5350 τῆς
795 5279 1186 5348 κατασκέψεως
1207 5319 1221 5343 ,
1271 5274 1372 5331 εἴτ’
1413 5275 1507 5332 οὖν
1555 5279 1896 5349 ἐπισκέψεως

291 5376 523 5446 τρόπος.
557 5393 574 5425 ι
601 5372 976 5442 Ἐπεσκέψατο
993 5373 1103 5443 γὰρ
1129 5373 1277 5443 ἡμᾶς
1307 5371 1564 5444 Ἀνατολὴ
1580 5373 1640 5437 ἐξ
1655 5373 1845 5443 ὕψους,
1873 5393 1892 5425 ι

292 5465 443 5523 κατὰ
502 5466 566 5520 τὸ
635 5465 1048 5535 γεγραμμένον.
1113 5465 1224 5518 Καὶ
1291 5465 1450 5534 εἴπερ
1511 5465 1678 5535 ἐσμὲν
1741 5465 1899 5536 σῶμα

291 5556 564 5630 Χριστοῦ,
614 5559 711 5609 καὶ
763 5555 899 5626 μέλη
949 5557 1014 5608 ἐκ
1061 5557 1291 5626 μέρους,
1321 5555 1476 5608 οὐδὲν
1509 5552 1662 5626 οἶμαι
1697 5557 1757 5609 τὸ
1791 5559 1899 5611 άπ-

289 5651 468 5717 εικὸς,
503 5651 564 5703 ἐν
597 5648 897 5719 ὀφθαλμῶν
922 5648 1071 5712 τάξει
1113 5649 1240 5712 τοὺς
1273 5648 1460 5717 ἁγίους
1498 5651 1896 5719 μυσταγωγοὺς

356 5826 406 5859 n.-
453 5824 563 5885 job
599 5842 711 5892 xu,
762 5824 845 5878 15.
925 5826 971 5856 ⁵ο
1010 5825 1211 5879 Jcrcm.
1257 5843 1330 5890 γι,
1371 5826 1460 5880 9.9.

652 5921 943 5983 Pnaon
995 5925 1110 5983 (in.
1163 5925 1261 5985 ΕΛΖ
1283 5927 1322 5985 .‘f
1343 5926 1412 5986 ll.

1583 5825 1619 5858 ιε
1662 5826 1792 5882 L-u'.
1838 5845 1878 5892 ι,
1919 5828 2009 5897 5t,
2053 5830 2142 5884 τι.

2010 3322 2305 3388 rohabelis,
2353 3325 2624 3382 videbitur
2669 3329 2957 3400 aliquando
2994 3335 3131 3407 lapis
3187 3339 3277 3394 ille
3307 3353 3590 3400 stanneus.

2007 3415 2263 3472 Annectit
2293 3421 2539 3487 protinus
2574 3422 2658 3477 his
2681 3426 3028 3494 pr0pheticus
3059 3444 3239 3487 sermo
3272 3449 3285 3486 :
3311 3452 3331 3486 ι
3371 3433 3591 3506 Septem

2009 3509 2064 3564 hi
2099 3511 2241 3567 oculi
2267 3514 2478 3570 Domini
2506 3524 2632 3571 sunt
2658 3519 3012 3589 reSpicientes
3046 3541 3212 3594 super
3233 3543 3448 3584 onmem
3483 3541 3596 3587 ter—

2009 3617 2148 3657 ram.
2182 3622 2201 3654 ι
2246 3603 2476 3671 Quinam
2508 3609 2596 3663 isti
2627 3611 2767 3665 oculi
2799 3612 2821 3664 ?
2850 3613 3014 3685 692
3051 3619 3157 3672 Aut
3201 3621 3344 3675 enim
3386 3633 3592 3694 septem

2009 3693 2262 3751 lucernas
2294 3713 2430 3767 quas
2460 3699 2592 3754 vidit
2634 3703 2699 3756 ad
2744 3703 3068 3774 lampadem,
3124 3713 3343 3766 vocavit
3404 3693 3596 3772 oculos

2007 3784 2244 3852 Domini,
2274 3798 2332 3842 ut
2357 3790 2718 3862 intelligamus
2744 3804 2986 3864 sanctos,
3021 3815 3118 3867 per
3145 3816 3282 3871 quos
3339 3805 3593 3864 universa

2009 3887 2154 3934 terra
2186 3880 2539 3950 illuminatur,
2578 3893 2631 3939 et
2662 3886 2842 3941 divina
2880 3887 3192 3947 visitatione
3224 3894 3443 3964 dignata
3469 3915 3592 3954 cer-

2007 3975 2156 4029 nitur
2185 3994 2197 4030 :
2227 3986 2321 4030 aut
2351 3988 2499 4032 certe
2534 3978 2684 4046 illud,
2719 3981 2932 4052 opinor,
2972 3984 3279 4054 signiﬁcare
3324 3990 3591 4058 dicemus,

2007 4066 2174 4122 Deum
2203 4079 2259 4122 et
2291 4067 2507 4124 Patrem
2561 4072 2936 4128 universorum
2996 4083 3278 4136 creaturas
3321 4096 3448 4138 suas
3483 4100 3592 4141 non

2007 4160 2402 4229 neglecturum,
2435 4163 2530 4217 sed
2573 4171 2832 4233 tanquam
2886 4169 3075 4224 multis
3121 4179 3176 4226 et
3237 4187 3455 4244 seraper
3511 4179 3593 4232 vi-

2005 4253 2204 4322 gilibus
2247 4254 2422 4309 oculis
2453 4256 2637 4311 omnia
2665 4258 3224 4329 circumspicientem,
3260 4265 3590 4324 donaturum

2009 4347 2323 4403 mortalibus
2360 4348 2594 4418 lapidem
2643 4361 2950 4417 stanneum,
3008 4354 3111 4411 hoc
3144 4367 3230 4412 est
3290 4357 3586 4429 Christum,

2007 4452 2102 4508 per
2136 4454 2294 4509 quem
2336 4449 2391 4494 et
2436 4455 2534 4497 nos
2563 4441 2824 4509 visitavit,
2852 4443 2967 4501 sive
3007 4449 3264 4517 respexit.
3286 4469 3304 4502 ι
3345 4451 3594 4509 Visitavit

2007 4531 2150 4586 enim
2171 4547 2269 4588 nos
2289 4531 2485 4589 Oriens
2516 4549 2584 4588 ex
2613 4534 2741 4602 alto,
2769 4555 2788 4589 ι
2824 4544 2884 4592 ut
2903 4539 3167 4610 scriptum
3182 4553 3266 4598 est
3281 4543 3346 4596 ⁸¹.
3369 4543 3438 4599 Ει
3457 4561 3594 4617 quo-

2007 4623 2152 4678 niam
2181 4640 2368 4681 sumus
2397 4641 2594 4698 corpus
2620 4629 2846 4696 Christi,
2888 4644 2944 4687 et
3002 4634 3242 4689 membra
3301 4636 3369 4692 de
3391 4653 3591 4697 _mem-

2009 4714 2106 4769 bro
2144 4714 2213 4782 ⁸³,
2248 4731 2352 4771 non
2399 4719 2638 4775 arbitror
2668 4721 3039 4790 improbabile.
3077 4725 3122 4780 si
3152 4734 3373 4781 sanctos
3405 4744 3587 4784 rerum

2008 4807 2311 4862 divinarum
2352 4810 2625 4876 doctores,
2657 4821 2716 4866 ut
2753 4813 2875 4868 aliis
2919 4815 3336 4873 excellentiores
3382 4831 3437 4874 et
3498 4835 3594 4875 su-

2007 4899 2311 4968 blimiores,
2341 4904 2530 4960 oculos
2562 4907 2886 4976 appellatos,
2923 4917 2979 4963 et
3007 4922 3066 4964 ut
3095 4925 3196 4981 ego
3221 4914 3422 4981 sentio,
3449 4915 3591 4980 hanc

2005 4993 2074 5047 ob
2130 5008 2349 5050 causam
2407 4996 2569 5052 etiam
2608 4998 2894 5068 episcopos
2961 5001 3265 5058 nominatos
3324 5005 3588 5062 dicamus.

2007 5084 2331 5155 Speculatur
2374 5089 2559 5160 itaque
2622 5105 2718 5160 per
2774 5092 2898 5148 illos
2952 5093 3004 5148 in
3060 5095 3235 5165 ipsum
3305 5098 3591 5153 credentes

2005 5178 2266 5243 Dominus
2295 5190 2479 5237 noster
2502 5181 2659 5238 Jesus
2683 5181 2950 5241 Christus.
3006 5185 3232 5242 Demum
3283 5189 3420 5258 lapis
3441 5201 3592 5245 stan-

2006 5287 2142 5326 ueus
2197 5273 2304 5328 alio
2344 5289 2559 5344 quoque
2610 5276 2771 5332 modo
2821 5276 3075 5336 Christus
3120 5290 3296 5350 potest
3336 5283 3583 5352 intelligi.

2005 5365 2273 5421 Stannum
2292 5368 2436 5422 enim
2455 5368 2730 5440 disjuncta
2749 5370 3163 5442 conjungit,vim
3182 5373 3586 5445 conglutinandi

2004 5459 2233 5515 habens.
2256 5459 2409 5516 Fecit
2445 5463 2699 5532 quiddam
2731 5465 2834 5520 tale
2869 5475 2924 5520 et
2961 5467 3118 5521 nobis
3177 5464 3448 5532 Christus,
3514 5467 3590 5519 si—

2003 5555 2223 5624 quidem
2262 5573 2448 5611 verum
2476 5567 2579 5624 est,
2615 5573 2738 5613 eum
2778 5560 2830 5613 in
2864 5575 3027 5614 unum
3079 5573 3272 5613 novum
3307 5557 3584 5613 hominem

2004 5647 2138 5702 duos
2178 5647 2405 5719 populos
2472 5650 2800 5717 condidisse,
2845 5670 2863 5703 ι
2919 5649 3207 5707 facientem
3267 5667 3477 5722 pacem,
3531 5662 3590 5707 et

2257 5831 2301 5862 ⁵³
2345 5831 2470 5884 Luc.
2519 5849 2555 5898 ι,
2599 5830 2684 5884 78.
2726 5895 2735 5904 _
2802 5831 2846 5862 ⁵³
2890 5832 2908 5884 l
2949 5832 3072 5887 Cor.
3119 5849 3218 5900 xu,
3257 5835 3348 5890 ‘27.

3157 5931 3191 5989 3
