4130 6470
574 330 649 386 75
1573 322 1630 377 S.
1673 319 1956 389 CYRILLI
1993 320 2469 378 ALEXANDRINI
2508 321 2834 379 ARCHIEP'
3789 327 3857 384 76

583 437 1021 499 reconcilisutem
1053 439 1106 494 in
1152 453 1259 494 uno
1304 452 1533 509 corpore
1580 440 1768 495 ambos
1794 440 1847 494 in
1910 439 2161 494 unitatem

2275 437 2549 493 τεθεῖσθαι
2586 440 2803 510 λέγειν,
2858 438 2934 504 ὡς
2984 440 3093 494 τῶν
3140 440 3319 495 ἄλλων
3382 439 3723 513 προῦχοντας
3760 445 3860 499 καὶ
3969 484 3976 492 ι

578 550 678 606 per
704 534 954 603 spiritum
982 530 1051 586 “.
1094 549 1114 583 ι
1137 528 1294 588 Unde
1334 529 1469 601 lapis
1496 546 1740 586 summus
1765 530 2040 601 angularia
2077 539 2159 585 est

579 636 942 696 nuncupatus,
975 631 1307 679 connectens
1336 623 1403 677 ad
1435 622 1701 678 unitatem
1742 623 1876 678 duos
1915 621 2159 693 populos,

578 728 638 773 ut
669 718 801 773 dixi.
827 715 1110 787 Copulavit
1139 716 1265 770 item
1297 715 1515 781 angelos
1538 715 1590 769 in
1645 725 1790 770 terra
1805 717 2158 786 degentibus:

578 824 680 867 nos
702 812 849 879 ipsos
896 824 1110 880 quoque
1133 822 1230 878 per
1256 822 1314 861 se
1362 807 1473 862 Deo
1498 816 1553 862 et
1620 806 1765 862 Patri
1802 809 2162 875 consociavit,

2269 532 2699 603 ύπερκειμένους
2729 574 2745 601 ,
2791 532 3049 605 ταύτῃτοι
3096 535 3194 588 καλ⁵
3259 534 3592 598 ἐπισκόπους
3642 534 3858 606 ὠνομα-
3902 566 3903 569 η

2269 640 2337 695 σμ
2377 641 2525 691 νους,
2552 624 2804 695 καθάπερ
2841 619 3078 697 ἐγῷμαι.
3101 625 3561 680 Κατασκέπτεται
3585 626 3644 680 δὲ
3669 626 3736 679 δι’
3755 627 3857 681 αὐ-

2267 715 2379 768 τῶν
2420 716 2547 780 τοὺς
2602 717 2683 779 είς
2731 716 2897 770 αὐτὸν
2947 717 3310 781 πιστεύοντας
3358 720 3387 771 6
3431 718 3637 790 Κύριος
3699 718 3858 789 ἡμῶν

2283 806 2492 877 Ἰησοῦς
2542 809 2800 878 Χριστός.
2854 809 3018 874 Λίθος
3060 827 3125 879 γε
3173 811 3282 883 μὴν
3320 811 3727 884 κασσιτέρινος,
3763 811 3858 864 καὶ

580 902 854 956 destructo
876 911 1115 970 peccato,
1147 898 1290 968 quod
1335 897 1711 969 interiacebat,
1731 909 1788 954 et
1830 915 1929 956 ceu
1979 915 2161 955 murus

2270 898 2393 953 καθ’
2432 899 2618 970 ἕτερον
2651 899 2718 954 ἂν
2751 902 2923 954 νοοῖτο
2954 900 3159 973 τρόπον
3186 903 3215 956 6
3242 903 3499 974 Χριστός.
3539 902 3600 956 '0
3628 902 3738 973 γάρ
3774 918 3858 955 τοι

578 1009 680 1049 nos
717 995 785 1048 ab
810 1009 875 1048 eo
905 992 1235 1047 secludebat.

2272 993 2601 1063 κασσίτερος
2659 993 2923 1047 συνάπτει
2980 994 3118 1065 πρὸς
3164 993 3362 1049 ἕνωσιν
3415 994 3487 1049 τὰ
3532 993 3858 1068 διῃρημένα,

577 1086 902 1156 κολλητικὴν
934 1084 1074 1156 ἔχων
1102 1086 1204 1156 τὴν
1231 1083 1413 1153 φύσιν.
1450 1084 1707 1157 Πέπραχε
1742 1085 1800 1138 δέ
1829 1103 1883 1139 τι
1913 1084 2156 1140 τοιοῦτον
2194 1085 2289 1140 καὶ
2311 1088 2391 1151 είς
2448 1088 2596 1157 ἡμᾶς
2633 1088 2664 1139 6
2702 1086 2961 1155 Χριστὸς,
3033 1088 3194 1160 εἴπερ
3237 1089 3388 1143 ἐστὶν
3417 1089 3639 1160 ἀληθὲς,
3667 1090 3744 1154 ὠς
3775 1090 3856 1154 είς
3892 1160 3915 1171 _

577 1181 670 1236 ἕνα
702 1183 888 1236 καινὸν
918 1182 1205 1253 ἄνθρωπον
1240 1183 1365 1244 τοὺς
1398 1181 1491 1233 δύο
1528 1181 1704 1247 κτίζει
1731 1181 1917 1246 λαοὺς,
1945 1201 1962 1233 ι
2013 1180 2191 1235 Ilo:th
2264 1181 2514 1251 εἰρήνην,
2547 1179 2644 1233 καὶ
2675 1180 3184 1235 ἀποκαταλλάσσων
3231 1184 3291 1235 ἐν
3337 1182 3418 1237 ἐνῐ
3470 1181 3689 1253 σώματι
3728 1181 3861 1247 τοὺς

574 1275 938 1348 ἀμφοτέρους,
968 1276 1049 1338 είς
1088 1275 1187 1346 τὴν
1217 1274 1309 1328 διὰ
1369 1273 1677 1344 πνεύματος
1740 1273 1956 1327 ἕνωσιν.
1996 1293 2014 1325 ι
2059 1273 2221 1328 Ὅθεν
2261 1274 2358 1328 καὶ
2423 1273 2571 1336 λίθος
2622 1274 3021 1345 ἀκρογωνιαῖος
3074 1275 3430 1345 ὠνόμασται,
3483 1275 3722 1329 συνδέων
3777 1277 3862 1340 είς

575 1375 768 1430 ἕνωσιν
808 1373 935 1436 τοὺς
990 1370 1083 1424 δύο
1129 1372 1309 1434 λαοὺς,
1362 1371 1438 1434 ὼς
1484 1369 1637 1441 ἔφην.
1691 1369 1904 1441 Συνῆψε
1956 1370 2015 1422 δὲ
2064 1372 2158 1423 καὶ
2225 1368 2480 1439 ἀγγέλοις
2512 1370 2641 1432 τοὺς
2666 1368 2760 1422 ἐπὶ
2789 1368 2888 1439 τῆς
2915 1369 3052 1441 γῆς·
3084 1370 3223 1426 ἀλλὰ
3296 1372 3390 1425 καὶ
3420 1372 3569 1441 ἡμᾶς
3593 1371 3659 1424 δι’
3692 1370 3864 1441 αὐτοῦ

574 1467 653 1538 τῷ
685 1466 803 1537 Θεῷ
833 1466 925 1518 καὶ
954 1464 1148 1533 Πατρὶ,
1178 1465 1277 1534 τὴν
1308 1463 1513 1534 μεταξὺ
1545 1462 1808 1534 κειμένην
1851 1464 1944 1516 καὶ
1977 1462 2149 1517 πάλαι
2189 1462 2625 1534 διατειχίζουσαν
2663 1462 2911 1517 καθελὼν
2948 1463 3243 1536 ἁμαρτίαν.

649 1560 812 1615 Vens.
850 1558 972 1611 II—I
988 1557 1037 1614 4.
1061 1555 1128 1609 Et
1165 1556 1427 1625 respondi,
1456 1566 1501 1608 et
1543 1556 1657 1608 dixi
1703 1555 1770 1608 ad
1813 1571 1973 1609 eum:
2016 1554 2155 1620 Quid

2337 1556 2448 1609 Kal
2500 1555 2859 1623 ἀπεκρίθην,
2898 1554 2999 1609 καὶ
3046 1555 3184 1609 εἶπα
3240 1554 3391 1625 πρὸς
3430 1555 3653 1609 αὐτόν’
3699 1556 3762 1610 Τί
3803 1558 3864 1610 αι

572 1655 697 1706 dure
729 1652 899 1709 olim.
922 1636 1044 1718 qua
1069 1664 1101 1701 α
1131 1648 1329 1701 dextris
1359 1645 1665 1699 candelabri
1702 1656 1748 1700 et
1793 1664 1823 1699 α
1871 1648 2100 1701 sinistris
2126 1646 2152 1700 9

2263 1645 2374 1699 δύο
2405 1645 2602 1700 ἐλαῖαι
2633 1641 2831 1711 αὗται,
2861 1650 2920 1701 al
2952 1647 3020 1701 ἐκ
3054 1645 3270 1711 δεξιῶν
3296 1645 3406 1715 τῆς
3448 1647 3727 1716 λυχνίας,
3760 1646 3863 1702 καὶ

577 1742 644 1797 Ει
682 1740 994 1809 interrogaui
1019 1740 1269 1802 secundo,
1303 1749 1350 1791 et
1373 1738 1486 1790 dixi
1520 1738 1588 1790 ad
1612 1753 1728 1790 eum
1752 1751 1772 1790 :
1805 1738 1944 1802 Quid
1967 1738 2021 1791 hi
2050 1740 2156 1791 duo

2262 1738 2331 1809 ἐξ
2367 1738 2720 1806 εὐωνύμων;
2758 1738 2870 1792 Kal
2911 1737 3274 1806 ἐπηρώτησα
3313 1736 3725 1808 ἐκ.δευτέρσυ,
3760 1739 3864 1793 καὶ

577 1836 712 1888 rami
738 1834 1014 1898 olivarum,
1046 1831 1135 1901 qui
1169 1831 1223 1882 in
1261 1828 1501 1883 manibus
1538 1830 1767 1882 duarum
1801 1831 2011 1882 narium
2057 1846 2156 1882 an-

576 1942 804 1991 rcarum,
836 1923 1225 1992 infundentium
1269 1932 1315 1976 et
1342 1921 1716 1976 retrahendum
1753 1921 2017 1991 infusoria
2053 1937 2155 1975 au—

575 2019 716 2072 rea?
752 2017 815 2071 Et
847 2016 982 2069 dixit
1027 2014 1095 2068 ad
1125 2030 1240 2069 me:
1275 2012 1397 2067 Non
1434 2014 1536 2067 scis
1567 2014 1694 2083 quid
1730 2022 1850 2067 sunt
1892 2013 2048 2067 lucc?
2088 2011 2159 2066 Et

574 2111 732 2164 dixi:
783 2109 1153 2179 Nequaquam,
1205 2105 1444 2159 Domine.
1489 2103 1557 2158 Et
1596 2106 1717 2158 ait:
1765 2103 1865 2157 Isti
1918 2106 2024 2157 duo
2058 2105 2158 2172 ﬁlii

573 2202 905 2274 pinguedinis
938 2203 1217 2254 astiterunt
1247 2198 1471 2252 Domino
1507 2198 1676 2253 omnis
1711 2207 1883 2251 (erra'.

654 2461 889 2519 XXVIII.
949 2462 1179 2515 Animus
1227 2467 1541 2514 sanctorum
1581 2459 1822 2515 discendi
1866 2462 2155 2530 cupidissi-

578 2569 699 2610 mus
727 2563 833 2609 est.
865 2552 1098 2607 Proinde
1130 2552 1262 2606 nihil
1298 2553 1351 2606 in
1395 2551 1605 2607 visione
1643 2563 1988 2607 ostensurum
2030 2568 2157 2622 prn-

576 2648 738 2718 plteta
763 2644 1148 2711 prmtermittit,
1177 2655 1234 2700 et
1269 2644 1602 2715 perlibenter
1630 2646 1959 2710 sciscitatur,
2004 2656 2059 2700 et
2086 2649 2157 2702 de

577 2739 809 2808 singulis
837 2737 1081 2792 exactius
1107 2737 1350 2807 inquirit,
1378 2739 1636 2808 quidnam
1669 2739 1957 2809 signiﬁcati
2000 2754 2153 2794 com-

573 2829 904 2900 plectantur.
937 2828 1240 2896 Oportebat
1274 2828 1436 2898 igitur
1484 2830 1558 2883 ita
1601 2831 1844 2898 poscenti
1893 2844 2027 2886 voce
2054 2847 2155 2886 an-

573 2921 678 2992 geli
720 2920 1029 2985 declarari,
1068 2919 1222 2987 cujus
1265 2921 1343 2974 rei
1388 2921 1688 2989 symbolum
1730 2932 1937 2987 essent,
1969 2938 2091 2993 quae
2123 2937 2155 2978 ε

573 3013 783 3070 dextris
830 3024 888 3068 et
935 3012 1170 3066 sinistris
1198 3012 1363 3083 693
1406 3012 1669 3082 lampadis
1738 3014 1959 3071 stabant
1998 3016 2157 3070 olivae

2259 1827 2399 1884 εἶπα
2432 1828 2581 1897 πρὸς
2614 1831 2833 1883 αὐτόν’
2874 1830 2934 1883 Τί
2960 1833 3013 1883 ot
3041 1828 3153 1883 δύο
3193 1828 3411 1883 κλάδοι
3453 1828 3575 1883 τῶν
3611 1829 3861 1891 ἐλαιῶν.

2214 1944 2223 1957 ε
2259 1922 2314 1975 oi
2347 1920 2419 1973 ἐν
2462 1919 2593 1987 ταῖς
2635 1920 2810 1991 χερσὶ
2859 1920 2981 1975 τῶν
3007 1920 3117 1976 δύο
3157 1919 3532 1990 μυξωτήρων
3563 1920 3683 1975 τῶν
3714 1939 3867 1992 χρυ-

2258 2011 2415 2079 σῶν,
2470 2011 2590 2067 τῶν
2670 2014 3037 2084 ἐπιχεόντων
3111 2013 3213 2067 καὶ
3267 2013 3697 2084 ἐπαγαγόντων
3749 2016 3867 2082 τὰς

2257 2104 2700 2175 ἐπαρυστρίδας
2721 2105 2827 2171 τὰς
2852 2104 3127 2175 χρυσᾶς
3147 2104 3257 2160 Kal
3278 2101 3410 2160 εἷπε
3431 2107 3581 2174 πρός
3602 2123 3681 2176 με
3696 2124 3711 2138 ·
3737 2109 3865 2161 οὐκ

2259 2191 2426 2261 οἶδας
2459 2196 2517 2250 τί
2562 2196 2695 2250 ἐστι
2725 2186 2949 2260 ταῦτα;
2982 2195 3095 2252 Kal
3120 2192 3294 2251 eixa'
3325 2194 3495 2265 Οὐχὶ,
3521 2198 3724 2265 Κύριε.
3748 2195 3867 2252 Καὶ

2255 2282 2455 2341 εἶπεν·
2479 2282 2656 2343 Οὗτοι
2678 2292 2731 2343 ot
2752 2287 2864 2343 δύο
2880 2290 2997 2343 υἱοὶ
3011 2286 3121 2359 τῆς
3141 2289 3423 2357 πιότητος
3439 2288 3867 2359 παρεστήκασι

2258 2379 2454 2447 Κυρίῳ
2481 2378 2686 2448 πάσης
2731 2379 2843 2450 τῆς
2877 2380 3013 2450 τῆς·
3715 2398 3729 2407 ’

2330 2470 2464 2527 κη’.
2507 2471 2818 2546 Φιλομαθὴς
2847 2472 2987 2543 ἄγαν
3020 2474 3132 2529 τῶν
3177 2476 3351 2546 ἁγίων
3379 2480 3409 2532 6
3434 2476 3580 2542 νοῦς.
3622 2476 3868 2549 Τοιγάρ-

2256 2580 2339 2618 τοι
2372 2566 2605 2637 παρίησι
2642 2566 2738 2636 μὲν
2767 2569 2796 2620 6
2828 2568 3121 2641 προφήτης
3165 2570 3278 2625 τῶν
3324 2573 3383 2625 ἐν
3413 2574 3481 2642 τῇ
3527 2570 3718 2643 ὁράσει
3748 2570 3869 2624 δει-

2258 2657 2542 2726 κνυμένων
2579 2658 2756 2723 οὐδὲν,
2806 2659 3162 2728 φιλοπευστεῖ
3187 2662 3269 2729 δέ,
3306 2664 3401 2717 καὶ
3429 2662 3568 2728 λίαν,
3601 2663 3696 2717 καὶ
3726 2663 3869 2735 περὶ

2258 2748 2493 2802 ἑκάστου
2531 2748 2748 2813 λεπτῶς
2792 2751 3232 2807 ἀναπυνθάνεται
3280 2755 3375 2820 τὸ,
3405 2755 3459 2807 τί
3500 2753 3566 2811 ἂν
3615 2754 3870 2825 βούλοιτο

2255 2840 2472 2912 δηλοῦν.
2509 2842 2657 2895 Ἔδει
2703 2842 2881 2896 τοίνυν
2922 2842 3099 2908 οὓτως
3133 2844 3311 2916 ἔχοντι
3358 2844 3587 2918 γνώμης
3636 2846 3868 2921 διατρα-

2256 2933 2483 2987 νοῦσθαι
2529 2933 2620 2986 διά
2661 2934 2755 2987 τοῦ
2805 2934 2907 3005 τῆς
2941 2935 3178 3004 ἀγγέλου
3221 2937 3440 3008 φωνῆς,
3482 2938 3628 3004 τίνος
3659 2937 3731 2994 ἂν
3775 2943 3862 3010 εἴη

2261 3022 2533 3094 σύμϐολον
2565 3025 2599 3091 ἡ
2627 3027 2708 3089 είς
2741 3025 2916 3092 δεξιόν
2946 3044 3007 3080 τε
3050 3029 3148 3081 καὶ
3188 3028 3472 3102 εὐώνυμον
3503 3031 3603 3086 τοῦ
3634 3032 3864 3104 λαμπα-

574 3105 717 3161 duae.
747 3103 1025 3159 Curiosius
1056 3103 1241 3173 itaque
1275 3106 1514 3176 indagat,
1534 3106 1588 3159 εἰ
1619 3105 1830 3162 discere
1855 3107 2024 3176 cupit.
2061 3108 2155 3163 Vi-

2261 3113 2372 3168 δίου
2416 3114 2607 3179 στάσις
2657 3116 2765 3169 τῶν
2805 3117 3024 3173 ἐλαιῶν.
3073 3118 3343 3192 Ταύτῃτοι
3395 3103 3861 3193 περιεργάζεται,

556 3198 647 3255 -de
675 3208 880 3262 autem,
910 3196 1184 3267 quomodo
1226 3198 1423 3253 iterato
1475 3209 1848 3268 percontetur,
1887 3201 2156 3255 modum-

575 3306 683 3363 que
724 3290 1154 3361 percontatiouis
1210 3292 1278 3345 ad
1332 3291 1613 3346 veritatem
1655 3293 1813 3362 quasi
1880 3294 2153 3349 immolet.

570 3381 720 3438 Duas
748 3382 891 3437 enim
914 3381 1085 3435 olivas
1116 3382 1411 3437 nominavit
1444 3385 1496 3438 iu
1524 3385 1791 3455 principio
1825 3402 1839 3440 :
1874 3387 1968 3441 sed
2002 3402 2157 3442 men-

577 3476 648 3529 tis
674 3474 833 3531 oculo
860 3477 1072 3531 acutius
1117 3476 1228 3531 visa
1262 3475 1509 3540 intuitus,
1556 3492 1663 3531 non
1697 3479 1929 3547 amplius
1960 3479 2155 3545 olivas,

575 3566 668 3622 sed
705 3582 884 3622 ramos
905 3566 1174 3622 olivarum
1214 3568 1480 3621 nominat.
1510 3567 1660 3623 Scite
1689 3568 1874 3637 itaque
1910 3568 2150 3623 interro-

574 3654 722 3725 ganti
767 3655 1004 3724 explicat
1054 3672 1177 3711 mox
1232 3660 1420 3710 beatus
1480 3656 1730 3725 angelus,
1770 3666 1828 3711 et
1888 3658 1963 3711 ait
2010 3658 2159 3726 ipsos

574 3762 695 3802 esse
736 3748 872 3802 duos
931 3748 1074 3803 ﬁlios
1113 3750 1477 3819 pinguedinis,
1515 3758 1573 3803 ut
1620 3749 1889 3815 laetantes,
1939 3760 1996 3804 et
2038 3749 2159 3805 oleo

574 3837 775 3893 Christi
810 3840 862 3892 in
906 3840 1112 3894 deliciis
1140 3842 1402 3906 viventes,
1437 3850 1492 3895 et
1526 3842 1700 3911 gratia
1742 3842 1978 3911 Spiritus
2013 3842 2161 3897 alfa-

575 3932 670 3985 tim
697 3931 1129 4001 pinguescentes.
1161 3931 1590 3988 Misericordiam
1615 3934 1760 3988 enim
1796 3935 2155 3999 obtinuimus,

568 4022 848 4092 justiﬁcati
890 4024 1060 4092 graﬂs
1093 4040 1186 4093 per
1234 4025 1390 4081 Iidem
1422 4026 1490 4088 ⁸⁸,
1548 4036 1605 4080 et
1641 4037 1861 4096 propter
1898 4044 2160 4083 commu—

574 4115 792 4171 nionem
825 4117 999 4169 sancti
1037 4116 1274 4184 Spiritus
1299 4126 1579 4172 consortes
1611 4119 1807 4173 divinae
1836 4120 1954 4189 ejus
1988 4132 2160 4177 uatu-

573 4224 651 4263 τε
682 4208 857 4262 effecti
896 4207 963 4262 ".
1017 4206 1204 4277 Itaque
1261 4209 1313 4262 in
1374 4210 1494 4262 oleo
1539 4219 1596 4262 et
1654 4210 1891 4266 lucernis
1926 4213 2158 4268 duorum

577 4298 896 4368 populorum
956 4297 1201 4352 [nudatio
1243 4307 1298 4352 et
1347 4296 1659 4352 assistentia
1712 4300 2051 4370 intelligitur.
2100 4300 2160 4354 In

577 4390 781 4443 lumine
810 4390 955 4442 enim
990 4401 1076 4444 est
1114 4390 1328 4444 vacatio
1360 4403 1570 4456 nosua,
1609 4400 1660 4444 et
1692 4401 1749 4443 ut
1775 4391 1827 4444 in
1865 4393 1986 4469 oleo
2015 4392 2160 4461 quod

2259 3208 2354 3260 καὶ
2393 3206 2796 3277 ἀναμανθάνειν
2844 3208 3007 3276 ἀξιοῖ.
3056 3209 3248 3283 Ἀθρει
3295 3213 3353 3266 δὲ
3403 3214 3554 3278 ὅπως
3596 3214 3863 3286 δευτέραν

2258 3295 2455 3364 ἐπάγει
2478 3296 2577 3367 τὴν
2604 3298 2821 3361 πεῦσιν,
2846 3300 2938 3353 καὶ
2964 3301 3073 3372 μὴν
3101 3303 3196 3356 καὶ
3224 3303 3593 3374 μεταπλάττει
3627 3324 3751 3371 πως
3783 3310 3862 3373 είς

2258 3387 2320 3441 τὸ
2342 3389 2572 3462 ἀτρεκὲς
2602 3390 2693 3444 τὸν
2717 3390 2819 3462 τῆς
2849 3395 3175 3466 ἐρωτήσεως
3203 3398 3428 3468 τρόπον.
3464 3397 3569 3452 Δύο
3609 3399 3710 3470 μὲν
3749 3401 3863 3473 γὰρ

2259 3478 2447 3541 ἐλαίας
2488 3479 2772 3552 ὠνόμαζεν
2813 3485 2870 3536 ἐν
2896 3486 3092 3557 ἀρχαῖς
3112 3504 3125 3517 ·
3161 3487 3485 3561 λεπτότερον
3526 3489 3583 3545 δέ
3613 3509 3732 3555 πως
3762 3494 3862 3564 τῆς

2260 3570 2496 3635 διανοίας
2527 3574 2618 3626 τὸν
2649 3574 2930 3647 ὀφθαλμὸν
2956 3582 3068 3643 τοῖς
3104 3581 3403 3650 ὁρωμένοις
3434 3583 3623 3646 ἐνιεὶς,
3649 3586 3754 3638 οὐκ
3781 3585 3860 3638 ἔτι

2263 3662 2362 3733 μὲν
2406 3663 2627 3731 ἐλαίας,
2676 3665 2909 3731 κλάδους
2948 3669 3008 3724 δὲ
3051 3669 3251 3740 μᾶλλον
3302 3670 3592 3743 ὠνόμαζεν
3633 3672 3855 3729 ἐλαιῶν.

2272 3756 2549 3829 Ἐρομένῳ
2574 3758 2640 3828 δὴ
2667 3755 2761 3814 οὖν
2792 3761 3059 3831 εὐτέχνως
3097 3762 3457 3830 ἀποφαίνεται
3488 3763 3672 3818 λοιπὸν
3693 3769 3722 3820 6
3756 3784 3859 3839 μα-

2261 3848 2452 3920 κάριος
2498 3850 2762 3919 ἄγγελος,
2807 3853 2901 3907 καί
2956 3869 3121 3923 φησιν
3169 3854 3367 3919 αὐτοὺς
3415 3857 3542 3920 τοὺς
3580 3858 3674 3912 δύο
3715 3855 3859 3916 εἶναι

2260 3942 2410 4005 υἱοὺς
2438 3942 2542 4013 τῆς
2575 3944 2866 4014 πιότητος,
2911 3944 2988 4008 ὡς
3017 3946 3480 4018 εὐφραινομένους
3521 3966 3583 4003 τε
3624 3952 3719 4005 καὶ
3768 3954 3858 4007 ἐν-

2263 4036 2656 4100 σπαταλῶντας
2700 4037 2864 4109 ἐλαίῳ
2905 4037 2982 4108 τῷ
3014 4039 3167 4108 παρὰ
3207 4040 3475 4112 Χριστοῦ,
3510 4043 3605 4096 καὶ
3646 4046 3714 4114 τῇ
3760 4044 3857 4100 τοῦ

2262 4125 2578 4196 Πνεύματος
2609 4127 2792 4198 χάριτι
2831 4116 3547 4202 πλουσίωξπιαινομένους.
3589 4134 3861 4206 Ἦλεήθη-

2265 4234 2363 4289 μεν
2399 4218 2530 4289 γὰρ,
2564 4219 2933 4291 δικαιούμενοι
2965 4220 3174 4291 δωρεάν
3204 4223 3291 4277 διὰ
3319 4224 3419 4293 τῆς
3466 4226 3723 4291 πίστεως,
3761 4227 3858 4280 καὶ⁵

2260 4312 2512 4364 κοινωνοὶ
2537 4312 2633 4382 τῆς
2663 4311 2812 4375 θείας
2838 4312 3004 4366 αὐτοῦ
3036 4312 3253 4383 φύσεως
3280 4316 3736 4389 ἁναδεδειγμένοι,
3769 4320 3857 4373 διὰ

2261 4401 2359 4453 τοῦ
2404 4404 2692 4471 μετασχεῖν
2720 4404 2878 4472 ἁγίου
2905 4404 3244 4474 Πνεύματος.
3277 4408 3489 4461 Οὐκοῦν
3518 4410 3577 4461 ἐν
3607 4409 3771 4480 ἐλαίῳ
3793 4426 3855 4463 τε

575 4486 660 4533 cst
695 4494 724 4532 a
760 4477 907 4534 Deo:
943 4481 1378 4550 quandoquidem
1423 4495 1551 4535 vere
1602 4481 1757 4535 nobis
1797 4482 1980 4535 dicere
2006 4497 2153 4535 con-

2263 4492 2359 4544 καὶ
2382 4491 2597 4562 λύχνοις
2629 4496 2662 4564 ἡ
2693 4495 2800 4549 τῶν
2822 4495 2914 4549 δύο
2942 4496 3088 4550 λαῶν
3120 4499 3326 4568 ἴδρυσίς
3355 4517 3416 4552 τε
3448 4502 3540 4553 καὶ
3570 4474 3858 4574 παράστα-

576 4583 790 4624 tressum
818 4580 925 4634 est,
952 4586 1053 4625 nos
1088 4572 1519 4627 misericordiam
1544 4583 1886 4636 consecutos,
1919 4589 1948 4627 a
1997 4590 2157 4629 utor-

581 4671 631 4716 tc
660 4670 714 4717 et
768 4671 993 4741 peccato
1023 4662 1299 4729 liberatos,
1334 4675 1390 4719 et
1420 4666 1709 4719 veterrima
1736 4665 1999 4721 servitute
2024 4669 2161 4720 cer-

579 4753 726 4809 vices
773 4762 988 4809 nostras
1032 4755 1333 4824 expeditas.
1362 4753 1654 4809 Illuminati
1706 4767 1889 4810 autem
1945 4772 2154 4824 smnus,

576 4860 744 4901 unum
776 4854 970 4901 natura
1003 4845 1168 4901 Deum
1200 4857 1576 4916 agnoscentes,
1602 4856 1657 4901 et
1678 4864 1709 4903 e
1753 4849 1990 4904 tenebris
2023 4850 2157 4918 qui-

577 4939 680 4995 bus
709 4953 806 4994 nos
858 4933 1016 4994 error
1066 4939 1381 5009 multiplicis
1425 4939 1744 4998 idololatrim
1804 4940 2104 4996 involverat
2142 4983 2160 5010 ,

572 5031 807 5101 egressi.
851 5028 1052 5086 Verum
1091 5032 1220 5100 quid
1245 5031 1345 5086 sibi
1381 5032 1550 5088 velint
1586 5033 1762 5101 olivae,
1796 5043 1853 5089 et
1882 5035 2011 5104 quid
2043 5050 2160 5090 mo-

580 5123 719 5177 verit
764 5123 980 5178 beatum
1030 5123 1369 5192 prophetam,
1418 5138 1486 5179 ne
1542 5126 1773 5194 amplius
1815 5126 2017 5190 olivas,
2061 5128 2158 5183 sed

582 5227 763 5268 ramos
786 5214 964 5282 potius
988 5214 1253 5268 olivarum
1281 5214 1535 5273 dicendas
1565 5226 1799 5288 putaret,
1822 5233 1923 5288 age
1946 5220 2158 5289 disqui-

573 5320 788 5361 ramus.
824 5303 973 5359 Bona
1006 5305 1192 5374 igitur,
1222 5322 1319 5363 seu
1355 5309 1614 5379 frugifera
1643 5310 1783 5366 oliva
1839 5311 2155 5370 Judaeorum

577 5401 892 5467 Synsgoga,
925 5398 1155 5467 agrestis
1177 5398 1319 5453 oliva
1357 5401 1599 5469 gentium
1633 5403 1923 5459 multitudo
1955 5415 2156 5461 vocata

584 5495 686 5543 est.
718 5486 809 5542 Sic
833 5490 976 5541 enim
1007 5489 1245 5560 ipsarum
1280 5494 1470 5550 beatus
1505 5494 1705 5557 Paulus
1734 5496 2005 5563 meminit,
2035 5512 2158 5552 cre-

581 5575 775 5633 dentes
805 5592 870 5632 ex
902 5579 1149 5648 gentibus
1179 5582 1496 5653 alloquens:
1538 5601 1554 5635 ι
1590 5582 1645 5638 Si
1679 5587 1824 5640 enim
1862 5595 1916 5641 tu
1941 5603 2006 5643 ex
2045 5598 2156 5640 nu:-

2266 4599 2370 4646 σις.
2409 4583 2496 4637 Ἐν
2530 4587 2670 4654 φωτὶ
2700 4585 2810 4657 γὰρ
2849 4589 3006 4660 ἡμῶν
3049 4591 3082 4661 ἡ
3112 4590 3327 4660 κλῆσις,
3360 4594 3455 4645 καὶ
3486 4593 3563 4657 ὡς
3600 4596 3656 4647 ἐν
3688 4592 3857 4664 ἐλαίῳ

2262 4672 2342 4744 τῷ
2378 4676 2530 4746 παρά
2557 4677 2713 4732 Θεοῦ·
2743 4680 2904 4752 εἴπερ
2929 4682 3077 4735 ἐστὶν
3099 4685 3332 4754 ἀτρεκὲς
3361 4685 3561 4750 εἰπεῖν,
3596 4686 3673 4750 ὡς
3691 4687 3857 4759 ἡλεή·

2267 4767 2407 4837 μεθα
2471 4769 2593 4840 μὲν,
2654 4770 2888 4825 θανάτου
2930 4776 3024 4826 καὶ
3076 4775 3350 4846 ἁμαρτίας
3404 4776 3855 4849 ἀπηλλαγμένοι,

2263 4863 2356 4915 καὶ
2386 4862 2629 4927 δουλείας
2668 4865 2768 4935 τῆς
2797 4867 3163 4938 ἀρχαιοτάτης
3208 4867 3581 4930 ἀπολύσαντες
3614 4870 3706 4923 τὸν
3754 4872 3858 4923 αὑ-

2269 4952 2419 5024 χένα.
2469 4954 2874 5026 Πεφωτίσμεθα
2905 4958 2983 5022 δὲ,
3015 4960 3112 5013 ἕνα
3160 4960 3252 5013 τὸν
3289 4963 3449 5030 φύσει
3486 4961 3620 5015 Θεὸν
3668 4964 3856 5029 ἐπιγι-

2268 5041 2589 5110 νώσκοντες,
2620 5045 2716 5099 καὶ
2745 5050 2846 5117 τῆς
2876 5048 3142 5103 πολυθέου
3187 5050 3393 5124 πλάνης
3420 5052 3512 5105 τὸν
3543 5052 3733 5106 σκότον
3760 5055 3859 5104 ἐκ‹

2268 5133 2584 5205 ϐεϐηκότες.
2623 5136 2783 5192 ’Δλλά
2811 5140 2894 5203 τίς
2923 5139 2991 5195 ἂν
3015 5140 3100 5212 εἴη
3132 5143 3223 5195 καὶ
3249 5145 3277 5195 6
3303 5141 3413 5196 τῶν
3450 5143 3645 5197 ἐλαιῶν
3670 5143 3856 5213 λόγος,

2267 5226 2320 5281 τί
2349 5225 2407 5279 δὲ
2433 5225 2545 5298 ἄρα
2578 5228 2638 5281 τὸ
2670 5232 2930 5295 πεπτικὸς
2968 5233 3059 5286 τὸν
3106 5234 3377 5306 μακάριον
3421 5236 3731 5307 προφήτην,
3779 5237 3857 5307 μὴ

2259 5315 2326 5388 δὴ
2356 5319 2553 5391 χρῆναι
2591 5320 2770 5391 λέγειν
2815 5324 2986 5387 αὑτὰς
3031 5325 3216 5390 ἐλαίας
3258 5327 3357 5397 μὲν
3393 5326 3495 5392 ἔτι,
3539 5327 3768 5389 κλάδους
3798 5328 3857 5380 δὲ

2265 5410 2465 5480 μᾶλλον
2499 5413 2714 5479 ἐλαιῶν,
2747 5415 2877 5486 φέρε
2907 5416 2989 5485 δὴ,
3019 5418 3151 5490 φέρε
3189 5418 3668 5491 περιαθρὴσωμεν.
3707 5419 3855 5473 Καλ-

2260 5502 2491 5568 λιέλαιος
2542 5508 2641 5577 μὲν
2693 5507 2873 5561 τοίνυν
2935 5510 3109 5579 ὴτῶν
3148 5511 3413 5568 Ἰουδαίων
3467 5512 3850 5584 κεχρημάτικε

2262 5593 2595 5667 Συναγωγὴ,
2641 5596 2953 5666 ἁγριέλαιός
2986 5614 3047 5667 γε
3109 5598 3214 5671 μὴν
3249 5599 3358 5655 τῶν
3410 5600 3582 5655 ἐθνῶν
3622 5601 3656 5671 η
3705 5598 3853 5670 πληο
3934 5603 3938 5606 ⁴

655 5753 706 5788 ⁸⁸
739 5751 1030 5826 Ευίιοε..ιι,
1074 5761 1159 5816 I6.
1237 5762 1282 5795 ⁵³
1322 5761 1478 5818 Rom.
1521 5780 1599 5831 ιιι,
1642 5763 1730 5819 Si.
1774 5766 1818 5799 "‘
1860 5765 1901 5820 Il
1942 5766 2087 5822 Petr.
2132 5784 2174 5835 ι,
2213 5770 2265 5824 4.
2296 5816 2311 5829 ,
