4130 6474
348 326 424 386 π
1219 322 1785 384 COMMENTARIUS
1822 327 1891 384 IN
1931 323 2341 387 ZACHARIAM
2377 326 2826 387 PROPIIETAM.
3605 333 3673 391 78

349 438 474 504 θύς.
505 436 668 493 Οὕτω
720 437 833 509 γὰρ
870 438 1055 495 αὐτῶν
1100 439 1471 513 διαμέμνηται
1503 444 1598 497 καὶ
1628 444 1657 498 ό
1700 445 1972 517 μακάριος

2082 447 2243 502 turali
2293 446 2534 503 oleastro
2582 447 2801 503 excisus
2848 460 2930 514 es,
2977 455 3033 502 et
3078 457 3269 502 contra
3307 458 3556 505 naturam
3583 452 3672 505 ln-

350 530 604 596 Παῦλος,
655 529 834 601 λέγων
895 533 1039 605 πρὸς
1103 533 1232 596 τοὺς
1295 533 1356 598 ἐξ
1418 534 1593 588 ἐθνῶν
1638 537 1969 589 πιστεύσαν-

345 642 485 690 ταςο
523 645 543 677 ι
580 626 645 679 Εἰ
673 624 788 697 γὰρ
824 627 889 680 σὺ
917 628 983 680 ὲκ
1011 628 1111 696 τῆς
1151 624 1295 680 κατὰ
1323 625 1488 695 φύσιν
1514 627 1785 698 ἐξεκόπης
1820 630 1972 701 ἀγρι-

348 718 539 772 ελαίου
561 758 578 785 ,
623 719 719 771 καὶ
760 719 914 791 παρὰ
960 719 1128 789 φύσιν
1187 719 1607 791 ἐνεκεντρίσθης
1650 722 1732 785 είς
1780 721 1969 775 καλλι-

349 813 559 879 έλαιον,
594 812 780 885 πολλῷ
815 814 1022 884 μᾶλλον
1046 807 1193 867 οὗτοι
1227 815 1276 866 οἱ
1308 815 1453 867 κατὰ
1494 814 1660 883 φύσιν
1690 819 1973 889 ὲγκεντρι-

350 903 651 975 σθήσονται
696 908 766 977 τῇ
800 906 907 977 ἰδίᾳ
950 905 1129 975 ἐλαίᾳ.
1159 924 1178 956 ι
1216 904 1429 958 Οὐκοῦν
1475 906 1821 967 καλλιέλαιος
1874 909 1972 979 μὲν

347 999 385 1070 ἡ
412 997 749 1069 Συναγωγὴ,
784 996 1042 1069 καθάπερ
1064 996 1201 1068 ἔφην
1233 998 1440 1069 ἀρτίως
1466 1040 1482 1066 ,
1511 999 1824 1070 ἀγριέλαιος
1862 1000 1920 1053 δὲ
1937 1002 1972 1073 ὴ

348 1089 464 1143 τῶν
496 1089 672 1144 ἐθνῶν
710 1088 906 1161 ἀγέλη.
938 1089 1005 1141 Οἰ
1054 1091 1156 1161 μὲν
1188 1090 1321 1162 γὰρ,
1370 1090 1471 1163 τὴν
1520 1090 1611 1143 διὰ
1639 1091 1805 1163 νόμου
1841 1092 1972 1146 παίο

349 1183 541 1237 δευσιν
587 1182 807 1254 ἔχοντες
827 1223 842 1249 ,
885 1181 988 1236 οὐκ
1020 1180 1264 1254 ἄκαρποι
1297 1183 1573 1237 διετέλουν
1593 1200 1607 1214 ο
1659 1185 1709 1237 οἰ
1737 1184 1796 1237 δὲ
1829 1180 1973 1256 ἦσαν

302 1262 313 1315 i-
352 1277 593 1349 σφηκῶν
614 1276 826 1349 ἀγρίων
852 1276 1091 1347 ὲνδιαιτή
1102 1293 1270 1342 ματα,
1299 1275 1481 1349 πλήρη
1508 1277 1806 1348 δαιμονίων
1831 1277 1974 1349 ἔχον-

349 1389 446 1436 τες
470 1371 571 1425 τὸν
595 1369 744 1434 νοῦν,
771 1371 864 1424 καὶ
893 1370 1142 1441 ἄκαρποι
1171 1370 1472 1435 παντελῶς.
1498 1372 1646 1443 Πλὴν
1672 1371 1797 1425 οὕτε
1822 1374 1973 1426 πᾶσα

348 1468 387 1538 ἡ
420 1464 538 1518 τῶν
573 1463 847 1518 Ἰουδαίων
882 1465 1182 1536 Συναγωγή
1212 1464 1312 1536 τὴν
1345 1466 1426 1529 εἰς
1475 1464 1605 1520 Υἱῦν
1637 1466 1974 1537 παρεδέξατο

348 1560 563 1624 πίστιν,
598 1557 725 1612 οὗτε
759 1558 866 1630 μὴν
892 1559 987 1631 ὅλη
1021 1558 1133 1612 τῶν
1179 1559 1352 1613 ὲθνῶν
1382 1561 1416 1631 ἡ
1449 1559 1694 1632 πληθύς·
1732 1561 1972 1626 ὲξεσπα-

352 1655 555 1725 σμένοι
589 1650 648 1704 δὲ
678 1650 873 1723 ῶσπερ
902 1652 988 1720 ἐφ’
1034 1651 1275 1721 ἑκάστης
1315 1651 1578 1724 ὴλέηνται
1629 1653 1839 1719 πολλοὶ,
1877 1654 1975 1708 καὶ

347 1745 658 1816 κέκληνται
681 1742 773 1797 διὰ
796 1743 898 1813 τῆς
927 1743 1165 1806 πίστεως
1194 1744 1277 1808 εἰς
1305 1743 1397 1797 τὸν
1419 1744 1509 1798 διὰ
1529 1744 1626 1798 τοῦ
1656 1745 1973 1816 Πνεύματος

2077 548 2257 595 sertas
2304 554 2366 595 es
2421 539 2477 594 in
2519 539 2721 594 bonam
2769 538 2989 604 olivam,
3018 549 3228 611 quanto
3269 541 3442 610 magis
3481 543 3539 608 ii,
3578 545 3673 613 qui

2075 630 2378 687 secundum
2414 641 2666 685 naturam
2706 644 2820 685 sure
2856 629 3015 685 olivae
3055 631 3368 686 insereutur
3394 633 3484 687 "1
3518 653 3537 685 ι
3581 636 3678 690 Est

2074 735 2209 792 ergo
2258 723 2400 777 bona
2435 722 2578 776 oliva
2619 721 2910 794 Synagoga
2934 762 2950 789 ,
2988 733 3049 778 ut
3084 722 3198 792 jam
3237 726 3347 780 dixi
3374 765 3391 791 ,
3437 729 3674 798 agrestis

2075 824 2257 868 autem
2297 829 2429 884 grex
2478 815 2745 886 gentium.
2782 815 2862 868 Illi
2904 816 3052 870 enim
3086 831 3185 887 per
3232 816 3406 887 legem
3446 821 3673 885 eruditi,

2075 920 2297 975 semper
2344 915 2504 961 erant
2535 905 2785 976 frugiferi
2813 924 2828 961 :
2855 917 2912 960 at
2944 908 3033 961 isti
3080 922 3367 977 vesparum
3404 912 3675 964 atrocium

2075 998 2401 1067 diversoria,
2458 1009 2699 1055 mentem
2743 1000 3012 1055 habentes
3040 999 3261 1069 plenam
3312 1003 3675 1065 daatnonibus,

2075 1099 2132 1146 et
2192 1090 2516 1146 infructuosi
2578 1105 2643 1146 ac
2697 1091 2913 1147 steriles
2974 1092 3221 1147 omnino.
3287 1092 3675 1148 Verumtamen

2076 1199 2179 1239 nec
2215 1193 2327 1238 t0ta
2364 1182 2677 1241 Judaeorum
2708 1182 2996 1257 Synagoga
3020 1185 3184 1239 ﬁdem
3217 1184 3272 1239 in
3316 1184 3517 1240 Filium
3558 1202 3679 1241 sus-

2075 1276 2224 1346 cepit
2251 1315 2266 1339 ,
2300 1291 2399 1331 nec
2423 1276 2668 1347 gentium
2699 1276 3057 1339 universitas,
3091 1278 3185 1330 sed
3213 1278 3372 1347 quasi
3415 1278 3678 1347 utrinque

2076 1370 2335 1436 extracti,
2379 1369 2820 1427 misericordiam
2864 1369 3047 1438 adepti
3088 1380 3217 1424 sunt
3258 1370 3435 1432 multi,
3476 1380 3534 1426 et
3581 1386 3707 1440 per.

2077 1462 2240 1518 ﬁdem
2281 1464 2348 1517 ad
2387 1463 2842 1517 illuminationem
2872 1477 2969 1532 per
3008 1463 3273 1531 Spiritum
3312 1466 3489 1518 vocati
3525 1475 3674 1519 sunt.

2078 1556 2239 1612 Rami
2271 1572 2406 1628 ergo
2434 1550 2706 1611 olivarum
2729 1558 2821 1626 qui
2846 1557 3081 1611 extracti
3108 1567 3258 1622 sunt,
3283 1560 3680 1614 convenienter
3762 1574 3767 1577 ‘

2079 1648 2312 1720 intelligi
2351 1658 2579 1719 queant,
2612 1650 2705 1719 qui
2734 1659 2791 1703 et
2835 1650 3275 1703 misericordiam
3308 1664 3407 1720 per
3440 1652 3677 1720 gratiam

2080 1743 2466 1808 invenerunt,
2524 1753 2581 1798 et
2647 1743 2796 1797 velut
2864 1743 2917 1797 in
2963 1743 3148 1798 lumen
3214 1743 3483 1813 lampadis
3517 1747 3681 1813 [hoc

344 1839 664 1910 φωτισμόν.
700 1838 907 1893 κλάδοι
955 1838 1021 1909 δὴ
1068 1833 1163 1892 οὖν
1198 1837 1395 1891 ἐλαιῶν
1443 1840 1494 1892 οἰ
1547 1841 1970 1909 ἀπεσπασμένοι

2078 1847 2182 1901 est,
2224 1836 2454 1904 Christi,
2509 1844 2565 1890 et
2605 1846 2815 1906 septem
2868 1835 3257 1890 collucentium
3302 1836 3679 1898 lucernarum,

344 1933 551 1987 νοοίντ’
579 1932 648 1986 ἂν
679 1931 928 1998 εἰκότως,
956 1932 1006 1984 οἳ
1042 1932 1139 1985 καὶ
1176 1931 1440 2002 ἠλέηνται
1471 1932 1559 1986 διὰ
1587 1936 1687 2004 τῆς
1724 1933 1968 2003 χάριτος,

345 2025 450 2079 καὶ
485 2024 564 2087 ὡς
597 2024 656 2078 ἐν
690 2023 832 2093 φωτὶ
886 2022 1143 2092 γεγόνασι
1171 2023 1267 2076 τοῦ
1317 2022 1646 2093 λαμπαδίου,
1691 2023 1971 2091 τουτέστι,

345 2116 625 2190 Χριστοῦ,
668 2118 764 2170 καὶ
797 2115 909 2168 τῶν
965 2114 1107 2168 ἑπτὰ
1150 2114 1689 2184 συναναλαμπόντων
1739 2114 1973 2185 λύχνων,

342 2211 633 2276 τουτέστι,
666 2210 764 2280 τῆς
784 2207 899 2279 ,τῶν
939 2208 1113 2277 ἁγίων
1140 2206 1405 2278 πληθύος.
1444 2208 1638 2278 ’Λθρει
1672 2207 1734 2262 δὲ
1764 2208 1913 2271 ὅπως
1948 2210 1976 2261 ό

343 2303 658 2366 θεσπέσιος
701 2302 938 2371 ἄγγελος
986 2302 1067 2366 εἰς
1101 2301 1289 2355 εἰκόνα
1334 2301 1429 2354 καὶ
1464 2299 1823 2355 ὑποτύπωσιν
1874 2300 1971 2355 τοῦ

357 2396 734 2470 Ἐμμανουήλ
795 2396 1169 2467 παραδέχεται
1212 2395 1276 2449 τὸ
1319 2394 1651 2467 λαμπάδιον.
1704 2394 1972 2467 Τεθειμέ-

342 2509 464 2546 νων
492 2491 608 2563 γὰρ
630 2491 740 2544 τῶν
769 2489 983 2544 κλάδων
1015 2492 1079 2542 ἐκ
1109 2488 1301 2553 δεξιῶν
1331 2488 1524 2553 αὑτοῦ,
1557 2490 1651 2543 καὶ
1680 2489 1738 2557 ἐξ
1769 2489 1974 2542 εὐωνύ-

346 2602 479 2656 μων
512 2582 629 2654 (οὓς
659 2582 756 2636 καὶ
788 2583 941 2645 υἱοὺς
975 2581 1074 2652 τῆς
1104 2583 1361 2650 πιότητος
1393 2580 1649 2654 ὠνόμασε
1669 2582 1805 2649 δύο),
1839 2598 1976 2654 παρ-

344 2676 585 2731 εστάναι
621 2677 787 2747 φησὶν
818 2676 1019 2739 αὐτοὺς
1042 2675 1122 2747 τῷ
1160 2676 1353 2748 Κυρίῳ
1379 2675 1559 2746 πάσης
1591 2677 1692 2747 τῆς
1722 2677 1848 2747 γῆς,
1874 2675 1976 2746 τῆς

348 2767 773 2839 παραστάσεως
815 2767 875 2819 ὲν
906 2765 1100 2832 τύποις
1146 2766 1672 2840 κατασημαινούσης
1716 2764 1776 2821 εὗ
1828 2768 1976 2838 μάλα

345 2861 455 2933 τὴν
483 2862 801 2933 οἰκειότητα
824 2861 926 2931 τὴν
956 2861 1360 2932 πνευματικὴν,
1393 2862 1490 2917 καὶ
1524 2863 1586 2915 τὸ
1623 2862 1839 2934 ἕτοιμον
1872 2863 1973 2932 τῆς

343 2952 589 3025 γνώμης
614 2953 695 3016 εἷς
729 2969 794 3020 γε
823 2952 887 3005 τὸ
923 2950 1035 3006 δεῖν
1072 2953 1396 3034 ὑποκεῖσθαι
1443 2971 1506 3007 τε
1549 2955 1644 3007 καὶ
1675 2955 1975 3026 ὑπηρετεῖν

344 3047 531 3118 αὐτῷ.
555 3039 684 3099 Ὧδε
736 3045 849 3118 γὰρ
891 3046 958 3099 ἂν
987 3048 1162 3100 νοοῖτο
1193 3047 1429 3119 Χριστὸς
1464 3048 1823 3120 παραστήσας
1854 3051 1976 3103 ἐαυ-

342 3142 438 3215 τῷ
462 3142 567 3213 τὴν
595 3140 952 3213 Ἶίίκκλησίαν,
974 3140 1073 3212 τὴν
1095 3142 1158 3194 ὲκ
1179 3139 1273 3194 δύο
1290 3141 1436 3194 λαῶν
1462 3142 1971 3215 συναγηγερμένην.

345 3230 520 3285 Κατὰ
546 3227 762 3295 τοῦτον,
784 3225 961 3301 οἶμαι,
987 3229 1082 3283 τὸν
1105 3229 1309 3302 τρόπον
1335 3228 1414 3300 τῷ
1445 3231 1545 3302 τῆς
1575 3235 1975 3303 παραστάσεως

2081 1930 2183 1983 hoc
2225 1939 2336 1990 est,
2393 1941 2711 1984 sanctorum
2754 1928 3121 1983 multitudinis
3166 1939 3478 1983 evaserunt.
3510 1928 3682 2001 695

2077 2025 2471 2077 Animadverte
2524 2025 2747 2092 insuper
2796 2024 3071 2091 quomodo
3121 2037 3282 2077 sacer
3338 2023 3566 2093 angelus
3612 2025 3680 2075 ad

2080 2114 2376 2183 imaginem
2422 2122 2478 2167 et
2499 2113 2925 2182 descriptionem
2953 2112 3331 2167 Emmanuelis
3369 2113 3677 2182 lampadem

2080 2212 2346 2260 assumat.
2389 2204 2589 2259 Positis
2629 2205 2774 2257 enim
2819 2204 2988 2257 ramis
3027 2219 3058 2257 a
3099 2204 3307 2258 dextris
3346 2203 3465 2273 ejus
3510 2215 3564 2257 et
3599 2207 3680 2257 si-

2082 2299 2271 2353 nistris
2298 2296 2460 2369 (quos
2502 2306 2558 2352 et
2605 2299 2742 2352 duos
2788 2297 2932 2353 ﬁlios
2982 2296 3332 2367 pinguedini's
3380 2296 3679 2367 nominat),

2081 2392 2403 2446 astareillos
2430 2391 2565 2446 dicit
2601 2391 2832 2446 Domino
2863 2392 3133 2445 universae
3160 2400 3339 2457 terras,
3364 2390 3682 2445 assistentia

2082 2486 2183 2539 hoc
2226 2483 2347 2539 loco
2405 2483 2841 2539 familiaritatem
2896 2493 2952 2538 et
2993 2491 3300 2554 promptam
3343 2483 3681 2539 voluntatem

2080 2577 2150 2634 ad
2216 2579 2268 2633 ei
2318 2579 2814 2649 oblemperandum
2874 2578 3414 2647 ministrandumque
3465 2576 3681 2647 signiﬁ-

2079 2681 2264 2728 cante.
2299 2670 2393 2727 Sic
2416 2672 2562 2727 enim
2590 2681 2774 2742 potest
2806 2671 3037 2742 intelligi
3066 2671 3323 2726 Christus
3346 2670 3547 2726 fecisse
3573 2670 3683 2725 sibi

2079 2775 2264 2823 astare
2299 2765 2603 2821 Ecclesiam
2655 2780 2725 2820 ex
2761 2765 2978 2819 duobus
3013 2764 3227 2834 populis
3266 2774 3679 2834 congregatam.

2082 2860 2194 2917 Hoc
2212 2864 2395 2927 modo,
2413 2862 2631 2930 opinor,
2655 2860 2878 2914 nomine
2900 2858 3231 2913 assistentite
3264 2860 3428 2913 etiam
3467 2857 3688 2912 divinus

2079 2955 2257 3009 Muses
2301 2965 2529 3009 ornatus
2565 2964 2671 3017 est,
2706 2969 2828 3006 cum
2875 2951 3019 3006 Deus
3048 2952 3116 3006 ad
3144 2966 3269 3006 eum
3305 2951 3624 3021 loqueretur
3663 2969 3680 3006 :

2084 3066 2105 3099 ι
2126 3046 2206 3101 Tu
2222 3061 2350 3102 vero
2362 3056 2443 3101 sta
2462 3045 2576 3099 illic
2594 3061 2805 3100 mecum
2822 3043 2890 3098 ⁸⁸.
2916 3062 2935 3095 ι
2954 3043 3072 3098 Non
3098 3044 3243 3098 enim
3269 3044 3495 3114 legalem
3520 3044 3684 3098 lusti-

2083 3141 2350 3196 tutionem
2377 3138 2522 3195 Deus
2548 3139 2731 3194 omnia
2765 3139 2952 3195 sciens
2978 3136 3188 3207 abjicit.
3217 3137 3392 3206 Quam
3436 3138 3507 3192 ob
3536 3152 3686 3192 cau—

2082 3235 2239 3290 sam?
2268 3234 2406 3303 Quia
2454 3242 2543 3289 est
2589 3237 2914 3305 pmdagogus
2957 3233 3024 3286 ad
3063 3232 3342 3288 Christum
3371 3229 3439 3295 ”,
3472 3239 3528 3286 et
3564 3241 3689 3285 tan-

347 3325 591 3395 ὀνόματι
624 3324 721 3377 καὶ
743 3324 772 3376 ὀ
796 3322 1087 3388 θεσπέσιος
1114 3324 1323 3395 Μωσῆς
1354 3323 1812 3390 κατεκαλλύνετο,
1837 3326 1972 3378 Θεοῦ

2080 3344 2243 3400 quam
2296 3330 2348 3381 in
2397 3329 2544 3400 typis
2594 3336 2649 3382 et
2701 3327 2916 3381 umbris
2968 3328 3140 3398 ipsam
3193 3326 3353 3380 nobis
3395 3325 3687 3379 veritatem

350 3420 501 3490 πρὸς
535 3419 700 3473 αὐτὸν
728 3408 1012 3490 εἰρηκότος
1036 3433 1049 3448 ’
1077 3419 1149 3473 Σὺ
1179 3419 1235 3472 δὲ
1267 3418 1431 3472 αὐτοῦ
1465 3412 1624 3489 στῆθι
1663 3421 1783 3490 μετ’
1814 3420 1972 3491 ἐμοῦ.

2083 3423 2339 3493 parturit.
2391 3421 2573 3476 Testis
2616 3420 2870 3477 Christus
2915 3420 3055 3492 ipse,
3096 3420 3177 3475 sic
3220 3416 3435 3473 aﬂ'ando
3465 3416 3686 3473 Iuda-os

347 3515 436 3568 Οὐ
469 3515 582 3584 γὰρ
615 3512 927 3586 ἀπόϐλητος
959 3515 992 3584 ἠ
1028 3512 1118 3566 διὰ
1164 3512 1332 3584 νόμου
1388 3513 1671 3575 παίδευσις
1713 3514 1867 3583 παρὰ
1910 3531 1972 3582 γε

2082 3515 2420 3580 incredulos,
2477 3524 2511 3567 τ
2537 3514 2594 3569 Si
2634 3514 2938 3570 crederetis
2987 3512 3146 3577 Mosi,
3189 3513 3376 3581 utique
3415 3511 3683 3566 credere-

350 3608 437 3678 τῷ
474 3609 657 3661 πάντα
686 3607 850 3660 εἰδότι
880 3604 1019 3676 Θεῷ.
1056 3605 1155 3658 Διὰ
1191 3605 1353 3659 ποίαν
1381 3606 1592 3671 αἰτίανς
1628 3606 1972 3676 Παιδαγωγεί

2083 3612 2153 3664 tis
2178 3618 2234 3665 et
2267 3610 2440 3673 mihi;
2471 3609 2539 3665 de
2579 3623 2667 3663 me
2698 3608 2844 3663 enim
2883 3607 2975 3662 ille
3011 3607 3237 3673 scripsit
3262 3605 3332 3660 ⁶⁰.
3370 3620 3417 3657 ι’

357 3702 473 3775 γὰρ
500 3703 583 3765 εἰς
611 3700 848 3771 Χριστὸν
876 3702 969 3753 καὶ
997 3701 1073 3764 ὠς
1103 3701 1162 3753 ὲν
1195 3699 1386 3764 τύποις
1433 3701 1530 3754 καὶ
1562 3704 1743 3766 σκιαῖς
1772 3702 1942 3774 αὐτὴν
1977 3704 2110 3775 ἡμῖν
2149 3704 2331 3758 ὠδίνει
2398 3702 2500 3775 τὴν
2534 3702 2814 3774 ἀλήθειαν,
2858 3702 2954 3756 καὶ
2991 3699 3151 3754 τοῦτο
3196 3700 3347 3771 ἡμᾶς
3411 3695 3687 3754 πιστώσε-

355 3807 454 3849 ται
481 3792 660 3862 λέγων
685 3792 850 3856 αὐτὸς
879 3792 907 3844 ὁ
945 3791 1184 3864 Χριστὸς
1217 3792 1354 3864 πρὸς
1387 3794 1511 3855 τοὺς
1558 3794 1926 3856 ἀπιστοῦντας
1965 3796 2255 3859 Ἰουδαίους
2280 3813 2295 3826 ’
2345 3815 2361 3848 ι
2394 3797 2456 3849 Εἰ
2492 3795 2807 3848 ἐπιστεύετε
2840 3797 3051 3860 ilionei,
3093 3792 3412 3845 ἐπιστεύετε
3447 3792 3512 3844 ἂν
3536 3792 3683 3862 ἐμοί’

360 3888 496 3962 περὶ
522 3890 638 3961 γὰρ
666 3887 803 3960 ἐμοῦ
834 3889 1047 3952 ἐκεῖνος
1074 3888 1307 3960 ἔγραψε.
1348 3909 1365 3939 ι

991 4025 1246 4082 ΚΕΦΔΛ.
1279 4027 1355 4082 E'.

2756 4028 2911 4083 CAP.
2949 4030 3007 4083 V.

433 4164 548 4221 Kal
583 4161 954 4231 ἐπέστρεψα,
992 4161 1093 4217 καὶ
1121 4158 1239 4233 ἦρα
1266 4162 1411 4229 τοὺς
1452 4164 1802 4233 ὀφθαλμούς
1830 4183 1972 4234 μου.

2154 4169 2321 4228 Vsus.
2361 4170 2474 4225 1-4.
2534 4172 2601 4224 Et
2645 4186 2927 4225 conversus
2987 4185 3102 4224 sum
3135 4209 3149 4233 ,
3193 4181 3242 4223 et
3296 4168 3465 4224 leravi
3503 4172 3686 4225 oculos

362 4254 463 4309 real
504 4254 660 4319 ἴδον,
692 4253 791 4307 καὶ
823 4252 954 4308 ἰδοὺ
980 4251 1285 4321 δρέπανον
1308 4254 1661 4323 πετόμενον.
1694 4256 1806 4310 Kal
1842 4253 1972 4312 εἶπε

2082 4276 2244 4325 meos,
2272 4269 2321 4315 et
2346 4260 2474 4326 vidi,
2504 4272 2550 4313 et
2587 4276 2702 4314 ecce
2737 4260 2854 4330 falx
2897 4259 3099 4313 volans.
3143 4257 3210 4312 Et
3251 4259 3387 4313 dixit
3438 4262 3507 4314 ad
3560 4278 3641 4315 me
3665 4278 3683 4314 :

362 4348 521 4417 πρός
565 4363 677 4418 με’
727 4345 907 4400 Τίσὺ
942 4344 1238 4412 meum;
1281 4347 1392 4400 Kal
1441 4342 1617 4400 εἶπα·
1665 4348 1809 4419 Ἐγὼ
1859 4348 1972 4421 όρῶ

2084 4350 2229 4420 Quid
2259 4363 2317 4407 tu
2347 4355 2532 4409 vides?
2560 4352 2629 4407 Et
2658 4355 2775 4429 dixi
2803 4370 2823 4408 :
2851 4352 2963 4425 Ego
2993 4355 3144 4407 video
3179 4354 3373 4427 falcem
3401 4355 3683 4419 volantem,

361 4441 663 4512 δρέπανον
699 4440 1035 4509 πετόμενον
1066 4437 1306 4507 μήκους
1336 4440 1583 4510 πήχεων
1620 4442 1843 4509 εἴκοσι,
1876 4443 1972 4498 καὶ

2080 4447 2431 4519 longitudinis
2483 4447 2782 4503 cubitorum
2839 4450 3048 4519 viginti,
3108 4458 3156 4502 et
3217 4447 3522 4503 latitudinis
3586 4466 3688 4502 cn-

363 4532 644 4600 πλάτους
688 4532 937 4603 πήχεων
972 4531 1142 4587 δέκα.
1171 4532 1283 4587 Καὶ
1313 4528 1446 4587 εἷπε
1477 4535 1630 4602 πρός
1665 4551 1743 4605 με
1763 4551 1777 4565 ·
1812 4536 1972 4605 Αὕτη

2085 4540 2316 4595 bitorum
2376 4543 2575 4597 decem.
2648 4539 2716 4596 Et
2773 4544 2911 4596 dixit
2975 4547 3045 4596 ad
3115 4560 3196 4597 me
3243 4556 3262 4595 :
3327 4540 3454 4598 Haec
3523 4544 3687 4596 male-

363 4631 404 4699 τι
433 4626 555 4698 ἀρὰ
582 4629 620 4696 τι
655 4625 1108 4696 ἐκπορευομένη
1138 4625 1235 4679 ἐπὶ
1266 4625 1598 4694 πρόσωπον
1629 4628 1838 4695 πάσης
1868 4626 1972 4699 τῆς

2081 4635 2247 4689 dictio
2301 4651 2421 4707 qua:
2477 4635 2746 4706 egreditur
2793 4652 2952 4702 super
3002 4635 3197 4707 [aciem
3261 4637 3520 4690 universa:
3578 4647 3687 4689 ter-

362 4720 499 4792 γῆς.
531 4721 689 4775 Διότι
722 4718 845 4786 πᾶς
870 4721 904 4774 ό
931 4718 1201 4786 κλέπτης
1224 4718 1294 4773 ἐκ
1320 4721 1538 4774 τούτου
1565 4719 1678 4787 ἕως
1710 4720 1973 4778 θανάτου

356 4812 863 4881 ἑκόικηθήσεται,
905 4812 1004 4866 καὶ
1055 4809 1179 4880 πᾶς
1222 4814 1255 4866 ό
1301 4812 1585 4882 ἐπίορκος
1630 4813 1700 4866 ἐκ
1753 4816 1974 4871 τούτου

354 4910 474 4978 ἕως
521 4908 790 4965 θανάτου
841 4905 1328 4976 ἐκδικηθήσεται.
1372 4904 1484 4960 Καὶ
1534 4905 1756 4971 ἐξοίσω
1799 4907 1970 4975 αὐτὸ,

355 5001 526 5074 λέγει
564 5003 787 5071 Κύριος
826 4998 1273 5069 παντοκράτωρ,
1307 4997 1407 5053 καὶ
1436 4999 1854 5055 εἰσελεύσεται
1883 5003 1974 5069 εἰς

356 5094 473 5151 τὸν
512 5094 688 5151 οἷκον
741 5093 848 5149 τοῦ
888 5092 1180 5163 κλέπτου,
1229 5092 1330 5148 καὶ
1363 5093 1455 5159 εὶς
1498 5095 1611 5146 τὸν
1645 5087 1819 5148 οἷκον
1865 5094 1973 5150 τοῦ

356 5190 700 5260 ὀμνύοντος
728 5187 814 5255 τῷ
852 5185 1103 5258 ὀνόματί
1137 5203 1260 5256 μου
1290 5184 1393 5239 ἐπὶ
1438 5183 1683 5254 ψεύδει,
1719 5184 1821 5240 καί
1869 5203 1974 5242 κα-

2082 4743 2178 4781 rte.
2214 4726 2353 4792 Quia
2382 4715 2561 4781 omnii
2589 4725 2677 4794 fur
2707 4742 2773 4779 ea:
2804 4725 2901 4781 hoc
2930 4744 3093 4798 usque
3128 4726 3197 4780 ad
3234 4737 3459 4781 mortem
3488 4727 3683 4797 punie—

2082 4832 2171 4874 tur
2199 4835 2218 4873 :
2249 4830 2295 4873 et
2321 4819 2491 4873 omnis
2514 4819 2763 4897 perjurus
2795 4836 2860 4874 ea:
2892 4822 2990 4874 ltoc
3017 4838 3178 4890 usque
3208 4826 3277 4874 ad
3313 4831 3537 4876 mortem
3569 4838 3687 4874 crn-

2082 4913 2337 4971 eiubitur.
2365 4911 2433 4967 Et
2458 4924 2680 4968 educunt
2702 4913 2862 4980 illud,
2883 4915 3011 4969 dicit
3038 4913 3300 4969 Dominus
3322 4916 3683 4985 omnipotens,

2080 5015 2130 5060 et
2154 5006 2478 5075 ingredietur
2498 5007 2553 5057 in
2575 5006 2789 5058 domum
2806 5005 2972 5076 furis,
2991 5017 3037 5060 et
3065 5008 3117 5061 in
3134 4996 3609 5078 domum’jurantis
3630 5008 3684 5062 iu

2082 5099 2296 5152 nomine
2322 5115 2437 5153 meo
2457 5098 2822 5166 inmendacio,
2841 5111 2889 5154 et
2923 5100 3207 5168 requiescet
3226 5101 3281 5154 in
3298 5101 3469 5155 medio
3491 5100 3681 5156 domus

2080 5190 2222 5262 ejus,
2250 5201 2300 5245 et
2327 5200 2597 5246 consumet
2624 5209 2766 5257 eam,
2804 5202 2853 5247 et
2882 5193 3029 5263 ligna
3062 5191 3201 5264 ejus,
3222 5203 3274 5249 et
3301 5193 3506 5262 lapides
3538 5192 3679 5262 ejus.

352 5282 618 5338 ταλύσει
658 5281 730 5336 ἐν
755 5278 927 5351 μέσῳ
974 5278 1083 5333 τοῦ
1123 5278 1297 5332 οἴκου
1360 5280 1569 5349 αὑτοῦ,
1623 5281 1723 5337 καὶ
1770 5280 2133 5338 συντελέσω
2194 5284 2406 5349 αὐτὸν,
2471 5284 2573 5340 καί
2601 5284 2676 5341 τὰ
2702 5283 2864 5351 ξύλα
2895 5284 3107 5352 αὐτοῦ,
3168 5286 3442 5351 καὶτοὺς
3466 5285 3680 5351 λίθους

347 5379 571 5527 “01:2:
594 5466 694 5528 Τδ,
722 5464 1094 5536 ἐπέστρεψα,
1118 5464 1284 5519 πάλιν
1306 5466 1365 5519 ὲν
1393 5463 1625 5531 τούτοις,
1656 5466 1759 5521 οὑκ
1788 5467 1875 5531 ἂν,
1900 5464 1977 5523 οἶ-

349 5581 479 5635 μαι,
521 5560 611 5625 τὶς
644 5557 939 5613 ὲκλάὁοιτο
965 5558 1062 5612 ἐπὶ
1102 5557 1302 5612 τόπου’
1348 5557 1467 5612 ἀλλ’
1507 5556 1587 5623 ὡς
1635 5561 1695 5614 ἐν
1744 5559 1969 5631 ἀμείψει

345 5657 523 5714 πάλιν
570 5655 639 5724 τῇ
691 5648 818 5706 καθ’
849 5651 1044 5722 ἑτέραν
1093 5651 1306 5725 ὅρασιν.
1354 5650 1804 5722 Ἐκκοπτομένης
1857 5653 1967 5722 γὰρ

2151 5463 2345 5522 XXIX.
2403 5466 2605 5524 lterum
2667 5471 2722 5527 in
2772 5471 2857 5526 his
2920 5470 3147 5530 verbum
3196 5487 3477 5527 conversus
3531 5491 3673 5541 sum,

2079 5574 2262 5624 nemo,
2305 5569 2366 5615 ut
2393 5561 2674 5631 existimo,
2707 5563 2777 5618 de
2810 5564 2931 5619 loco
2958 5564 3434 5636 interprclabitur,
3476 5571 3575 5624 sed
3609 5571 3679 5627 de

2076 5652 2378 5706 mutatione
2404 5655 2706 5708 secumlum
2739 5652 2964 5709 alteram
2990 5657 3278 5714 visionem.
3311 5655 3501 5716 Priore
3526 5660 3673 5716 enim

458 5830 506 5862 ’τ
548 5828 711 5883 Rom.
757 5842 833 5890 st.
870 5827 964 5882 24.
1044 5827 1090 5859 ⁵⁸
1138 5828 1291 5884 Deut.
1327 5843 1378 5893 ν,
1420 5828 1508 5905 '51..
1553 5830 1596 5860 τ’
1640 5828 1815 5885 Galnl.
1862 5847 1944 5898 tu,

2157 5832 2201 5863 ιο
2239 5801 2396 5887 ιοαὶι.
2445 5849 2493 5895 ν,
2536 5832 2628 5887 ιδ.
