4130 6470
563 309 628 366 79
868 265 876 272 ’
1585 309 1644 363 s.
1685 305 1965 362 CYRILLI
2006 305 2477 363 ALEXANDRINI
2516 305 2837 365 ARCHlEl'.
2912 328 2919 335 -
3746 312 3821 368 so

548 422 992 494 -veluti.praecisa,
1029 422 1343 492 visioneque
1395 424 1463 477 ad
1513 422 1675 479 aliam
1713 423 2112 492 contemplatio-

2231 422 2423 493 ὥσπερ
2446 423 2545 495 τῆς
2579 424 2833 495 πρώτης,
2894 424 2989 478 καὶ
3037 421 3451 494 μεταφοιτὼσης
3493 422 3594 493 τῆς
3644 422 3823 492 ὅψεως

536 531 683 571 nem
717 524 1053 583 transeunte,
1083 516 1305 571 nomine
1335 516 1714 572 conversionis
1751 517 1802 571 id
1829 516 1972 585 quod
2003 530 2129 571 eve-

559 608 640 661 nit
682 608 844 661 tacite
894 608 1119 661 indicat.
1175 606 1370 662 Mentis
1424 607 1590 675 igitur
1637 607 1826 662 oculos
1874 608 1926 660 in
1963 606 2129 662 altum

559 698 718 764 tollit,
745 697 939 754 deinde
966 697 1157 755 falcem
1193 701 1310 753 avis
1342 699 1517 753 instar
1545 698 1600 753 in
1643 697 1875 754 sublime
1907 697 2130 764 elatam,

556 798 610 844 et
629 791 784 859 quasi
816 789 868 844 in
913 798 1084 843 totum
1130 792 1319 846 orbem
1368 790 1711 847 desilientem
1743 789 1909 846 videt.
1962 789 2128 862 ωε

531 879 631 937 Ea
668 890 790 936 erat
817 896 1080 951 perquam
1122 880 1230 936 lata
1281 890 1338 937 et
1369 882 1550 952 longa.
1586 880 1723 937 Nam
1754 882 1931 938 viceni
1959 882 2130 938 cubiti

553 970 831 1043 longitudo
851 971 987 1039 ejus,
1030 971 1185 1042 cujus
1219 972 1500 1027 dimidium
1541 972 1767 1029 latitudo
1795 972 2123 1028 continebat.

534 1062 839 1129 .Quaerente
878 1078 1097 1117 rursum
1141 1062 1337 1133 angelo
1377 1062 1505 1133 quid
1557 1072 1723 1130 esset,
1772 1072 1829 1120 et
1865 1064 2127 1135 propheta

489 1180 496 1187 ι
550 1154 932 1225 respondente,
958 1167 1018 1209 se
1048 1155 1259 1210 nescire
1289 1172 1303 1209 :
1329 1174 1348 1207 ι
1382 1154 1529 1221 Haec,
1564 1156 1742 1227 inquit
1765 1155 1978 1224 ille,est
2006 1170 2126 1210 ma-

523 1247 770 1302 -tedictio
795 1246 1086 1318 egrediens
1124 1261 1287 1316 super
1324 1248 1518 1304 faciem
1565 1249 1836 1305 universae
1878 1256 2058 1316 teme,
2097 1266 2118 1302 ι

537 1349 603 1394 et
666 1340 844 1409 pmnis
900 1340 1352 1409 respondentibus
1409 1340 1638 1397 induens
1690 1340 2006 1411 periurum,
2067 1347 2125 1395 et

546 1443 671 1483 eum
701 1443 768 1484 eo
798 1428 997 1483 furem.
1033 1429 1099 1483 Et
1132 1429 1277 1499 quod
1328 1429 1545 1499 quidem
1580 1430 1646 1486 ad
1688 1430 2120 1486 manifestiorem

547 1520 709 1590 hujus
741 1522 943 1576 ostenti
979 1519 1406 1577 declarationem
1449 1523 1664 1588 attinet,
1690 1522 1842 1577 nulla
1877 1531 1962 1578 est
1986 1521 2124 1577 ditii-

531 1612 743 1666 cultas.
808 1609 1115 1667 Maledictio
1155 1610 1300 1668 enim
1350 1613 1530 1668 divina
1574 1612 1722 1669 fures
1773 1623 1827 1669 et
1868 1629 1990 1670 cum
2036 1615 2119 1671 bis

526 1703 787 1774 .pejerare
832 1701 1025 1760 solitos
1068 1703 1227 1773 plane
1270 1705 1580 1773 occupabit,
1624 1715 1681 1760 et
1731 1704 2117 1776 propemodum

540 1796 681 1852 falce
701 1804 988 1866 protervos
1010 1796 1311 1862 demetens,
1333 1795 1515 1850 fenum
1540 1804 1802 1851 tectorum
1824 1798 2009 1852 reddet
2030 1797 2073 1829 “
2098 1839 2114 1866 ,
2147 1779 2192 1840 Β

542 1898 596 1943 et
622 1887 730 1958 igni
751 1887 1068 1942 alimentum
1097 1885 1266 1954 dabit,
1291 1896 1346 1941 et
1374 1887 1425 1941 in
1466 1886 1684 1942 domum
1717 1887 1817 1941 viri
1849 1889 2111 1956 ingressa,

543 1978 704 2031 talem
738 1990 929 2031 rursus
965 1975 1149 2044 ipsum.
1186 1975 1461 2040 conficiet,
1508 1985 1563 2030 et
1601 1976 1826 2046 agitabit
1870 1987 2111 2033 strenue.

539 2071 748 2124 Censeo
790 2081 953 2136 porro
998 2081 1194 2122 causas
1243 2068 1560 2136 proficiendi
1614 2068 1792 2123 studio
1843 2070 2114 2125 curiosius

540 2160 984 2232 perscrutandas,
1014 2158 1084 2214 ob
1119 2174 1257 2230 quas
1288 2175 1529 2230 prmsens
1557 2174 1721 2229 quam
1767 2160 1820 2214 in
1866 2162 2116 2217 manibus

543 2254 809 2310 habemus
842 2253 982 2310 visio
1021 2253 1235 2308 caeteris
1276 2252 1491 2324 adjungi
1530 2250 1739 2307 debuit.
1783 2250 1962 2319 Quare
2008 2253 2115 2324 (in-

539 2347 692 2414 quiet
726 2340 920 2413 aliquis
956 2343 1233 2413 aaquitatis
1278 2343 1672 2411 studiosorum)
1715 2356 1838 2397 cum
1880 2342 2112 2411 plurima

537 2445 760 2509 peccata
791 2435 1267 2491 committerentur
1304 2434 1359 2488 in
1401 2434 1534 2498 vita,
1573 2444 1628 2490 et
1669 2443 1781 2489 tum
1815 2434 1907 2489 lilii
1947 2434 2115 2490 lsrael

536 2525 767 2580 diversis
805 2537 865 2579 se
907 2521 1233 2578 criminibus
1269 2524 1785 2593 eommacnlasscnt,
1819 2524 1950 2582 solis
1983 2524 2114 2580 furi-

535 2618 637 2672 bus
681 2623 736 2671 et
783 2613 1019 2685 perjuris
1073 2611 1399 2682 supplicium
1460 2612 1613 2671 falcis
1643 2616 1914 2684 ingruisse
1954 2615 2110 2683 dicit,

535 2706 652 2761 sive
692 2704 878 2776 egredi
918 2703 1379 2771 tnaledictionem,
1423 2705 1807 2763 detondentem
1847 2722 1984 2777 quos
2021 2709 2115 2763 de-

527 2795 906 2869 prehenderit,
946 2804 1002 2851 et
1024 2804 1434 2851 consumentem
1468 2798 1733 2867 penitus?
1763 2801 1848 2855 Ad
1871 2800 1988 2856 haec
2024 2814 2109 2856 re-

543 2889 895 2959 spondemus,
920 2888 1088 2944 Deum
1130 2886 1358 2957 singulis
1396 2888 1726 2959 temporibus
1749 2890 2110 2946 conducentia

536 2982 775 3037 locutum
832 2993 958 3035 esse
1005 2992 1102 3049 per
1151 2978 1445 3048 prophetas
1494 2987 1713 3036 sanctos
1767 2981 2111 3036 audientibus

532 3086 747 3143 semper
778 3068 1173 3127 consulentem.
1209 3066 1307 3123 lllo
1343 3069 1509 3140 igitur
1536 3079 1779 3141 tempore
1806 3073 2111 3129 viventibus

532 3164 675 3217 hanc
704 3160 969 3217 visionem
1001 3158 1240 3213 maxime
1268 3168 1453 3212 notam
1486 3174 1611 3214 esse
1637 3160 1946 3228 oportebat.
1971 3160 2110 3215 Cau-

534 3270 622 3311 sas
649 3232 1028 3321 subjiciemus:
1048 3258 1103 3305 et
1123 3248 1638 3320 opportunissimam
1667 3251 1841 3308 fuisse
1876 3254 2105 3310 demon-

496 3390 501 3393 Α
529 3346 845 3403 strabimus.
879 3328 1091 3397 Etenim
1122 3342 1283 3397 simul
1309 3351 1472 3412 atque
1499 3342 1753 3398 Chaldaza
1804 3344 2017 3411 relicta,
2054 3354 2110 3401 et

528 3455 563 3493 a
588 3439 719 3509 jugo
764 3434 1047 3491 servitutis
1077 3432 1335 3488 vindicati
1362 3432 1619 3490 israelitae
1646 3436 1703 3503 in
1745 3434 1985 3492 Judaeam
2017 3450 2108 3491 re-

532 3537 833 3595 verterunt,
866 3524 1412 3594 Hierosolytnamque
1458 3537 1806 3599 receperunt,
1853 3544 1975 3585 cum
2014 3544 2108 3584 eos

536 3619 809 3676 veteribus
848 3618 954 3672 illis
989 3616 1198 3673 delictis
1232 3618 1450 3673 modum
1480 3632 1705 3685 ponere,
1738 3630 1791 3675 et
1832 3636 2108 3691 regressus

505 3713 598 3769 .ad
631 3712 891 3767 salutaria
917 3749 933 3776 ,
985 3718 1234 3765 anteacta
1282 3711 1593 3779 emendare,
1643 3721 1697 3766 et
1735 3711 2105 3781 liberatorem,

530 3804 787 3859 voluntati
807 3805 924 3873 ejus
954 3802 1249 3857 serviendo
1286 3816 1535 3857 recreare
1561 3805 1895 3872 conveniret,
1916 3804 2107 3862 nihilo-

529 3897 728 3963 minus,
758 3894 809 3949 in
844 3893 1054 3950 scelere
1084 3893 1524 3963 perseverabant,
1584 3895 1896 3967 prmscripta
1927 3895 2103 3968 legum

528 3989 700 4046 libere
725 3988 1005 4044 violantes.
1043 3986 1177 4042 Nam
1218 4003 1340 4043 cum
1364 3988 1628 4043 vetuisset
1655 3988 1831 4045 Moses
1858 3989 2104 4062 coniugia

527 4097 649 4137 cum
698 4078 1020 4150 alienigenis
1066 4078 1392 4136 mulieribus
1416 4078 1461 4111 “
1486 4118 1502 4145 ,
1544 4078 1622 4133 illi
1657 4078 1819 4148 hujus
1863 4081 2102 4137 mandati

527 4173 727 4240 securi,
759 4186 880 4226 cum
911 4170 1128 4226 filiabus
1156 4169 1456 4226 vicinarum
1483 4169 1724 4241 gentium
1749 4185 1980 4243 corpora
2013 4184 2103 4228 co-

507 4265 805 4333 .pulabant,
865 4262 1280 4332 alienorumque
1337 4261 1631 4318 liberorum
1682 4272 1863 4335 patres
1903 4260 2102 4320 elﬁcie-

527 4357 748 4419 hantur,
779 4360 832 4408 et
859 4353 1078 4421 insuper
1112 4361 1357 4408 sanctam
1387 4355 1662 4410 civitatem
1696 4354 1863 4425 impio
1893 4356 2101 4412 semine

2234 516 2322 573 ἐπὶ
2363 516 2596 587 θεωρίαν
2638 516 2853 587 ἑτέραν.
2887 514 2966 585 τῷ
3000 514 3119 585 τῆς
3134 513 3473 584 ἐπιστροφῆς
3503 513 3726 583 ὀνόματι
3759 516 3823 567 τὸ

2236 604 2453 673 συμϐάν
2502 604 2813 669 ὑποφαίνει.
2843 602 3000 673 Αἴρει
3042 603 3221 657 τοίνυν
3257 605 3338 667 είς
3372 601 3505 673 ὕψος
3550 603 3655 674 τῆς
3700 603 3821 658 δια-

2232 694 2378 759 νοίας
2414 696 2540 759 τοὺς
2572 694 2922 765 ὀφθαλμοὺς,
2962 689 3082 761 εἶτα
3123 694 3389 766 δρέπανον
3431 695 3568 766 ὁρᾷ,
3612 694 3819 763 πτηνοῦ

2230 786 2409 856 δίκην,
2440 785 2578 856 ὑψοῦ
2618 803 2678 839 τε
2704 786 2966 858 ἠρμένον,
2996 786 3093 839 καὶ
3126 781 3240 840 οἷον
3278 788 3357 848 είς
3394 787 3575 839 πᾶσαν
3606 785 3820 857 διᾷττον

2228 876 2328 949 τήν
2360 878 2484 948 γῆν.
2509 872 2618 930 Ἦν
2646 877 2706 930 δὲ
2755 878 2820 948 δὴ
2850 876 2969 930 λίαν
3009 875 3141 948 εὐρύ
3187 893 3250 929 τε
3292 877 3387 930 καὶ
3418 875 3682 947 εὖμηκες.
3719 875 3815 929 El-

2230 970 2517 1040 κοσάπηχυ
2549 968 2652 1040 μὲν
2681 967 2788 1039 γάρ
2814 968 2876 1022 τὸ
2898 968 3081 1039 μῆκος
3106 967 3276 1039 αὐτῷ,
3302 969 3361 1022 ὲν
3391 967 3580 1040 ήμίσει
3603 967 3662 1022 δὲ
3692 966 3817 1021 τού-

2225 1076 2321 1115 του
2349 1060 2412 1114 τὸ
2444 1059 2667 1124 πλάτος.
2704 1060 3001 1133 Ἐρομένου
3034 1058 3091 1113 δὲ
3121 1058 3215 1113 τοῦ
3254 1059 3511 1129 ἀγγέλου,
3541 1059 3596 1112 τί
3629 1058 3696 1112 ἂν
3725 1058 3817 1129 εἴη

2227 1135 2425 1218 πάλίνε,
2474 1152 2569 1206 καὶ
2617 1151 2694 1223 μὴ
2742 1150 2945 1206 εἰδέναι
2996 1152 3296 1221 φάσκοντος
3344 1150 3440 1204 τοῦ
3493 1151 3776 1222 προφήτου
3796 1191 3813 1213 ,

2232 1264 2252 1296 «
2278 1243 2452 1315 Αὕτη,
2480 1246 2665 1314 φησὶν,
2696 1245 2730 1316 ή
2757 1243 2934 1316 ἀρά’ή
2962 1244 3372 1314 ἐκπορευομένη
3401 1242 3495 1296 ἐπὶ
3521 1242 3818 1315 πρόσωπον

2226 1337 2408 1407 πάσης
2437 1340 2537 1409 τῆς
2576 1337 2701 1407 γῆς,
2727 1356 2748 1390 ι
2781 1336 2878 1390 καὶ
2912 1339 3035 1400 ταῖς
3065 1337 3201 1417 αὐτῇ
3238 1336 3577 1409 πρεπούσαις
3606 1338 3817 1390 ὲνιεϊσα

2224 1430 2435 1492 ποιναῖς
2461 1429 2552 1482 τὸν
2573 1429 2851 1500 ὲπίορκον,
2881 1429 2976 1483 καὶ
3004 1428 3100 1482 σὺν
3125 1429 3274 1499 αὐτῷ
3299 1428 3389 1483 τὸν
3419 1428 3678 1499 κλέπτην.
3702 1427 3816 1479 Καὶ

2221 1517 2345 1572 ὅσον
2382 1520 2482 1585 μὲν
2512 1520 2636 1590 ῆκει
2663 1521 2744 1582 είς
2770 1519 3184 1589 ἐμφανεστέραν
3227 1517 3461 1590 δήλωσιν
3488 1515 3588 1587 τὴν
3612 1513 3707 1568 ἐπί
3743 1530 3814 1583 γε

2219 1613 2298 1685 τῷ
2325 1613 2673 1682 δεδειγμένῳ,
2697 1613 2956 1684 δυσχερὲς
2983 1612 3155 1666 οὐδέν.
3193 1612 3326 1684 ’Δρά
3353 1611 3461 1681 γὰρ
3486 1609 3605 1663 θεία
3629 1609 3812 1679 πάντη

2219 1722 2279 1758 τε
2314 1705 2408 1758 καλ⁴
2443 1704 2662 1768 πάντως
2705 1706 3222 1777 κατανεμηθήσεται
3250 1706 3378 1769 τοὺς
3409 1703 3670 1770 κλέπτας,
3711 1703 3815 1755 καὶ

2218 1796 2441 1869 προσέτι
2490 1797 2588 1851 σὺν
2632 1795 2845 1861 τούτοις
2892 1798 3016 1861 τοὺς
3054 1797 3375 1868 ψευδορκεῖν
3423 1794 3681 1860 εἰωθότας
3714 1797 3816 1849 καὶ.

2221 1888 2505 1959 μονονουχὶ
2530 1887 2781 1959 δρεπάνῳ
2812 1889 2937 1960 τοὺς
2969 1888 3230 1959 ὑϐριστάς
3256 1887 3644 1958 ἀποκείρουσα,
3673 1887 3814 1958 χόρ-

2216 1994 2307 2032 τον
2332 1978 2599 2048 ἀποφανεί
2619 1978 2905 2049 δωμάτων,
2934 1979 3027 2032 καὶ
3057 1978 3190 2049 πυρὶ
3236 1977 3428 2031 ’δώσει
3454 1978 3681 2049 τροφὴν,
3707 1978 3814 2032 καὶ

2217 2069 2297 2132 είς
2326 2064 2475 2131 οἷκον
2522 2069 2714 2140 ἀνδρὸς
2759 2069 3060 2137 είσελῶσα,
3094 2068 3339 2124 τοιοῦτον
3386 2070 3696 2125 συντελέσει
3742 2089 3812 2124 τε

2217 2159 2378 2214 πάλιν
2414 2160 2599 2223 αὑτὸν,
2648 2161 2742 2214 καὶ
2786 2161 3141 2233 καταδονήσει
3187 2161 3472 2231 γεννικῶς.
3505 2162 3718 2234 Χρῆναι
3746 2163 3814 2218 δὲ

2215 2247 2368 2322 οἶμαι
2406 2250 2718 2323 φιλομαθῶς
2746 2252 3219 2326 πολυπραγμονεῖν
3244 2254 3343 2318 τὰς
3374 2255 3570 2321 αἰτίας,
3604 2256 3691 2324 ἐφ’
3714 2250 3813 2318 αἷς

2216 2342 2249 2412 ή
2282 2340 2551 2413 παροῦσα,
2578 2343 2672 2396 καὶ
2701 2344 2759 2396 ὲν
2791 2343 2978 2414 χερσὶν
3024 2346 3156 2414 ήμίν
3184 2345 3394 2415 ὅρασις,
3421 2345 3497 2409 ὡς
3528 2345 3814 2414 ἀναγκαία.

2213 2435 2333 2498 ταῖς
2362 2433 2547 2498 ἄλλαις
2577 2436 3100 2507 συνεισκεκόμισται.
3142 2435 3281 2489 Ἀνθ’
3303 2437 3426 2490 ὅτου
3451 2436 3529 2498 δὲ,
3557 2436 3692 2507 φαίη
3715 2453 3811 2498 τις

2215 2524 2281 2579 ἂν
2325 2524 2434 2580 τῶν
2467 2527 2904 2598 ἐπιεικεστέρων,
2940 2527 3207 2581 πλείστων
3255 2544 3315 2580 τε
3357 2529 3497 2581 ὅσων
3538 2528 3805 2599 πλημμε-

2213 2614 2469 2686 λημάτων
2513 2620 2682 2675 ὅντων
2730 2619 2874 2674 κατὰ
2914 2620 3007 2673 τὸν
3067 2618 3200 2688 βίον,
3246 2618 3341 2672 καὶ
3375 2621 3488 2690 μὴν
3520 2620 3577 2672 ὲν
3612 2617 3805 2688 διαφό-

2214 2723 2330 2779 ροις
2362 2707 2530 2763 ὄντων
2561 2709 2904 2780 αἰτιαμάτων
2937 2708 2998 2763 τὸ
3025 2709 3285 2781 τηνικάδε
3310 2709 3419 2763 τῶν
3455 2706 3514 2774 ἐξ
3559 2708 3798 2781 Ἰσραὴλ.

2214 2798 2357 2853 κατά
2386 2798 2562 2870 μόνων
2590 2796 2839 2855 κλεπτῶν
2863 2817 2924 2854 τε
2945 2799 3042 2854 καὶ
3067 2799 3414 2872 ψευδομοτῶν
3452 2798 3550 2872 τὴν
3574 2798 3663 2853 διὰ
3700 2800 3801 2853 τοῦ

2211 2889 2478 2962 δρεπάνου
2526 2891 2719 2965 ποινὴν
2769 2891 3110 2965 δτιηρτῆσθαί
3164 2908 3349 2963 φησιν,
3399 2887 3568 2962 ήγουν
3627 2892 3799 2946 ἐκπο-

2217 2980 2468 3052 ρεύεσθαι
2491 2982 2589 3054 τὴν
2617 2984 2776 3056 ἀρὰν,
2808 2984 3211 3055 ἀποκείρουσαν
3233 2983 3360 3047 τοὺς
3384 2983 3799 3055 ἁλισκομένους,

2214 3075 2309 3129 καὶ
2348 3076 2704 3131 συντελοῦσαν
2737 3077 2816 3141 είς
2844 3075 3031 3144 ἆπανς
3065 3077 3209 3149 Πρὸς
3237 3076 3303 3148 δή
3332 3072 3403 3130 τὰ
3426 3075 3656 3133 τοιαῦτά
3692 3094 3803 3147 φα-

2215 3183 2336 3236 μεν,
2367 3167 2448 3221 ὅτι
2485 3166 2556 3221 τά
2589 3167 2806 3239 ἑκάστῳ
2852 3171 3102 3239 χρήσιμα
3133 3166 3313 3239 καιρῷ
3343 3167 3432 3222 διά
3477 3167 3588 3223 τῶν
3625 3168 3805 3239 ἁγίων

2212 3257 2503 3329 προφητῶν
2530 3257 2708 3313 ἐλάλει
2730 3257 2884 3323 Θεὸς,
2910 3257 2996 3313 ἀεί
3025 3275 3143 3322 πως
3170 3257 3395 3328 ὠφελῶν
3422 3256 3547 3323 τοὺς
3572 3257 3806 3313 ἀκούον-

2209 3365 2327 3412 τας.
2367 3344 2476 3402 Ἦν
2519 3345 2613 3403 οὗν
2664 3352 2957 3418 ἀναγκαῖον
2992 3352 3106 3415 τοῖς
3142 3350 3214 3404 τὸ·
3250 3349 3501 3421 τηνικάδε
3557 3349 3800 3421 μάλιστα

2208 3436 2414 3509 ταύτην
2460 3438 2609 3510 σαφῆ
2662 3436 2920 3507 γενέσθαι
2964 3439 3062 3510 τὴν
3107 3440 3318 3511 ὅρασιν.
3368 3436 3690 3509 Ἐποίσομεν
3734 3439 3798 3493 δὲ

2208 3528 2306 3593 τὰς
2333 3529 2530 3595 αἰτίας,
2564 3530 2989 3602 ὲπικαιροτάτην
3015 3525 3180 3585 οὖσαν
3208 3530 3536 3594 δεικνύντες.
3572 3527 3797 3600 Ἐπειδὴ

2208 3619 2316 3690 γάρ
2344 3619 2442 3692 τὴν
2474 3621 2585 3675 τῶν
2610 3622 2893 3677 Χαλδαίων
2922 3624 3151 3693 ἀφέντες
3182 3622 3333 3694 μόλις
3368 3623 3418 3677 oi
3450 3621 3510 3687 ἐξ
3549 3619 3794 3693 Ἰσραὴλ,

2209 3711 2303 3763 καὶ
2349 3712 2441 3765 τὸν
2491 3715 2591 3784 τῆς
2636 3713 2880 3778 δουλείας
2920 3713 3322 3784 ἀπολυσάμενοι
3365 3713 3550 3781 ζυγὸν,
3594 3711 3796 3767 ἀπενόε

2208 3818 2411 3874 στησαν
2438 3804 2519 3868 εἰς
2557 3804 2661 3875 τὴν
2696 3805 2977 3872 Ἰουδαίαν,
3007 3806 3100 3859 καὶ
3143 3801 3283 3878 ἦσαν
3312 3805 3370 3858 ὲν
3409 3806 3522 3868 τοῖς
3564 3802 3797 3875 Ἱεροσοο

2204 3892 2417 3965 λύμοις,
2451 3895 2570 3951 δέον
2597 3897 2897 3970 ἀπέχεσθαι
2929 3896 3039 3952 τῶν
3069 3898 3311 3969 ἀρχαίων
3338 3897 3563 3951 ἐκείνων
3603 3894 3793 3967 πλημ-

2208 3989 2556 4061 μελημάτων,
2582 3992 2676 4046 καὶ
2705 3994 2822 4058 ταῖς
2844 3994 2924 4057 εἰς
2944 3992 3006 4046 τὸ
3030 3991 3252 4064 ἄμεινον
3274 3992 3605 4063 ἀναδρομαὶξ
3629 3991 3801 4043 ἔπαν-

2204 4082 2396 4152 ορθοῦν
2424 4099 2483 4137 τε
2530 4083 2598 4137 τὰ
2631 4083 2936 4155 φθάσαντα,
2980 4084 3073 4137 καὶ
3109 4083 3530 4156 κατευφραίνειν
3561 4080 3654 4136 τὸν
3695 4081 3793 4134 λυ·-

2202 4172 2436 4244 τρωτὴν,
2466 4173 2535 4228 τὰ
2554 4173 2704 4245 αὑτῷ
2727 4172 2987 4229 δοκοῦντα
3013 4170 3252 4244 πληροῦν
3277 4170 3607 4245 ᾑρημένους,
3631 4168 3789 4224 οὐδὲν

2201 4257 2363 4336 ἦττον
2387 4260 2528 4336 ἦσαν
2556 4267 2729 4319 ὁποῖοι
2758 4264 2851 4319 καί
2878 4281 3031 4330 ποτε,
3060 4263 3432 4335 παραλύοντες
3458 4262 3788 4332 ἀφυλάκτως

2203 4356 2262 4410 τὸ
2284 4356 2361 4428 τῷ
2397 4357 2546 4429 νόμῳ
2577 4356 2788 4411 δοκοῦν.
2824 4357 3257 4427 Ἀποφάσκοντος
3282 4356 3392 4428 γάρ
3422 4355 3515 4410 τοῦ
3539 4356 3781 4419 Μωσέως

533 4445 833 4516 replebant.
869 4441 1042 4497 Erant
1073 4458 1238 4512 porro
1272 4443 1487 4514 quidam
1527 4445 1669 4500 inter
1698 4443 1819 4502 illus
1859 4446 2096 4502 honora-

2213 4447 2263 4501 τὸ
2289 4447 2397 4501 δεῖν
2419 4447 2616 4511 αὐτοὺς
2640 4446 2957 4517 ἀλλοφύλοις
2980 4445 3370 4517 ἐπιμίγνυσθαι
3394 4445 3664 4519 γυναιξὶν,
3687 4446 3786 4499 αὐ-

530 4539 695 4592 tiores
729 4535 798 4590 ab
837 4532 1208 4602 hujuscemodi
1236 4534 1446 4605 piaculo
1479 4536 1621 4592 haud
1649 4536 1936 4606 immunes,
1960 4539 2102 4608 quod

527 4628 736 4682 Esdras
768 4623 996 4681 deﬂebat
1019 4642 1033 4692 ;
1060 4625 1194 4694 quin
1232 4635 1286 4680 et
1312 4627 1577 4683 accedens
1624 4627 1689 4682 ad
1732 4627 1968 4683 divinam
2005 4628 2102 4684 do-

526 4732 671 4771 mum
708 4730 804 4786 pro
840 4715 1024 4787 impiis
1059 4714 1317 4773 fundebat
1347 4731 1557 4786 preces.
1584 4717 1752 4790 696
1788 4718 1927 4785 Quid
1956 4727 2101 4789 post-

525 4808 746 4862 modum
776 4807 1042 4872 evenerit,
1079 4821 1148 4863 ει
1181 4807 1401 4877 scriptis
1426 4809 1545 4878 ejus
1574 4823 1987 4880 cognoscemus,
2011 4809 2100 4865 ubi

524 4902 601 4954 ita
628 4898 857 4968 legimus
885 4917 899 4954 :
934 4919 953 4952 ι
987 4899 1051 4953 Ει
1081 4908 1364 4970 postquam
1393 4915 1556 4956 orans
1580 4899 1782 4957 Esdras
1807 4902 1950 4971 quod
1981 4909 2100 4955 erat

524 4996 773 5066 exposuit
797 4994 929 5051 flens
972 5005 1026 5051 et
1063 4996 1213 5050 humi
1247 4997 1444 5051 cadens
1496 5010 1680 5051 coram
1718 4995 1936 5066 templo,
1987 4994 2096 5050 col-

509 5087 650 5142 “lecti
683 5096 811 5142 sunt
841 5087 910 5141 ad
940 5100 1061 5140 eum
1094 5086 1162 5141 ab
1194 5084 1582 5159 Hierosolymis
1616 5087 1785 5142 turbat
1806 5086 1987 5141 multae
2021 5086 2100 5140 ni-

526 5177 770 5243 tnis,viri
797 5186 853 5231 et
880 5178 1132 5233 mulieres
1179 5186 1234 5232 et
1260 5177 1670 5234 adolescentes:
1706 5192 1935 5248 magnus
1954 5179 2099 5232 enim

512 5276 644 5324 verat
667 5266 826 5323 ﬂetus
865 5268 917 5322 in
943 5268 1158 5338 populo.
1179 5267 1245 5322 Et
1278 5269 1609 5337 respondens
1637 5266 1926 5323 Jechunias
1958 5267 2097 5322 filius

523 5357 657 5417 Jeeli
686 5359 753 5414 de
786 5359 911 5414 filiis
949 5359 1133 5425 Israel,
1172 5359 1307 5413 dixit
1335 5358 1519 5415 Esdrae
1554 5379 1566 5414 :
1601 5357 1708 5414 Nos
1750 5359 2095 5429 praevaricati

520 5465 711 5505 sumus
740 5451 794 5504 in
832 5451 1112 5507 Dominum
1147 5450 1337 5515 Deum,
1382 5461 1432 5507 et
1472 5452 1724 5506 duximus
1770 5450 1926 5506 nobis
1961 5466 2096 5505 uxo-

521 5557 612 5598 res
639 5542 841 5598 alienas
864 5544 928 5599 de
958 5543 1168 5614 populis
1209 5552 1387 5611 terrm,
1420 5552 1473 5598 et
1511 5540 1789 5596 cobabitat
1822 5542 1926 5597 illis
1976 5557 2096 5597 om-

2203 4538 2286 4592 τοὶ⁵
2321 4538 2429 4592 τῶν
2464 4536 2902 4608 τεθεσπισμένων
2952 4535 3109 4606 ὀλίγα
3156 4537 3615 4611 πεφροντικότες,
3660 4539 3783 4602 ταῖς

2201 4625 2311 4681 τῶν
2334 4627 2548 4699 ὁμόρων
2584 4624 2755 4681 ἐθνῶν
2793 4626 3183 4681 συνεπλέκοντο
3211 4627 3534 4698 θυγατράσι,
3561 4626 3657 4681 καὶ
3689 4627 3780 4680 τέ-

2204 4735 2346 4771 κνων
2381 4713 2520 4790 ἦσαν
2553 4717 2848 4788 ἀλλοτρίων
2894 4716 3164 4789 πατέρες,
3211 4717 3304 4771 καὶ
3346 4718 3558 4772 ἀνοσίου
3611 4717 3785 4789 σπέρς

2206 4826 2373 4880 ματος
2416 4808 2595 4880 πλήρη
2642 4807 2802 4864 πάλιν
2840 4808 3230 4878 ἀποφαίνοντες
3274 4808 3374 4881 τὴν
3406 4809 3564 4879 ἁγίαν
3601 4809 3778 4864 πόλιν.

2204 4895 2385 4953 Ἦσαν
2409 4898 2465 4953 δέ
2495 4916 2640 4963 τινες
2668 4900 2760 4953 καὶ
2786 4900 2893 4955 τῶν
2917 4901 2973 4953 έν
2997 4901 3179 4965 αὐτοῖς
3206 4900 3645 4973 ὲπιφανεστέρων
3666 4903 3780 4964 τοῖς

2203 4991 2463 5053 τοιούτοις
2501 4990 2841 5063 ἐνισχημένοι
2880 4991 3245 5063 πταίσμασιν,
3287 4985 3349 5046 οὗ
3385 4991 3448 5063 δὴ
3496 4991 3783 5060 γεγονότος

2206 5084 2526 5153 κατεθρήνει
2556 5082 2655 5153 μὲν
2679 5084 2709 5136 ὁ
2732 5082 2987 5154 Ἔσδρας,
3018 5082 3112 5136 καὶ
3140 5082 3203 5153 δὴ
3226 5083 3319 5136 καὶ
3342 5081 3433 5135 τὸν
3462 5083 3603 5135 θεῖον
3630 5077 3780 5135 οἶκον

2206 5173 2549 5238 καταλαϐὼν,
2595 5173 2694 5236 τὰς
2741 5174 2881 5246 ὑπὲρ
2923 5192 2987 5244 γε
3017 5174 3124 5227 τῶν
3157 5173 3505 5244 ἠσεϐηκότων
3541 5174 3780 5228 ἐποιεῖτο

2202 5264 2373 5327 λιτάς.
2402 5260 2534 5317 Εἶτα
2567 5265 2620 5317 τί
2660 5265 2911 5335 γενέσθαι
2939 5264 3306 5336 συμϐέϐηκεν,
3341 5264 3399 5329 ἐξ
3430 5265 3609 5321 αὐτῶν
3638 5267 3781 5319 eiso-

2206 5356 2344 5427 μεθα
2383 5356 2491 5411 τῶν
2524 5356 2671 5428 αὐτῷ
2708 5358 3134 5429 γεγραμμένων·
3168 5356 3281 5428 ἔχει
3318 5357 3373 5411 δὲ
3406 5356 3580 5412 οὕτω*
3621 5377 3640 5410 t
3670 5356 3781 5412 Καὶ

2202 5448 2290 5501 ὅτε
2337 5447 2765 5521 προσευχόμενος
2784 5450 3028 5522 ’Ἔσδρας
3061 5437 3520 5520 ἀνθωμολογεῖτο,
3553 5449 3776 5516 κλαίων,

2203 5540 2549 5613 χαμαιπετὴς
2601 5540 2910 5613 ἔμπροσθεν
2958 5540 3051 5594 τοῦ
3108 5540 3287 5613 ἱεροῦ,
3338 5542 3779 5616 ἑπισυνήχθησαν

589 5697 634 5730 ”
678 5716 822 5773 Psal.
862 5733 1085 5786 cxxvtu,
1129 5720 1181 5772 6.
1263 5720 1306 5749 θ’
1346 5719 1515 5774 Ειοιι.
1562 5733 1743 5784 xxxn',
1792 5718 1855 5773 l6
1895 5733 1908 5785 ;
1958 5706 2110 5774 Deut.

2215 5733 2249 5785 l,
2295 5717 2326 5772 5
2379 5731 2533 5789 seqq.
