4130 6486
321 422 394 482 81

1197 411 1766 473 COMMENTARIUS
1810 410 1872 467 IN
1916 410 2321 468 ZACHARIAM
2360 410 2814 471 PROPIIETAM.
3582 427 3650 483 εει

326 540 475 613 πρὸς
502 537 673 594 αὑτὸν
710 535 821 592 άπὸ
852 534 1248 608 Ἰεροσολύμων
1290 534 1439 606 ὄχλοι
1487 533 1673 588 πολλοὶ
1704 534 1910 607 σφόδρα
1929 575 1943 600 ,

2071 535 2138 589 iis
2174 534 2365 590 Israel.
2393 536 2453 590 In
2495 535 2601 591 hoc
2629 536 3001 605 percutiamus
3043 535 3220 593 lcedus
3258 550 3379 589 cum
3420 535 3648 591 Domino

326 633 552 703 ἄνδρες,
586 631 681 685 καὶ
709 632 992 700 γυναῖκες,
1023 627 1119 683 καὶ
1149 627 1359 682 νεανίαι
1379 646 1393 659 -
1433 626 1711 699 κλαυθμὸς
1743 628 1854 700 γάρ
1881 623 1950 699 ἦν

331 725 519 798 μέγας
550 725 611 779 ὲν
651 724 733 796 τῷ
764 722 984 795 πλήθει.
1018 720 1130 775 Καὶ
1163 721 1424 793 φωνήσας
1460 721 1716 792 Ἰεχονίας
1749 719 1948 792 Ἰεήλου

327 818 446 872 τῶν
476 816 616 872 υἱῶν
646 814 868 889 Ἰσραὴλ
897 809 1051 869 εἶπεν
1076 814 1314 887 Ἔσδρᾳο
1348 834 1367 867 ί
1410 813 1602 886 Ἡμεῖς
1626 815 1951 888 ἡμάρτομεν

330 912 420 976 εἰς
461 909 672 983 Κύριον
703 909 796 963 τὸν
847 907 1006 977 Θεὸν,
1045 907 1142 963 καὶ
1173 906 1560 980 συνῳκίσαμεν
1600 908 1818 973 ἑαυτοῖς
1852 924 1952 978 γυ-

334 1005 539 1067 ναῖκας
574 1000 886 1072 ἁλλογενεῖς
911 1000 1022 1055 ἀπὸ
1048 1001 1158 1054 τῶν
1187 999 1361 1054 ἐθνῶν
1389 998 1491 1070 τῆς
1523 998 1658 1070 γῆς,
1691 1000 1787 1054 καὶ
1828 1000 1952 1054 σύν-

331 1107 495 1144 εστιν
524 1089 720 1153 αὐταῖς
752 1091 862 1154 πᾶς
897 1088 1139 1162 Ἰσραήλ.
1182 1089 1273 1144 Ἐν
1312 1089 1491 1162 τούτῳ
1524 1090 1772 1160 γενέσθω
1818 1092 1953 1163 ἡμῖν

332 1180 666 1253 ὁρκωμοσία
708 1180 847 1252 πρὸς
883 1179 977 1234 τὸν
1024 1179 1257 1253 Κύριον,
1312 1179 1567 1236 ἐκϐαλεῖν
1620 1182 1801 1246 πάσας
1854 1181 1955 1247 τὰς

333 1275 617 1345 γυναῖκας
672 1272 855 1346 ἡμῶν,
915 1273 1017 1339 τὰς
1063 1275 1129 1329 ὲκ
1164 1274 1276 1328 τῶν
1323 1273 1656 1343 ἀλλογενῶν,
1705 1276 1803 1329 σὺν
1841 1278 1955 1340 τοῖς

332 1364 560 1432 τέκνοις
589 1365 794 1431 αὐτῶν,
829 1364 905 1430 ὡς
942 1365 1143 1440 ἐκρίθη
1180 1367 1267 1421 σοὶ
1296 1356 1391 1422 καὶ
1423 1357 1539 1422 ὂῗςοι
1593 1366 1954 1440 πειθαρχοῦσι

336 1456 424 1529 τῷ
448 1458 624 1529 νόμῳ.
659 1456 921 1523 Ἀνάστα,
948 1456 1213 1511 ἐπιτέλει·
1239 1456 1377 1531 πρὸς
1400 1456 1459 1510 σὲ
1483 1455 1593 1529 γὰρ
1613 1455 1675 1510 τὸ
1697 1456 1953 1527 πρᾶγμα,

336 1551 443 1604 καὶ
480 1550 652 1622 ἡμεῖς
686 1549 826 1622 μετά
860 1549 954 1602 σοῦ
989 1550 1144 1621 ἰσχὺν
1178 1551 1371 1604 ποιεῖν,
1416 1550 1527 1603 Καὶ
1554 1549 1796 1613 ἀναστὰς
1826 1549 1958 1603 Ἔσ-

336 1643 503 1717 δρας,
541 1642 750 1717 ὥρκισε
782 1643 914 1707 τοὺς
945 1642 1260 1716 φυλάρχους
1287 1641 1396 1697 τῶν
1428 1643 1642 1716 ἱερέων,
1672 1643 1770 1697 καὶ
1803 1643 1960 1696 Λευῖ-

338 1740 459 1795 τῶν
492 1739 701 1804 παντὸς
736 1737 956 1812 Ἰσραὴλ
999 1739 1223 1811 ποιῆσαι
1240 1737 1409 1805 ικατά
1440 1737 1635 1805 ταῦτα,
1683 1737 1779 1793 καὶ
1807 1735 1956 1809 ὥμο-

343 1851 472 1889 σαν.
505 1826 543 1886 ι¹
571 1834 925 1906 Ὀμωμοκόσι
955 1832 1021 1905 δὴ
1049 1826 1144 1887 οὖν
1174 1829 1252 1903 τῷ
1302 1831 1458 1903 νόμῳ
1505 1830 1773 1885 δοκοῦντα
1818 1829 1960 1902 πλη-

2052 626 2120 681 ad
2149 625 2474 696 ejiciendum
2509 642 2702 682 omnes
2741 627 3001 685 mulieres
3044 636 3264 684 nostras
3286 643 3354 683 ex
3393 627 3649 697 alienige-

2051 735 2159 786 ιιιε,
2192 734 2318 776 cum
2354 718 2546 775 liberis
2573 719 2843 791 ipsarum,
2877 728 2938 777 ut
2966 720 3268 793 iudicatum
3308 729 3392 775 est
3425 734 3455 774 a
3497 728 3570 785 te,
3598 726 3655 775 et

2052 813 2309 869 omnibus
2335 813 2427 884 qui
2465 813 2592 868 huic
2618 814 2723 886 legi
2752 815 3154 885 obtemperant.
3197 814 3394 884 Surge,
3438 813 3548 880 fac,
3585 814 3656 867 ad

2054 915 2109 962 te
2136 905 2282 961 enim
2317 904 2597 977 negotium
2644 906 2909 976 pertinet,
2952 915 3007 961 et
3058 921 3158 963 nos
3205 917 3382 962 tecum
3419 905 3486 960 ad
3525 919 3657 960 con-

2055 1003 2389 1059 fortandam.
2424 1002 2492 1057 Et
2526 1001 2767 1059 surrexit
2794 999 3020 1068 Esdras,
3058 1008 3112 1056 et
3146 998 3421 1068 adjuravit
3450 996 3657 1069 princi-

2055 1109 2151 1167 pes
2190 1093 2536 1152 sacerdotum
2574 1104 2631 1150 et
2670 1092 2992 1149 Levitarum
3047 1093 3217 1149 totius
3266 1088 3434 1146 Israel
3471 1098 3530 1144 ut
3582 1085 3660 1142 fa-

2057 1194 2248 1241 cerent
2286 1184 2591 1242 secundum
2615 1185 2763 1253 haec;
2804 1194 2863 1242 et
2884 1182 3211 1253 iuraverunt
3252 1183 3319 1238 ⁸³.
3354 1201 3372 1236 ι
3402 1181 3536 1238 Cmn
3572 1178 3662 1251 ju-
3724 1196 3732 1213 α

2057 1285 2275 1331 rassent
2319 1274 2486 1348 igitur
2530 1277 2600 1332 de
2640 1276 2822 1348 legum
2868 1275 3108 1332 decretis
3139 1273 3529 1345 exsequendis,
3575 1286 3664 1331 ne-

2058 1356 2361 1426 cessarium
2409 1379 2531 1427 erat
2583 1370 3023 1426 maledictiouem
3077 1384 3244 1439 supra
3298 1377 3465 1439 caput
3514 1381 3658 1430 esse,

2059 1480 2183 1534 quae
2223 1464 2476 1535 peierare
2509 1464 2701 1521 solitos
2734 1463 3096 1520 inclementer
3140 1461 3371 1527 invadit,
3410 1469 3468 1515 ut
3503 1460 3661 1532 jura-

2063 1558 2131 1614 tis
2158 1566 2388 1615 starent.
2418 1547 2715 1629 Postquam
2752 1567 2932 1614 autem
2991 1555 3193 1626 templo
3236 1555 3424 1610 divino
3456 1554 3662 1609 extudi-

2063 1649 2278 1707 licando
2330 1652 2554 1721 grandis
2588 1652 2817 1723 pecunia
2848 1659 3042 1708 exacta
3088 1658 3196 1716 est,
3245 1648 3443 1719 partim
3501 1647 3665 1703 Dario

2062 1745 2322 1811 donante,
2361 1745 2560 1816 partim
2611 1744 2809 1817 populo
2842 1743 3131 1811 offerente,
3178 1740 3479 1799 verisimile
3525 1750 3664 1804 erat.

2063 1834 2333 1904 quosdam
2382 1836 2451 1891 ad
2496 1850 2619 1892 eam
2670 1837 3095 1908 dispensandam
3140 1834 3474 1891 constitutos
3515 1846 3668 1902 quaa-

343 1925 503 1999 ροῦν,
544 1921 615 2000 ἦν
653 1944 773 1990 πως
804 1928 1106 1996 ἀναγκαῖον
1144 1924 1454 1996 ὲπαρτῆσαι
1490 1925 1595 1996 τὴν
1645 1923 1807 1994 ἀρὰν,
1864 1923 1962 1993 τὴν

2071 1928 2190 1984 dam
2235 1928 2303 1983 ad
2355 1928 2451 1984 Dei
2498 1928 2730 2000 gloriam
2772 1928 2957 1985 oblata
3007 1936 3258 1984 avertere
3288 1926 3354 1982 “.
3390 1925 3571 1993 Quare
3612 1933 3672 1981 et

338 2023 462 2084 τοῖς
482 2019 808 2090 ψευδορκεῖν
842 2017 1090 2073 εἰωθόσιν
1114 2017 1345 2090 ἀπηνῶς
1370 2015 1846 2088 ὲπιθρώσκουσαν,
1874 2016 1961 2070 ἵνα

342 2115 446 2168 καὶ
479 2113 731 2182 γένοιντο
770 2111 1014 2184 φύλακες
1040 2111 1150 2165 τῶν
1174 2109 1612 2184 ὀμωμοσμένων.
1656 2108 1879 2180 Ἐπειδὴ
1903 2107 1960 2161 δὲ

340 2205 813 2278 οἰκοδομουμένου
871 2204 966 2258 τοῦ
1025 2203 1176 2258 θείου
1232 2204 1363 2259 ναοῦ
1417 2202 1589 2274 πολλὴ
1661 2202 1964 2275 χρημάτων

341 2294 601 2367 ἄθροισις
641 2288 733 2366 ἦν,
775 2292 935 2349 τοῦτο
973 2294 1072 2365 μὲν
1107 2293 1337 2366 Δαρείου
1373 2292 1658 2365 νέμοντος,
1707 2292 1868 2347 τοῦτο
1899 2292 1958 2346 δὲ

302 2424 305 2427 μ
341 2388 446 2442 τοῦ
490 2385 623 2441 λαοῦ
656 2387 1189 2459 προσκεκομικότος,
1222 2382 1345 2441 εἶτά
1375 2402 1532 2450 τινας
1570 2380 1640 2457 ἦν
1673 2385 1822 2449 εἰκὸς
1850 2385 1963 2439 τῶν

344 2482 419 2535 τὰ
463 2480 652 2535 τοιάδε
702 2481 929 2535 διοικεῖν
988 2481 1439 2552 ἐπιτεταγμένων
1501 2478 1964 2549 ἀπονοσφίζεσθαί

349 2592 480 2630 τινα
507 2574 617 2629 τῶν
648 2575 730 2638 είς
770 2573 931 2639 δόξαν
962 2573 1102 2628 Θεοῦ
1144 2573 1732 2647 προσκεκομισμένων.
1773 2572 1960 2644 Ταύτῃ

352 2687 436 2724 τοι
471 2672 570 2725 καὶ
612 2670 759 2724 κατά
790 2667 1043 2722 κλεπτῶν
1092 2667 1230 2723 ἱέναι
1275 2669 1374 2741 τὴν
1413 2668 1554 2742 ἀρὰν
1590 2667 1737 2740 μάλα
1771 2667 1962 2739 φησὶν,

352 2763 445 2817 ῖνα
477 2764 577 2818 καὶ
622 2764 783 2819 αὐτοὶ
832 2764 1143 2837 λημμάτων
1175 2762 1419 2837 αἰσχρῶν
1462 2762 1753 2832 γεγονότες
1801 2760 1965 2833 ἀμεί-

352 2874 515 2923 νους,
555 2858 634 2931 μὴ
677 2858 787 2913 τῶν
829 2858 996 2931 ἱερῶν
1033 2856 1288 2912 ἂπτοιντο
1330 2855 1656 2928 χρημάτων,
1703 2856 1784 2921 εἰς
1830 2856 1966 2922 ἰδίας

2071 2022 2512 2079 maledictionem
2576 2022 2789 2080 furibus
2842 2033 3296 2094 superventuram
3360 2017 3670 2076 rectissime

2071 2116 2223 2181 dicit,
2258 2126 2318 2171 ut
2370 2125 2426 2171 et
2461 2116 2564 2186 ipsi
2597 2131 2628 2171 a
2680 2116 2824 2187 turpi
2864 2126 3072 2186 quaestu
3113 2114 3327 2181 invicti,
3380 2112 3667 2184 pecuniam

2070 2225 2282 2265 sacram
2322 2224 2390 2265 ne
2430 2210 2797 2280 attingerent,
2831 2212 2898 2266 ad
2926 2211 3172 2281 privatos
3199 2222 3331 2263 usus
3365 2222 3486 2261 eam
3528 2220 3669 2260 cono

2070 2303 2333 2359 ferentes.
2366 2302 2545 2373 Atque
2598 2304 2717 2360 haec
2766 2303 2994 2360 visionis
3032 2314 3119 2358 est
3167 2299 3407 2358 occasio.
3456 2297 3671 2352 Formi-

2075 2398 2254 2453 danda
2291 2407 2475 2453 autem
2522 2409 2609 2453 est
2657 2396 2981 2452 maledictio.
3019 2403 3075 2451 et
3116 2393 3274 2450 falcis
3312 2392 3483 2449 sectio
3525 2389 3673 2446 furto

2074 2499 2131 2545 et
2155 2489 2398 2561 perjurio
2425 2491 2683 2556 assuetis,
2715 2489 2973 2561 quoniam
3001 2488 3154 2544 Deus
3189 2487 3258 2544 ad
3309 2484 3517 2541 exitum
3548 2499 3671 2539 om-

2072 2582 2204 2637 nino
2242 2585 2511 2653 perducet
2544 2598 2666 2655 qua:
2699 2583 2964 2651 decrevit,
2994 2592 3052 2638 et
3089 2596 3267 2651 neque
3292 2580 3526 2647 furibus,
3577 2594 3674 2633 nec

2073 2688 2179 2745 que
2207 2674 2332 2732 aliis
2356 2685 2575 2748 parcet.
2612 2674 2741 2733 Odit
2780 2678 2930 2733 enim
2976 2691 3196 2748 semper
3226 2676 3468 2731 divinam
3519 2690 3674 2730 suam

2075 2767 2304 2835 gloriam
2358 2775 2802 2836 contemnentes,
2826 2777 2881 2825 et
2932 2768 3135 2826 animo.
3174 2766 3493 2840 inexplebili
3536 2764 3677 2823 nihil

2076 2859 2146 2915 ad
2180 2874 2240 2916 se
2262 2861 2594 2931 pertinentia
2622 2862 3099 2934 concupiscentes.

352 2951 502 3006 αὐτὰ
528 2952 882 3019 δαπανῶντες
915 2953 1127 3026 χρείας.
1168 2950 1320 3023 Αὕτη
1350 2950 1465 3023 μὲν
1507 2946 1602 3005 οῦν
1641 2951 1674 3022 ή
1738 2950 1839 3021 τῆς
1904 2952 2157 3025 ὁράσεως
2217 2954 2518 3027 πρόφασις.
2565 2955 2690 3028 Χρὴ
2728 2955 2787 3010 δὲ
2830 2955 3063 3015 δεδιέναι
3104 2956 3205 3029 τὴν
3231 2953 3395 3029 ἀρὰν,
3440 2952 3535 3009 καὶ
3576 2949 3676 3018 τὴν

352 3046 451 3100 τοῦ
496 3044 768 3116 δρεπάνου
801 3045 976 3117 τομὴν
1009 3043 1137 3107 τούς
1174 3059 1238 3096 τε
1280 3041 1536 3098 κλέπτειν
1563 3042 1609 3116 ἢ⁵
1638 3041 1961 3116 ψευδορκεω
1999 3045 2286 3114 εἰωθότας,
2348 3049 2432 3103 ὅτι
2464 3049 2646 3121 πάντη
2676 3068 2738 3105 τε
2780 3049 2877 3105 καὶ
2914 3050 3138 3114 πάντως
3176 3052 3259 3115 εἰς
3327 3048 3503 3122 πέρας
3538 3044 3678 3100 οἴσει

353 3140 493 3204 Θεὸς
531 3142 604 3196 τὰ
630 3140 1003 3214 διωρισμένα,
1049 3142 1163 3197 καὶ·
1187 3140 1313 3196 οὔτε
1365 3138 1639 3206 κλεπτῶν,
1681 3138 1806 3194 οὔτε
1849 3141 1959 3213 μὴν
1995 3140 2103 3197 τῶν
2167 3143 2374 3215 ἐτέρων
2434 3143 2706 3215 φείσεται.
2741 3145 2985 3200 Ποιεῖται
3012 3144 3125 3217 γάρ
3151 3162 3272 3210 πως
3298 3143 3388 3199 ἀεὶ
3412 3156 3681 3198 κατεστυσ-

352 3234 773 3307 γμένους,τοὸς
799 3238 901 3308 τῆς
924 3236 1076 3301 θείας
1094 3234 1260 3290 αὐτοῦ
1322 3233 1804 3306 καταφρονοῦντας
1820 3233 2003 3307 δόξης,
2042 3238 2139 3293 καὶ
2180 3238 2307 3302 τοὺς
2374 3237 2643 3313 ἀπλήστῳ
2676 3236 2876 3313 γνώμῃ
2915 3237 3025 3294 τῶν
3066 3238 3224 3293 οὐδὲν
3271 3237 3458 3302 αὐτοῖς
3504 3249 3680 3308 προσ-

349 3329 606 3407 ηκόντων
638 3327 983 3400 ἐφιεμένους.

428 3380 857 3492 satagit;
876 3380 922 3477 δ’
941 3380 1221 3495 iam...“
1257 3425 1294 3479 δ
1323 3421 1533 3479 λαλῶν
1570 3422 1642 3478 ἐν
1668 3422 1833 3495 ἐμοὶ,
1874 3421 1968 3479 καί

2153 3421 2319 3492 Vsus.
2369 3421 2492 3478 5-8.
2531 3419 2601 3476 Et
2648 3435 2891 3494 egressus
2929 3429 3009 3478 est
3048 3380 3270 3498 aug/elus
3312 3421 3404 3490 qui
3428 3422 3682 3494 loqueba-

354 3511 495 3571 εἷπε
533 3515 687 3585 πρός
725 3531 837 3586 με’
880 3513 1252 3586 Ἀνάϐλεψον
1285 3515 1413 3584 τοῖς
1465 3515 1799 3587 ὀφθαλμοῖς
1832 3529 1974 3586 σου,

351 3607 464 3662 καὶ
517 3606 609 3662 ἴδε
644 3607 715 3663 τὸ
764 3607 1250 3679 ἐκπορευόμενον
1295 3608 1494 3664 τοῦτο.
1544 3609 1658 3664 Kal
1690 3605 1865 3665 εἶπα·
1916 3609 1979 3664 Τί

356 3698 497 3752 ἐστι
506 3713 527 3764 ;
560 3697 669 3754 Kal
702 3694 836 3755 εἷπε
855 3717 868 3731 ·
903 3697 1089 3756 Τοῦτο
1116 3701 1185 3756 τὸ
1219 3701 1446 3772 μέτρον
1476 3703 1546 3758 τὸ
1579 3703 1978 3776 ἐκπορευόμε-

360 3809 498 3847 νον.
528 3793 639 3849 Kal
676 3790 882 3849 εἶπεν·
931 3795 1098 3865 Αὕτη
1137 3795 1176 3865 ἡ
1218 3795 1423 3854 ἀδικία
1469 3798 1671 3854 αὐτῶν
1705 3799 1776 3853 ἐν
1803 3799 1976 3870 πάσῃ

358 3885 441 3957 τῇ
470 3885 569 3958 τῇ.
600 3888 711 3944 Kal
747 3888 879 3943 ἰδοὺ
908 3889 1212 3946 τάλαντον
1233 3891 1531 3962 μολίϐδου
1561 3892 1970 3965 ἐξαιρόμενον,

358 3977 466 4031 καὶ
504 3977 636 4032 ἰδοὺ
663 3978 822 4049 γυνὴ
864 3980 974 4050 μία
1015 3979 1274 4050 ἐκάθητο
1306 3981 1378 4036 ἐν
1397 3981 1568 4053 μέσῳ
1601 3982 1707 4039 τοῦ
1729 3985 1974 4055 μέτρου.

357 4069 476 4125 Kal
525 4066 728 4126 εἶπεν·
781 4072 945 4141 Αὕτη
997 4072 1172 4127 ἐστὶν
1205 4074 1244 4142 ἡ
1283 4074 1522 4145 ἀνομία.
1559 4076 1672 4130 Kal
1729 4075 1980 4147 ἔρριψεν

359 4164 565 4234 αὐτὴν
621 4167 712 4232 εἰς
766 4165 967 4236 μέσον
1008 4165 1117 4221 τοῦ
1166 4167 1414 4239 μέτρου,
1461 4168 1563 4223 καί
1611 4168 1826 4240 ἔρριψε
1869 4172 1980 4243 τὸν

355 4259 543 4313 λίθον
578 4257 686 4313 τοῦ
709 4258 1009 4329 μολίϐδου
1044 4261 1134 4328 εὶς
1166 4260 1232 4315 τὸ
1268 4261 1468 4332 στόμα
1509 4258 1725 4332 αὐτῆς.

436 4354 519 4406 Λ’.
544 4350 764 4416 Φθάσας
790 4351 952 4423 ἔφην,
980 4351 1083 4425 τῆς
1108 4354 1190 4419 εἰς
1220 4353 1314 4408 τὸν
1344 4355 1637 4428 προφήτην
1672 4356 1979 4429 σαφηνείας

355 4445 696 4518 ἀρχόμενος,
736 4446 819 4501 ὅτι
879 4446 1021 4517 μετὰ
1072 4447 1174 4519 τὴν
1217 4448 1284 4502 ὲκ
1319 4448 1646 4515 Βαϐυλῶνος
1691 4451 1976 4517 ἐπάνοδον,

356 4539 513 4612 ἅπερ
542 4540 603 4593 ἐν
631 4538 710 4611 τῷ
732 4538 914 4611 καιρῷ
932 4538 1036 4610 τῆς
1063 4539 1447 4610 αἰχμαλωσίας
1470 4541 1766 4609 τέθεινται,
1802 4545 1980 4599 ταῦτα

355 4636 483 4699 τοῖς
528 4631 969 4706 λελυτρωμένοις
1024 4635 1324 4705 ἀφηγείται
1383 4635 1696 4708 χρησίμως.
1756 4636 1980 4708 Ἐπειδὴ

355 4727 478 4799 γὰρ
509 4726 712 4791 αὐτοὺς
734 4725 929 4783 ἐθεᾶτο
953 4726 1520 4802 καταρῤᾳθυμοῦντας
1545 4729 1688 4799 ἄγαν
1713 4727 1807 4783 τοῦ
1835 4729 1977 4802 χρῆ-

356 4797 454 4876 ναι
482 4819 730 4893 πληροῦν
757 4820 829 4877 τὰ
874 4797 1263 4894 νενομισμένα,
1285 4797 1392 4880 ⁷καὶ
1438 4797 1976 4895 ἀποκλίναντας-’μεν
2007 4797 2054 4855 D

356 4913 693 4978 ἀκαθέκτως
727 4915 808 4978 είς
829 4931 896 4983 γε
923 4913 986 4968 τὸ
1015 4912 1201 4984 σφίσιν
1227 4916 1412 4980 αὐτοῖς
1444 4915 1541 4988 ἡδύ
1575 4932 1636 4970 τε
1670 4916 1767 4969 καὶ
1796 4915 1973 4986 φίλον,

356 5005 528 5075 ὀλίγα
550 5004 610 5059 δὲ
640 5005 926 5068 παντελῶς
954 5003 1065 5059 τῶν
1110 5005 1198 5060 διὰ
1239 5006 1488 5070 Μωσέως
1541 5005 1978 5080 πεφροντικότας

356 5098 552 5170 νόμων
599 5098 1020 5170 (συνεπλέκοντο
1057 5100 1168 5171 γὰρ
1213 5098 1312 5154 καὶ
1360 5099 1684 5171 ἀλλοφύλοις
1735 5099 1973 5170 γυναιξὶ,

362 5191 468 5247 καὶ
492 5191 598 5263 ἤδη
628 5190 777 5255 τινὲς
818 5191 1128 5264 ὁλοτρόπως
1159 5190 1267 5257 ἔξω
1309 5189 1582 5262 βαίνοντες
1617 5191 1710 5246 τοῦ
1742 5191 1973 5259 εἰκότος,

360 5282 739 5354 ὲτελέσθησαν
789 5281 1049 5349 εἰδώλοις,
1087 5282 1182 5336 καί
1212 5299 1337 5336 τινα
1381 5281 1520 5354 πρὸς
1552 5282 1766 5347 τούτοις
1804 5280 1976 5354 ἔδρων

358 5377 402 5434 ἃ
444 5375 585 5449 μηδὲ
634 5374 799 5447 θέμις
841 5374 1062 5443 εἰπεῖν)·
1110 5374 1422 5444 ἀναγκαίαν
1468 5376 1498 5428 ό
1546 5378 1837 5448 προφήτης
1868 5376 1979 5430 τῶν

358 5471 668 5544 δραμάτων
698 5470 936 5523 ποιεῖται
965 5467 1065 5541 τὴν
1097 5468 1400 5541 ἀφήγησιν,
1437 5467 1504 5523 ἵν’
1534 5467 1724 5522 εἰδεῖεν
1754 5468 1804 5521 οἱ
1831 5466 1980 5521 λελυ-

356 5562 646 5636 τρωμένοι
698 5562 875 5634 μόλις,
909 5563 1125 5628 ὁποίαις
1153 5560 1459 5635 ἀνθρώπων
1486 5563 1577 5617 καὶ
1600 5562 1776 5632 ἁγίων
1809 5561 1981 5631 ἀγγέ-

357 5658 482 5715 λων
516 5658 696 5722 λιταῖς
724 5657 786 5713 τὸ
811 5660 1003 5732 χρῆμα
1026 5659 1403 5732 κερδαίνοντες
1428 5658 1603 5728 αὐτοὶ,
1652 5659 1794 5713 κατὰ
1826 5659 1980 5730 σφῶν

359 5751 759 5822 παραθήγουσι
787 5751 949 5807 πάλιν
968 5751 1059 5807 τὸν
1086 5751 1195 5806 τῶν
1219 5751 1358 5807 ὅλων
1396 5751 1551 5816 Θεὸν,
1587 5753 1707 5816 ταῖς
1741 5751 1850 5807 τῶν
1882 5755 1981 5825 ἀρα

437 5930 487 5963 “
524 5926 544 5984 I
585 5926 745 5986 Esdr.
791 5946 842 5989 χ.
888 5931 938 5986 l.
979 5931 1031 5986 9.
1113 5930 1157 5961 ‘“
1196 5929 1213 5984 Ι
1253 5928 1407 5985 Esdr.
1455 5944 1524 5991 vn.
1575 5932 1592 5986 t
1641 5945 1792 5990 scou.

2080 3525 2169 3571 tur
2190 3517 2246 3571 iu
2277 3532 2379 3584 me,
2403 3524 2453 3571 et
2477 3515 2618 3570 dixit
2640 3516 2711 3570 ad
2741 3531 2857 3570 me:
2885 3513 3109 3585 Suspice
3133 3513 3297 3569 oculis
3326 3514 3458 3582 tuis,
3492 3527 3539 3570 et
3563 3518 3682 3572 uide

2078 3611 2207 3682 quid
2236 3618 2313 3665 est
2343 3610 2442 3664 hoc
2476 3609 2620 3681 quod
2645 3608 2937 3681 egreditur.
2978 3606 3048 3663 Et
3086 3607 3242 3663 dixi:
3276 3606 3419 3674 Quid
3451 3608 3574 3663 est?
3610 3606 3682 3663 Et

2081 3705 2254 3759 dixit:
2294 3703 2423 3760 Haec
2463 3712 2543 3760 est
2593 3720 2844 3759 mensura
2885 3719 3005 3774 qua:
3056 3704 3349 3775 egreditur.
3402 3700 3470 3754 Et
3502 3700 3681 3756 dixit:

2085 3780 2215 3854 Hart:
2241 3806 2320 3852 est
2349 3797 2606 3867 iniquitas
2630 3789 2823 3851 'eorum
2867 3797 2925 3850 in
2967 3795 3113 3849 omni
3138 3805 3303 3849 terra.
3341 3791 3413 3846 Et
3440 3809 3560 3848 ecce
3597 3803 3685 3848 ta-

2080 3892 2280 3947 lentum
2305 3890 2506 3962 plumbi
2535 3891 2817 3958 elevatum,
2842 3899 2890 3945 et
2928 3906 3047 3946 ecce
3088 3888 3280 3944 mulier
3320 3904 3428 3943 una
3467 3890 3682 3943 sedebat

2080 3988 2138 4043 in
2168 3988 2339 4043 medio
2370 4002 2656 4053 mensura.
2692 3983 2762 4040 Et
2788 3985 2929 4040 dixit
2957 3999 2976 4038 :
3002 3982 3135 4039 Hac
3170 3991 3248 4039 est
3291 3982 3569 4053 iniquitas.
3612 3978 3681 4035 Et

2081 4079 2308 4151 projecit
2333 4095 2452 4134 eam
2491 4080 2551 4134 in
2594 4078 2827 4133 medium
2872 4090 3153 4141 mensuras,
3201 4084 3248 4130 et
3283 4073 3505 4145 projecit
3540 4072 3682 4140 lapi-

2081 4172 2200 4228 dem
2230 4171 2434 4243 plumbi
2455 4171 2516 4226 in
2543 4186 2602 4225 os
2626 4170 2766 4241 ejus.

2151 4354 2319 4428 697
2382 4352 2556 4410 XXX.
2619 4352 2781 4408 Initio
2819 4350 3258 4409 declarationum
3320 4363 3565 4406 mearum
3626 4346 3682 4405 in

2081 4447 2229 4503 hunc
2288 4447 2608 4518 prophetam
2641 4445 2824 4512 docui,
2857 4459 2980 4501 eum
3013 4451 3137 4516 post
3173 4442 3408 4500 reditum
3439 4457 3470 4499 e
3499 4441 3685 4514 Baby-

2083 4541 2231 4606 lone,
2294 4556 2418 4610 quae
2457 4548 2707 4612 tempore
2737 4537 3079 4610 captivitatis
3133 4536 3464 4603 acciderint,
3523 4534 3686 4590 liber—

2084 4641 2196 4689 tate
2242 4632 2433 4704 potitis
2499 4631 2783 4688 fructuose
2832 4645 3080 4687 narrare.
3111 4629 3382 4698 Quoniam
3405 4628 3551 4686 enim
3587 4642 3685 4684 eos

2082 4725 2155 4781 ad
2202 4726 2416 4782 sancita
2473 4725 2654 4797 legum
2696 4725 3006 4796 praestanda
3063 4723 3423 4779 vehementer
3486 4734 3686 4792 segnes

2084 4818 2470 4890 perspiciebat,
2532 4829 2592 4875 et
2634 4820 2702 4875 ad
2735 4818 3049 4889 voluptates
3086 4831 3216 4873 suas
3249 4813 3549 4886 explendas
3569 4822 3688 4870 toto

2087 4918 2292 4987 impetu
2348 4914 2761 4981 declinasse,“
2819 4913 2967 4986 leges
2993 4910 3128 4969 Mosi
3164 4910 3222 4968 in
3245 4909 3541 4982 postremis
3575 4908 3682 4966 du-

2085 5023 2213 5066 cere
2280 5008 2516 5079 coepisse
2561 5006 2974 5081 (implicuerant
3027 5004 3175 5063 enim
3211 5017 3338 5062 sese
3367 5000 3690 5076 lperegrinis

2086 5098 2432 5166 mulieribus,
2491 5097 2685 5168 etiam
2760 5096 3009 5154 nonnulli
3072 5103 3250 5154 metas
3294 5092 3572 5168 aequitatis
3593 5107 3689 5162 pe-

2088 5192 2236 5249 nitus
2292 5193 2522 5264 egressi,
2588 5191 2749 5248 idolis
2774 5190 2978 5247 initiati
3037 5198 3216 5255 erant,
3262 5196 3318 5244 et
3351 5186 3578 5257 insuper
3601 5183 3688 5240 fa-

2086 5288 2307 5344 ciebant
2328 5302 2451 5358 quae
2482 5285 2733 5358 proferre
2760 5286 2937 5357 pudor
2967 5285 3170 5355 vetat),
3211 5280 3525 5339 necessario
3553 5291 3684 5348 pro-

2083 5380 2246 5455 pheta
2258 5393 2381 5451 quae
2398 5386 2521 5435 acta
2547 5384 2677 5435 sunt
2703 5384 3122 5442 commemorat,
3163 5381 3221 5428 ut
3245 5377 3585 5442 cognoscant
3615 5367 3684 5422 li-

2031 5475 2259 5531 .herati
2320 5473 2579 5541 tandem,
2632 5473 2835 5546 quibus
2892 5469 3177 5533 hominum
3254 5474 3687 5534 sanctorumque

2084 5552 2405 5636 angeIOrum
2433 5565 2706 5637 precibus
2766 5564 3074 5621 libertatem
3136 5556 3558 5628 adepti,contra
3596 5569 3686 5611 se-

2085 5660 2351 5730 metipsos
2409 5660 2590 5716 dcuuo
2640 5658 3021 5714 universorum
3079 5653 3250 5709 Deum
3304 5650 3608 5716 concitent,
3645 5662 3677 5701 a

2085 5753 2335 5825 pristinis
2364 5751 2579 5809 delictis
2605 5760 2866 5808 tanouam
2888 5747 3092 5805 morbis
3114 5745 3373 5815 correpti.
3401 5743 3492 5800 Ait
3515 5756 3681 5811 ergo:
