4130 6474
527 365 596 420 83
1547 372 1605 428 S.
1646 372 1919 454 CYRlLLI
1959 372 2429 429 ALEXANDRINI
2469 376 2784 433 ARCHIEP.
3712 378 3782 435 Si

522 509 545 545 ι
581 490 843 559 Egtessus
903 497 983 541 e~t
1038 488 1262 557 angelus
1300 488 1390 557 qui
1433 488 1762 559 loquebatur
1840 489 1892 543 in
1922 503 2029 545 me.
2070 507 2086 540 ι

2197 489 2365 559 καίων
2388 489 2731 560 αἱτιαμάτων
2748 490 3149 562 ἐμπλεκόμενοι
3170 490 3383 553 λαϐαῖς.
3416 491 3560 562 Ἔφη
3581 489 3787 559 τοίνυν,

519 581 639 649 Quo
668 581 964 650 egressus?
992 590 1086 633 aut
1112 580 1199 634 tibi
1240 582 1454 634 tandem
1486 581 1649 635 erat?
1675 583 1757 635 Ab
1783 582 2096 636 ostensione

522 673 677 728 taleis
707 674 771 726 ad
808 673 1137 743 propositam
1173 674 1457 742 visionem,
1485 673 1554 728 de
1591 690 1843 728 mensura
1865 674 2094 739 scilicet,

521 767 664 821 facta
709 777 795 821 est
844 767 1106 837 egressio.
1156 766 1317 821 Tollit
1362 783 1491 837 ergo
1552 768 1814 837 propheta
1841 768 1893 822 in
1928 768 2095 821 altum

519 859 727 920 oculos,
778 860 975 927 quibus
1006 859 1070 912 ad
1104 858 1353 912 sublimia
1380 859 1744 928 percurrenda
1779 859 2097 915 exercitatis

519 951 602 1007 fas
628 953 699 1005 sit
745 968 867 1005 cum
896 952 1079 1005 divina
1113 951 1312 1005 virtute.
1349 952 1663 1022 mysterium
1709 952 2091 1022 contemplari.

518 1042 720 1110 Qumrit
766 1045 928 1113 igitur
974 1043 1103 1112 quid
1164 1045 1256 1107 sit,
1290 1043 1433 1113 quod
1462 1044 1786 1098 ostenditur.
1831 1044 1967 1097 Tum
1997 1060 2096 1097 au-

517 1136 705 1204 gelus:
746 1152 764 1186 ι
808 1133 932 1188 “ire
953 1145 1055 1199 est,
1119 1135 1318 1203 inquit,
1358 1150 1614 1189 mensura
1648 1151 1771 1205 qua:
1797 1137 2090 1203 egreditur.

520 1226 643 1281 Haec
674 1236 752 1280 est
793 1227 1052 1295 iniquitas
1076 1229 1501 1281 coruminomui
1530 1238 1693 1281 terra.
1739 1247 1759 1279 ι
1798 1225 1916 1280 .Ι.ιιιι
1964 1228 2093 1295 quid

517 1334 770 1373 mensura
794 1321 885 1381 sit,
949 1321 1237 1375 videndum
1263 1330 1364 1381 est.
1397 1320 1639 1376 Dicimus
1673 1322 1855 1388 itaque
1896 1332 2093 1374 natura

515 1408 715 1463 bonum
771 1419 824 1464 et
880 1410 1161 1464 hominum
1213 1420 1484 1465 amantem
1544 1427 1663 1467 esse
1707 1413 2091 1466 univerSnrum

514 1498 825 1554 Dominum.
851 1497 1145 1554 Peccautes
1176 1501 1317 1554 enim
1346 1502 1560 1564 tolerat,
1590 1510 1643 1556 et
1662 1501 1845 1570 inique
1871 1512 2093 1569 agentes

511 1590 771 1656 sustinet,
818 1591 1244 1662 uniuscujusque
1306 1593 1685 1663 ptenitentiam
1740 1603 2089 1662 exspectans.

511 1681 671 1751 Quod
718 1684 763 1738 si
820 1686 941 1753 quis
972 1687 1133 1739 etiam
1167 1685 1256 1738 diu
1312 1664 1585 1753 peccatido
1616 1685 1965 1752 processerit,
2001 1701 2091 1739 su-

512 1791 869 1845 premumque
921 1775 1014 1831 Dei
1073 1776 1389 1843 patientiam
1434 1788 1690 1844 expertus
1734 1776 1917 1842 inerit,
1974 1786 2086 1830 tum

2198 584 2278 636 ὅτι
2318 601 2335 633 ι
2379 582 2631 653 Ἐξῆλθεν
2658 586 2687 636 6
2708 584 2939 653 ἄγγελος
2972 585 3001 637 6
3030 583 3207 636 λαλῶν
3233 584 3289 636 ἐν
3314 583 3459 650 ὲμοί.
3502 601 3521 635 ι
3562 582 3784 654 Ἐξῆλοε

2198 674 2253 728 δὲ
2285 677 2438 741 ὅπως
2469 674 2570 728 ποῦ
2607 677 2715 748 γὰρ
2754 673 2823 749 ἦν
2869 677 3037 743 ὅλως;
3066 676 3278 731 Οὐκοῦν
3308 678 3373 730 ὲκ
3414 678 3513 747 τῆς
3544 676 3638 730 τοῦ
3664 677 3785 747 δρε-

2200 768 2371 821 πάνου
2395 769 2611 835 δείξεως
2647 769 2738 822 ἐπὶ
2781 769 2881 841 τὴν
2915 768 3285 841 προκειμένην
3312 770 3524 840 ὅρασιν,
3560 769 3658 840 τὴν
3690 768 3785 823 ἐπί

2198 878 2282 930 γε,
2311 862 2475 931 φημὶ.
2529 861 2608 933 τῷ
2658 862 2863 933 μέτρῳ.
2895 863 3081 935 τὸτῆς
3124 863 3305 929 ἐξόδου
3352 863 3542 932 γέγονε
3571 864 3780 934 χρῆμαο

2196 953 2351 1022 Αἵρει
2390 970 2453 1020 γε
2485 954 2592 1022 μὴν
2624 956 2653 1008 6
2688 955 2975 1024 προφήτης
3002 956 3081 1018 είς
3121 953 3257 1023 ὕψος
3293 954 3417 1017 τοὺς
3445 954 3780 1026 ὀφθαλμοὺς,
3852 997 3857 1001 -

2196 1037 2276 1107 οἷς
2301 1044 2534 1115 διᾴττειν
2557 1044 2690 1114 ὑψοῦ
2719 1063 2785 1115 με
2795 1046 3137 1116 μελετηκόσι,
3162 1046 3363 1118 πρέποι
3387 1047 3451 1100 ἂν
3473 1046 3697 1110 εἰκότως
3720 1046 3784 1100 16

2197 1136 2290 1190 καὶ
2313 1136 2431 1209 θείᾳ
2450 1138 2675 1208 δυνάμει
2708 1140 3002 1209 καταθρεῖν
3025 1142 3341 1211 μυστήριον.
3380 1142 3449 1193 ἐἰ
3461 1157 3582 1210 ρετο
3602 1140 3665 1210 δὴ
3687 1135 3784 1194 οῦν

2194 1226 2248 1278 τί
2299 1226 2406 1296 ἄρα
2463 1228 2578 1278 ἔστι
2634 1228 2695 1280 τὸ
2746 1228 3113 1297 δεικνύμενον.
3163 1230 3219 1282 '0
3278 1230 3333 1282 δὲ
3391 1228 3527 1299 πρὸς
3582 1228 3777 1282 αὐτόν·

2201 1337 2219 1369 ι
2265 1318 2455 1379 Τοῦτο,
2492 1319 2756 1389 φησὶ,οτὸ
2807 1319 3007 1391 μέτρον
3041 1320 3103 1373 16
3145 1320 3601 1390 ἐκπορευόμενον.
3632 1320 3779 1391 Αὕτη

2195 1410 2341 1463 ἐστὶν
2375 1413 2405 1480 ἡ
2437 1410 2616 1464 ἀδικία
2651 1410 2828 1462 αὐτῶν
2860 1413 2916 1462 έν
2947 1413 3096 1482 πάσῃ
3133 1415 3197 1481 τῇ
3230 1414 3322 1481 γῇ.
3361 1430 3379 1460 ι
3412 1410 3523 1463 Kal.
3546 1410 3599 1462 τί
3624 1409 3688 1480 δὴ
3717 1409 3783 1463 τὸ

2197 1502 2416 1572 μέτρον,
2460 1501 2874 1571 ἀναλογίζεσθαι
2905 1504 3033 1573 χρή.
3066 1505 3174 1557 Καὶ
3209 1503 3273 1573 δὴ
3307 1504 3398 1555 καί
3444 1518 3646 1570 φαμεν,
3696 1501 3782 1557 ὅτι

2195 1593 2353 1661 φύσει
2385 1593 2641 1665 χρηστὸς,
2666 1595 2763 1648 καὶ⁸
2801 1593 3184 1663 φιλάνθρωπος
3211 1596 3239 1647 ὀ
3275 1593 3382 1646 τῶν
3412 1592 3547 1646 ὸλων
3576 1591 3784 1645 Δεσπό-

2193 1700 2312 1754 της.
2337 1683 2724 1754 Πλημμελοῦσι
2754 1685 2866 1755 γὰρ
2899 1683 3232 1749 ἀπθεξικακεί.
3263 1684 3360 1737 καὶ
3394 1682 3782 1754 παρανομούν-

2193 1793 2302 1830 των
2343 1778 2615 1847 ἀνέχεται,
2647 1777 2959 1848 περιμένων
3002 1776 3102 1848 τὴν
3143 1777 3377 1830 ἑκάστου
3414 1775 3779 1848 μετάγνωσιν.
3828 1780 3835 1783 ’

510 1865 746 1933 denique
800 1866 978 1933 pomis
1033 1865 1372 1935 subjicietur,
1394 1875 1449 1920 et
1475 1877 1579 1919 tam
1605 1868 1875 1920 diuturna:
1902 1882 2086 1920 socor-

2194 1867 2254 1921 Εί
2290 1867 2347 1921 δὲ
2377 1869 2438 1939 δή
2466 1885 2551 1931 τις
2584 1867 2653 1921 ἴοι
2694 1869 2789 1921 καὶ
2829 1868 2991 1939 μέχρι
3031 1867 3228 1921 πολλοῦ
3262 1866 3397 1937 πρὸς
3426 1865 3487 1919 16
3527 1872 3784 1935 πλημμε-

505 1955 612 2013 dia
644 1969 945 2028 pnetexere
975 1961 1107 2014 nihil
1151 1961 1350 2029 poterit
1386 1978 1398 2014 :
1434 1961 1699 2014 necillum
1739 1962 2027 2029 quisquam
2058 1975 2087 2013 a

510 2048 706 2112 pinnis,
773 2050 1081 2103 commissis
1114 2048 1229 2116 ejus
1297 2049 1520 2118 paribus
1573 2050 1788 2119 eripiet.
1840 2050 2089 2119 Quapro-

507 2148 628 2206 pter
659 2138 910 2193 Christus
940 2140 1137 2209 populo
1173 2138 1501 2209 Juda:orum,
1536 2140 1816 2209 impotenti
1866 2141 2085 2195 vesania

503 2231 572 2284 ad
605 2230 822 2300 quidvis
877 2232 1141 2286 nefarium
1207 2236 1408 2298 ruenti,
1456 2236 1630 2304 inquit
1661 2256 1672 2286 :
1716 2251 1734 2282 ι
1764 2234 1828 2286 Et
1859 2250 1954 2287 vos
1986 2235 2083 2287 im-

505 2322 695 2390 pleStis
726 2339 1034 2387 mensuram
1069 2334 1282 2392 patrum
1313 2336 1615 2379 vestrorum
1657 2325 1726 2378 “.
1772 2344 1789 2374 ι
1822 2324 2084 2378 Mensura

506 2415 673 2479 igitur
721 2431 838 2486 qua:
882 2418 1200 2485 apparebat,
1234 2427 1579 2487 peccatorum
1611 2417 1788 2485 populi
1823 2418 1873 2469 in
1902 2416 2082 2486 ipsum

505 2507 840 2560 ruittulatatn
901 2509 1301 2562 multitudinem
1341 2511 1685 2563 ostendebat.
1738 2509 1793 2562 In
1832 2525 2083 2562 mensura

507 2598 888 2665 porromulier
909 2599 1158 2660 sedebat.
1196 2600 1498 2669 iniquitatis
1559 2600 1773 2652 modum
1828 2613 2085 2651 consum-

507 2706 679 2753 matis,
716 2699 768 2743 et
797 2685 941 2743 velut
972 2705 1066 2759 per
1089 2706 1146 2744 se
1177 2694 1539 2759 capacitatem
1575 2690 1803 2755 impletis
1832 2709 1844 2743 :
1887 2691 2084 2743 fortas-

504 2780 581 2833 sis
613 2781 774 2832 etiam
815 2778 1170 2846 supereﬂusa,
1203 2790 1257 2834 et
1292 2796 1396 2850 qua
1419 2780 1691 2842 eitstabat,
1721 2783 2079 2850 prospiciens.

508 2888 527 2919 ι
571 2871 635 2924 Ει
663 2887 812 2935 ecce,
842 2871 1034 2941 inquit,
1061 2872 1323 2926 talentum
1356 2872 1555 2942 plumbi
1580 2872 1748 2943 698
1783 2874 2079 2938 elevatum,

501 2976 556 3019 et
588 2964 815 3034 proiecit
874 2964 1005 3017 illttd
1049 2965 1102 3018 in
1163 2980 1225 3019 os
1251 2966 1393 3031 ejus.
1431 2984 1450 3017 ι
1482 2967 1743 3019 Describit
1768 2979 1948 3020 autem
1988 2981 2082 3019 no-

503 3058 585 3110 bis
635 3058 977 3125 iniquitatem
1025 3058 1161 3111 visio
1206 3058 1259 3112 in
1296 3059 1478 3112 habitu
1507 3058 1839 3112 muliercula:
1874 3075 1887 3111 :
1925 3068 2082 3126 typus

2190 1958 2299 2025 λὲς,
2331 1959 2428 2013 καὶ
2458 1962 2537 2024 είς
2568 1960 2742 2030 πέρας
2764 1960 2890 2029 ἥκοι
2920 1959 3110 2013 λοιπον
3142 1959 3244 2029 τῆς
3268 1958 3416 2028 αὐτῷ
3446 1957 3780 2029 νεμηθείσης

2189 2048 2560 2116 ἀνεξικακίας,
2584 2050 2645 2102 16
2669 2049 2922 2119 τηνικάδε
2951 2049 3136 2102 λοιπὸν
3164 2050 3373 2111 ποιναῖς
3402 2049 3778 2110 ὑποκείσεται,

2189 2142 2285 2195 καὶ
2315 2142 2471 2211 λόγος
2507 2141 2656 2213 αύτῴ
2703 2145 2802 2213 τῆς
2844 2141 2987 2195 οὕτω
3020 2143 3239 2212 μακρᾶς
3282 2140 3553 2211 ῥᾳθυμίας
3576 2140 3778 2205 οὐδεὶς,

2187 2235 2295 2287 οὐδ’
2330 2235 2395 2286 ἂν
2426 2233 2659 2298 ἐξέλοιτο
2699 2233 2793 2287 τοῦ
2837 2234 3036 2304 χρῆναι
3071 2233 3257 2286 λαὸεῖν
3308 2233 3630 2303 ίσομέτρους
3680 2233 3781 2286 αὐ·

2186 2326 2315 2393 τῶν,
2347 2320 2423 2379 ὧν
2462 2325 2527 2378 ἂν
2555 2326 2795 2396 φαίνοιτο
2827 2325 3103 2396 δεδρακὼς
3138 2325 3237 2384 τὰς
3272 2324 3450 2389 δίκας.
3504 2325 3613 2379 Καὶ
3646 2326 3779 2393 γοῦν

2186 2419 2291 2490 ἔφη
2322 2437 2423 2472 που
2473 2419 2708 2490 Χριστὸς
2751 2419 2889 2489 πρὸς
2940 2418 3069 2482 τοὺς
3099 2418 3208 2470 τῶν
3256 2417 3525 2472 Ἰουδαίων
3571 2418 3778 2489 δήμους

2185 2510 2460 2580 ἀχαλίνοις
2488 2511 2768 2571 ἀπονοίαις
2798 2510 2933 2580 προς
2973 2512 3080 2564 πᾶν
3105 2508 3213 2562 τῶν
3250 2508 3500 2562 ὲκτόπων
3532 2509 3777 2563 διάττον-

2184 2619 2284 2664 τας
2304 2620 2317 2633 ο
2357 2622 2375 2654 ι
2415 2602 2527 2655 Kal.
2563 2603 2717 2672 ὑμεῖς
2749 2600 3176 2674 ἀνεπληρώσατε
3206 2600 3267 2654 16
3306 2602 3503 2672 μέτρον
3530 2601 3637 2654 τῶν
3668 2618 3776 2655 πα-

2182 2692 2359 2762 τέρων
2387 2691 2561 2759 ὑμῶν.
2602 2710 2621 2741 ι
2655 2692 2864 2744 Οὐκοῦν
2913 2692 3113 2762 μέτρον
3145 2686 3212 2760 ἦν
3248 2691 3309 2744 τὸ
3343 2690 3642 2761 δρώμενον,
3677 2692 3777 2762 τῆς

2182 2783 2293 2835 τῶν
2323 2780 2466 2835 λαῶν
2496 2782 2874 2852 πλημμελείας
2905 2783 2989 2851 ἐφ’
3023 2782 3202 2853 ἐαυτῷ
3229 2782 3472 2836 δεικνύον
3505 2783 3603 2855 τὴν
3640 2785 3776 2838 ἀνα-

2184 2875 2488 2945 πλήρωσιν.
2542 2874 2820 2944 Ἐνίδρυτο
2863 2874 2921 2926 δὲ
2957 2872 3035 2943 τῷ
3089 2874 3272 2944 μέτρῳ
3318 2875 3476 2944 γυνὴ,
3511 2877 3611 2943 τῆς
3650 2877 3776 2928 ἀνοο

2186 2966 2315 3038 μίας
2344 2965 2625 3036 πληροῦσα
2649 2965 2739 3018 τὸν
2770 2966 2957 3029 τόπον,
2992 2964 3090 3017 καὶ
3127 2960 3238 3017 οἷον
3278 2964 3678 3032 ἀναπιμπλᾶσα
3704 2964 3773 3017 δι’

2184 3057 2383 3128 ἑαυτῆς
2416 3057 2478 3109 τὸ
2530 3057 2870 3127 κεχωρηκὸς,
2898 3057 3040 3127 τάχα
3073 3074 3177 3109 που
3231 3057 3324 3108 καὶ
3366 3055 3771 3128 ὑπερχεομένη,

500 3151 647 3202 enim
670 3150 958 3217 \olnptatis
987 3161 1147 3221 atque
1188 3152 1350 3203 etiam
1382 3150 1714 3204 inﬁrmitatis
1739 3158 1823 3203 est
1850 3149 2078 3201 mulier:

2188 3150 2284 3201 καὶ
2322 3148 2398 3219 τῷ
2440 3147 2679 3220 περιττῷ
2721 3147 3113 3202 διακύπτουοα.
3163 3168 3181 3199 ι
3242 3148 3381 3200 Ἀλλ’
3432 3148 3562 3203 ἰδοὺ.
3613 3148 3770 3218 φησὶ,

500 3252 558 3296 et
577 3243 756 3296 omnis
781 3242 1039 3311 iniquitas
1085 3257 1189 3295 non
1214 3242 1371 3296 aliter
1426 3243 1807 3306 committitur,
1844 3240 1946 3294 nisi
1983 3255 2082 3293 vo-

501 3331 707 3402 luptate
734 3333 914 3401 aliqua
955 3334 1019 3384 ad
1048 3332 1246 3385 malum
1304 3333 1605 3397 inescante,
1666 3340 1721 3386 ct
1766 3330 2085 3384 inﬁrmitate

502 3427 705 3481 mentis
756 3427 820 3480 ad
876 3427 976 3479 hoc
1031 3425 1424 3479 consentiente.
1489 3424 1623 3478 Nam
1652 3422 1694 3477 si
1766 3422 1991 3475 tnensin
2026 3436 2085 3476 se

505 3518 661 3572 ﬁrma
704 3530 758 3572 et
791 3517 963 3570 virilis
1014 3517 1195 3581 fuerit,
1243 3531 1514 3585 nunquam
1568 3530 1627 3570 se
1663 3515 1728 3567 ad
1769 3514 1959 3566 vitimn
1989 3515 2085 3566 de-

500 3610 647 3666 ﬂecti
695 3611 951 3679 patietur.
990 3610 1047 3663 Si
1101 3619 1282 3663 autem
1333 3608 1575 3663 emollita
1612 3616 1668 3659 et
1698 3607 1973 3658 incantata
2015 3605 2083 3659 ad

503 3703 861 3770 voluptatem,
908 3700 1212 3771 molestiam
1273 3702 1493 3755 sentiet.
1547 3697 1800 3765 Pingitur
1846 3711 2001 3763 ergo,
2030 3705 2087 3750 et

504 3804 869 3865 congruenter
896 3794 1073 3860 valde,
1104 3793 1283 3861 specie
1306 3791 1552 3845 mulieris
1578 3789 1859 3857 iniquitas.
1896 3788 2084 3841 Plum-

503 3889 555 3943 bi
590 3899 768 3943 autem
826 3888 1087 3942 talentum
1134 3887 1402 3943 elevatum
1462 3895 1515 3938 et
1546 3882 1806 3936 obturans
1842 3898 1905 3936 os
1945 3883 2084 3952 ejus,

504 3978 639 4032 nihil
670 3978 839 4042 aliud,
889 3979 1103 4047 opinor,
1157 3974 1613 4048 potestintelligi,
1668 3985 1867 4043 praeter
1904 3974 2087 4029 Domi-

505 4086 631 4126 num
661 4080 906 4124 nostrum
930 4067 1112 4124 Iesum
1140 4066 1439 4127 Christum.
1467 4063 1558 4135 qui
1592 4078 1689 4133 per
1722 4079 1940 4119 crucem
1960 4077 2086 4130 pre.

507 4163 709 4217 tiosam
767 4162 1061 4224 exaltatus,
1098 4169 1154 4215 et
1187 4158 1504 4224 iniquitates
1535 4166 1751 4211 nostras
1786 4155 2005 4211 sustulit
2029 4156 2084 4209 in

503 4270 709 4329 corpus,
725 4272 880 4309 suum
895 4269 1057 4324 super
1085 4253 1291 4318 lignum
1323 4248 1391 4315 “,
1417 4260 1471 4304 et
1496 4249 1922 4319 chirographum
1951 4263 2087 4302 con-

502 4358 586 4402 tra
618 4363 716 4401 nos
754 4345 1103 4416 triumphavit
1129 4345 1197 4409 ",
1224 4353 1305 4407 ιιι,
1335 4343 1474 4397 sicut
1510 4342 1586 4395 ait
1613 4342 1827 4396 divinus
1854 4352 2083 4394 cantor:

508 4459 527 4491 ι
560 4438 749 4494 Omnis
807 4439 1065 4505 iniquitas
1114 4435 1316 4503 oppilet
1363 4448 1425 4487 os
1468 4447 1623 4487 suum
1675 4429 1743 4483 ⁸⁸.
1791 4448 1811 4483 ι
1859 4429 2086 4483 Plutubo

2186 3244 2447 3295 τάλαντον
2481 3240 2730 3311 μολίϐδου
2753 3239 3123 3311 ὲξαιρόμενον,
3160 3241 3253 3292 καὶ
3285 3239 3509 3310 ἔρριψεν
3536 3238 3667 3291 αὐτὸ
3694 3239 3775 3301 εἰς

2185 3335 2244 3388 16
2267 3334 2443 3404 στόμα
2469 3333 2660 3402 αὐτῆς.
2694 3352 2713 3385 ι
2738 3333 2944 3404 Γράφει
2971 3333 3027 3386 δὲ
3050 3336 3181 3403 ἡμῖν
3210 3333 3307 3404 τὴν
3325 3333 3558 3403 ἀνομίαν
3577 3333 3610 3397 ἡ
3637 3332 3771 3404 ὅρα-

2188 3445 2271 3491 σις
2299 3429 2378 3491 εἰς
2410 3426 2472 3481 16
2500 3426 2593 3480 τοῦ
2620 3427 2844 3495 γυναίου
2886 3427 3068 3497 σχῆμα
3092 3445 3105 3458 ⁸
3155 3430 3323 3492 τύπος
3356 3426 3466 3496 γὰρ
3505 3425 3703 3496 ἡδονῆς
3734 3427 3769 3496 ὴ

2185 3522 2344 3594 γυνὴ,
2395 3521 2491 3575 καὶ
2544 3521 2728 3591 μέντοι
2771 3520 2867 3573 καὶ
2922 3519 3242 3582 ἀσθενείας’
3292 3519 3492 3588 ἀνομία
3521 3517 3577 3570 δὲ
3621 3518 3772 3570 πᾶσα

2185 3611 2359 3683 ὁρῷτο
2384 3611 2449 3664 ἂν
2475 3611 2573 3680 οὐχ
2615 3611 2839 3682 ἑτέρως,
2876 3609 3017 3681 πλὴν
3049 3611 3131 3663 ὅτι
3171 3608 3259 3661 διά
3288 3624 3431 3671 τινος
3464 3607 3655 3676 ἡδονῆς
3682 3605 3771 3659 δεο

2185 3705 2487 3775 λεαζούσης
2521 3705 2612 3757 ἐπὶ
2644 3704 2705 3757 16
2735 3702 2959 3772 φαῦλον,
3002 3700 3409 3771 συμϐαινούσης
3435 3700 3575 3770 πρὸς
3595 3699 3774 3771 τούτῳ

2184 3798 2399 3866 καὶτῆς
2425 3798 2503 3860 είς
2547 3797 2668 3849 νοῦν
2698 3795 3001 3857 ἀσθενείας.
3047 3796 3108 3846 Εἰ
3146 3793 3244 3862 μὲν
3269 3791 3378 3863 γάρ
3402 3791 3486 3859 εἴη
3521 3789 3775 3860 βεϐηκὼς

2185 3888 2269 3956 ἐφ’
2298 3885 2497 3957 ἐαυτῷ,
2524 3886 2619 3940 καὶ
2646 3872 2888 3957 ἀνδρεῖος
2915 3887 2943 3937 6
2974 3882 3122 3946 νοῦς.
3144 3883 3243 3935 οὐκ
3275 3881 3339 3936 ἂν
3372 3882 3544 3934 ἕλοιτο
3575 3880 3776 3933 παθεῖν

2184 3979 2282 4050 τὴν
2320 3980 2400 4041 είς
2432 3978 2494 4029 τὸ
2535 3977 2739 4046 φαῦλον
2780 3977 2972 4047 ῥοπήν.
3008 3975 3073 4027 El
3114 3973 3169 4026 δὲ
3200 3972 3264 4043 δὴ
3312 3969 3677 4042 μαλακισθείη
3711 3986 3774 4023 τε

2186 4070 2279 4125 καὶ
2334 4067 2657 4139 γοητευθείη
2693 4067 2830 4139 πρὸς
2866 4064 3078 4137 ἡδονὴν,
3135 4061 3382 4115 πείσεται
3430 4062 3492 4113 τὸ
3541 4058 3770 4112 λυποῦν.

2185 4161 2461 4230 Γράφεται
2489 4160 2553 4231 δὴ
2581 4157 2696 4221 οὖν,
2728 4159 2822 4210 καὶ
2849 4157 2993 4227 μάλα
3016 4154 3213 4227 ὀρθῶς,
3245 4154 3324 4217 είς
3347 4151 3579 4221 ἀνομίαν
3606 4151 3637 4221 ἡ
3673 4165 3773 4219 γυ-

2187 4250 2275 4320 νή.
2307 4249 2574 4303 Μολίῦδου
2630 4249 2687 4301 δὲ
2712 4247 2977 4301 τάλαντον
3019 4245 3080 4298 τὸ
3104 4242 3476 4315 ὲξαιρόμενον,
3516 4241 3613 4294 καὶ
3662 4240 3771 4310 μὴν

2186 4343 2279 4395 καὶ
2307 4342 2618 4411 ὲμφράττον
2645 4340 2703 4393 16
2732 4340 2905 4408 στόμα
2929 4336 3117 4404 αὐτῆς,
3154 4335 3371 4406 νοηθείη
3412 4335 3477 4388 ἀν
3516 4334 3613 4413 οὐχ
3652 4332 3771 4386 ἓτε-

2190 4450 2302 4504 ρον,
2332 4428 2507 4503 οἶμαι,
2544 4431 2696 4503 παρὰ
2718 4432 2810 4482 16v
2841 4429 3044 4498 Κύριον
3071 4430 3103 4497 ἡ
3114 4425 3230 4497 μῶν
3273 4426 3480 4497 Ἰησοῦν
3508 4423 3766 4495 Χριστὸν,

504 4543 679 4587 autent
735 4541 789 4586 et
844 4532 959 4601 ipse
1013 4521 1363 4595 contpaﬁ‘atur
1406 4545 1418 4579 :
1460 4523 1759 4578 assumitur
1809 4522 1975 4579 enim.
2022 4529 2082 4574 ut

2188 4523 2243 4586 ὃς
2273 4522 2461 4593 ὑψώθη
2491 4524 2581 4575 διά
2624 4521 2717 4574 τοῦ
2745 4520 2928 4589 τιμίου
2966 4518 3221 4588 σταυροῦ,
3259 4517 3350 4571 καὶ
3393 4516 3493 4580 τὰς
3537 4514 3770 4584 ἀνομίας

501 4626 635 4689 dixi,
674 4624 949 4694 plumbum
977 4623 1044 4675 ab
1084 4618 1410 4686 argentariis
1439 4615 1741 4670 artiﬁcibus
1775 4615 1842 4667 ad
1889 4628 2081 4683 purga-

504 4716 706 4769 tionem
737 4729 925 4767 eorum
961 4726 1081 4779 quae
1139 4709 1468 4762 conﬂantur.
1514 4705 1662 4759 Talis
1683 4704 2084 4773 quodammodo

501 4809 677 4862 virtus
728 4806 929 4861 Christi
984 4804 1038 4857 in
1067 4803 1245 4856 nobis.
1279 4801 1336 4856 Si
1379 4801 1523 4853 enim
1573 4798 1624 4851 in
1650 4808 1881 4851 mentem
1915 4806 1970 4851 et
1988 4813 2084 4853 cor

501 4902 730 4959 venerit,
788 4912 980 4950 omnes
1018 4894 1208 4949 sordes
1251 4907 1477 4960 prorsus
1532 4888 2084 4958 abstergit.Ccuseut

501 4993 744 5060 quidam,
782 4990 1089 5059 projectum
1145 5000 1265 5040 esse
1306 4984 1579 5053 plumbum
1607 4984 1658 5036 in
1704 4997 1767 5036 os
1817 4982 2082 5051 iniquita-

504 5087 593 5151 tis,
619 5084 899 5139 velutDeo
941 5079 1072 5133 illud
1116 5078 1427 5141 obturante,
1486 5085 1542 5131 et.
1595 5075 1884 5129 immodice
1937 5073 2077 5126 ultra

503 5186 816 5245 peccatores
871 5184 1131 5225 accusare
1173 5183 1276 5222 non
1338 5168 1709 5236 permittente.
1778 5164 1984 5218 Idcirco
2026 5171 2082 5217 et.

500 5268 654 5337 quasi
679 5265 802 5318 fune
836 5260 1322 5327 circumscribitur,
1346 5260 1586 5313 onminm
1623 5257 1945 5312 miseratore
1973 5255 2081 5308 Deo

501 5355 930 5425 uniuscujusque
967 5369 1181 5424 pamam
1230 5352 1529 5408 sceleribus
1578 5350 1931 5427 pr0portione
1991 5362 2079 5403 re-

500 5450 856 5514 spondentem
892 5445 1205 5500 deﬁttiente.

2185 4615 2343 4687 ἡμῶν
2365 4618 2665 4685 ἀνήνεγκεν
2704 4615 2759 4666 ὲν
2798 4612 2875 4684 τῷ
2909 4611 3121 4680 σώματι
3160 4609 3324 4663 αὐτοῦ
3368 4611 3461 4663 ὲπί
3490 4609 3549 4662 16
3588 4608 3768 4675 ξύλον,

2185 4706 2597 4778 τεθριάμϐευκέ
2629 4722 2689 4759 τε
2733 4706 2794 4758 16
2835 4704 2956 4758 καθ’
3006 4702 3163 4773 ἡμῶν
3209 4704 3591 4774 χειρόγραφον.
3625 4702 3766 4764 Ἵνα,

2184 4797 2330 4852 καθά
2368 4813 2534 4868 φησιν
2580 4798 2609 4849 ό
2648 4795 2938 4858 θεσπέσιος
2986 4794 3271 4865 Μελῳδδς,
3305 4812 3324 4845 ι
3369 4794 3524 4846 Πᾶσα
3567 4790 3770 4862 ἀνομία

2184 4894 2440 4966 ἐμφράξῃ
2474 4893 2535 4944 16
2562 4891 2738 4962 στόμα
2788 4891 2975 4959 αὐτῆς.
3023 4909 3041 4941 ι
3080 4889 3331 4959 Μολίϐδῳ
3371 4888 3428 4940 δὲ
3470 4885 3564 4940 καὶ
3606 4886 3771 4949 αὐτὸς

2185 4985 2612 5057 παρεικάζεταν
2654 4983 3145 5055 παραλαμϐάνεται
3176 4981 3256 5044 δὲ,
3286 4980 3360 5041 ὡς
3382 4980 3540 5047 ἔφην,
3565 4978 3593 5030 ό
3619 4975 3770 5047 μόλι-

2186 5078 2310 5142 ϐδος
2342 5077 2493 5147 παρά
2511 5077 2619 5130 τῶν
2639 5078 2999 5149 ἀργυροχοεῖν
3021 5074 3311 5137 εἰωθότων,
3341 5074 3421 5137 είς
3450 5070 3771 5141 ἀποκάθαρ-

2191 5187 2275 5223 σιν
2302 5169 2410 5223 τῶν
2448 5169 2853 5240 χωνευομένων.
2887 5168 3123 5238 Τοιαύτη
3159 5166 3217 5219 δέ
3255 5184 3372 5231 πως
3403 5164 3497 5218 τοῦ
3532 5161 3768 5235 Χριστοῦ

2189 5260 2222 5328 ὴ
2250 5227 2481 5328 δύναμις
2506 5261 2563 5310 ὲν
2595 5227 2743 5329 ἡμῖν.
2783 5260 2844 5311 Εἰ
2871 5256 2979 5345 γάρ
3008 5259 3088 5320 είς
3113 5227 3242 5309 νοῦν
3270 5227 3478 5321 γένοιτο
3511 5227 3603 5307 καλ
3634 5227 3792 5323 καρκί

2187 5349 2325 5403 δίαν.
2349 5351 2524 5404 πάντα
2545 5351 2608 5420 δὴ
2644 5352 2859 5411 πάντως
2893 5351 3113 5419 ἐκτήκει
3140 5349 3327 5418 ῥύπον.
3358 5349 3516 5400 Δοκεῖ
3542 5345 3600 5397 δέ
3627 5361 3771 5399 τισιν

2185 5442 2442 5515 ἐρρῖφθαι
2488 5444 2580 5498 τὸν
2631 5443 2876 5514 μόλιϐδον
2922 5444 3001 5504 εἰς
3033 5442 3092 5495 τὸ
3136 5441 3235 5510 τῆς
3286 5440 3515 5510 ἀνομίας
3570 5438 3767 5507 στόμα,

497 5536 612 5596 οῖον
641 5540 1047 5611 ὲμτράττοντος
1080 5538 1211 5593 αὐτὸ
1241 5537 1336 5591 τοῦ
1367 5535 1527 5599 Θεοῦ,
1564 5534 1661 5588 καὶ
1703 5532 1850 5602 πέρα
1916 5532 2119 5603 μέτρου
2156 5536 2426 5606 κατοδοᾷν
2493 5538 2602 5590 τῶν
2630 5535 3029 5607 ἡμαρτηκότων
3065 5534 3165 5586 οὐκ
3190 5533 3432 5602 ἐφιέντος
3458 5532 3555 5586 ἔτι.
3585 5530 3770 5601 Ταύτῃ

406 5667 413 5675 ·
500 5635 610 5707 τίίρ
640 5632 702 5701 δη
764 5648 845 5685 τοι
887 5631 981 5684 καὶ
1041 5632 1224 5704 μέτρῳ
1282 5626 1767 5699 περισχοινίζεται,
1824 5627 2375 5697 συναναμετροῦντος,
2419 5622 2573 5695 οἶμαί
2648 5644 2775 5687 που,
2830 5624 2922 5677 τοῦ
2967 5625 3177 5687 πάντας
3225 5622 3581 5693 οἰκτείροντος
3628 5620 3768 5674 Θεοῦ

499 5727 615 5787 τοῖς
666 5723 772 5777 τῶν
825 5724 1182 5793 πταισμάτων
1241 5722 1553 5791 ἐγκλήμασι
1591 5715 1692 5779 τὰς
1731 5716 1818 5786 ἐφ’
1867 5715 2080 5789 ἑκάστῳ
2115 5718 2289 5783 δίκας.

572 5832 617 5869 ⁵⁵
663 5838 850 5905 Matth.
895 5853 1047 5901 χχιιι,
1090 5837 1176 5891 52.
1298 5837 1389 5891 “l
1434 5834 1574 5892 Petr.
1619 5850 1676 5898 tt,
1718 5833 1805 5889 2i.

1885 5833 1926 5863 δ’
1966 5832 2172 5890 Coloss.
2221 5852 2279 5893 tt,
2330 5836 2409 5888 Η.

2494 5835 2535 5865 ⁵⁸
2577 5833 2713 5888 Prin].
2756 5847 2867 5894 ενι,
2906 5830 2990 5885 Η.
