4130 6474
337 357 414 416 85
1184 357 1751 416 COMMENTARIUS
1790 359 1859 413 IN
1902 360 2309 420 ZACHARIAEI
2349 363 2800 423 PROPHETAM.
3170 434 3176 441 _
3593 374 3665 435 86

411 474 525 531 Kal
567 467 689 546 ἦρα
730 469 879 542 τοὺς
916 472 1269 546 ὀφθαλμούς
1299 494 1446 547 μου,
1488 475 1590 532 καί
1645 475 1799 540 ἵδον,
1851 474 1955 532 καί

2136 480 2303 547 Vsus,
2328 482 2386 549 9,
2428 482 2513 537 10.
2545 482 2611 536 Et
2645 482 2811 538 levari
2840 482 3020 537 oculos
3053 500 3215 550 meos,
3244 496 3293 540 et
3318 488 3446 554 ridi,
3478 502 3526 545 et
3549 509 3665 548 ecce

336 569 474 625 ιὸοὺ
521 568 632 623 δύο
682 565 968 639 γυναῖκες
1016 568 1507 638 ἑκπορευόμεναι,
1564 568 1664 623 καί
1713 568 1955 637 πνεῦμα

333 660 410 713 ἐν
440 658 575 725 ταῖς
603 656 898 726 πτέρυξιν
927 658 1147 725 αὐτῶν,
1190 660 1292 714 καί
1330 655 1510 716 αὗται
1541 656 1713 731 εἶχον
1745 659 1955 728 πτέρυ-

336 769 450 823 γας
479 751 735 816 ἔποπος,
785 750 889 806 καί
930 749 1233 807 ἀνέλαϐον
1276 750 1344 807 τὸ
1370 751 1598 820 μέτρον
1643 751 1954 822 ἁναμέσον

335 843 455 913 γῆς
484 844 622 916 γῆς,
673 844 776 899 καί
813 844 1129 915 ἀναμέσρν
1161 844 1271 899 τοῦ
1312 846 1600 913 οὐρανοῦ.
1652 845 1765 903 Kal
1812 842 1955 904 εἶπα

337 937 497 1003 πρὸς
537 936 648 989 τὸν
683 935 970 1006 ἄγγελον,
1009 936 1119 989 τὸν
1165 937 1481 991 λαλοῦντα
1519 937 1591 990 ἐν
1617 936 1787 1006 ἐμοί·
1826 938 1953 994 Ποῦ

336 1023 517 1084 αὗται
546 1028 926 1097 ἀποφέρουσι
956 1027 1024 1080 τὸ
1056 1026 1323 1098 μέτρον;
1349 1027 1459 1082 Kal
1490 1024 1622 1083 εἷπε
1656 1030 1807 1097 πρός
1838 1048 1916 1101 με
1936 1047 1949 1060 ·

342 1119 756 1191 Οἰκοδομῆσαι
794 1118 957 1187 αὐτῷ
992 1122 1195 1175 οἰκίαν
1233 1122 1305 1175 ἐν
1333 1120 1410 1192 τῇ
1440 1122 1820 1190 Βαϐυλῶνος.
1854 1124 1955 1179 καὶ

2066 575 2189 630 dum
2218 575 2469 631 mulieres
2502 577 2917 646 egredientes,et
2953 577 3176 646 spiritus
3208 578 3261 632 in
3289 578 3388 633 alis
3403 581 3664 650 ipsarum,

2064 676 2115 722 et
2144 668 2276 736 ipsis
2313 668 2574 722 habebam
2612 668 2729 722 alas
2759 683 2971 738 upupa,
2999 675 3048 722 et
3078 667 3410 724 elevaverunt
3452 687 3662 726 mensu-

2065 777 2182 816 ram
2209 762 2351 817 inter
2396 771 2592 816 terram
2628 771 2676 816 et
2741 762 2947 817 calum.
3000 761 3069 817 Et
3114 763 3232 817 dixi
3271 764 3341 816 ad
3388 764 3663 835 angelum,

2064 854 2551 926 quiloquebaturiu
2587 871 2668 908 me
2697 871 2716 909 :
2741 854 2861 921 Quo
2892 856 3008 911 ista:
3039 856 3282 923 deferunt
3312 873 3614 911 mensuram
3639 858 3665 911 .’

2069 946 2137 1002 Et
2162 949 2303 1001 dixit
2333 948 2402 1002 ad
2445 965 2524 1003 me
2551 966 2567 1002 :
2606 946 2675 1003 Ut
2711 948 2972 1016 (edi/irent
2996 950 3043 1003 ei
3065 950 3277 1003 domum
3299 950 3353 1003 in
3381 961 3522 1004 terra
3555 950 3660 1005 Ba—

2064 1040 2293 1111 bylonis,
2326 1050 2375 1095 et
2393 1051 2714 1112 prwparent,
2745 1050 2794 1096 et
2827 1052 3026 1111 ponant
3054 1042 3206 1096 illaut
3246 1042 3317 1096 ibi
3336 1057 3498 1112 super
3522 1058 3660 1108 pra-

2062 1134 2390 1204 parationem
2408 1150 2584 1189 suam.

338 1212 680 1282 ἑτοιμάσαι,
711 1212 809 1266 καί
837 1211 1143 1278 θήσουσιν
1179 1211 1327 1266 αὐτὸ
1365 1213 1498 1267 ἐκεῖ
1528 1213 1625 1267 ἐπὶ
1654 1213 1770 1281 τὴν
1801 1214 1953 1269 ἐτοι-

332 1305 578 1375 μασιάν
608 1304 822 1359 αὑτοῦ.

408 1396 543 1450 AA'.
587 1395 656 1449 Τί
686 1394 753 1449 ἂν
785 1394 1031 1467 βούλοιτο
1074 1395 1270 1468 δηλοῦν
1300 1395 1412 1450 τῶν
1448 1396 1725 1465 γυναικῶν
1754 1399 1789 1471 ή
1830 1396 1954 1464 ξυν-

2135 1400 2332 1458 XXXI.
2361 1402 2501 1470 Quid
2553 1418 2651 1471 par
2701 1403 2994 1459 mulierum
3049 1403 3271 1471 indicet,
3308 1411 3367 1459 et
3386 1403 3546 1472 cuius
3579 1404 3660 1460 rei

338 1489 501 1559 ωρὶς.
550 1488 767 1559 ῆτίνος
810 1486 877 1542 ἃν
922 1480 1034 1541 εἷεν
1070 1491 1151 1573 εἰς
1204 1489 1397 1553 τύπον,
1452 1491 1754 1560 ἀναγκαῖον
1797 1487 1954 1561 οἶμαί

2065 1505 2249 1568 typum
2302 1506 2476 1567 gerat,
2534 1507 2659 1552 ante
2692 1498 2873 1551 omnia
2897 1496 3277 1565 exponendum
3315 1513 3532 1553 censeo.
3563 1497 3660 1552 Ait

339 1597 448 1634 που
480 1583 576 1635 καὶ
605 1580 713 1652 πρό
741 1597 806 1649 γε
830 1579 940 1633 τῶν
961 1579 1140 1634 ἄλλων
1164 1582 1360 1637 εἰπεῖν.
1389 1583 1534 1652 Ἔφη
1562 1583 1741 1636 τοίνυν
1771 1585 1799 1637 ὁ
1820 1582 1954 1646 Θεὸς

2063 1589 2250 1657 itaque
2316 1588 2457 1644 Deus
2508 1590 2784 1659 prophetae
2834 1588 3104 1644 Ezecltieli
3143 1607 3156 1642 :
3189 1607 3208 1642 ι
3249 1588 3351 1644 Fili
3400 1590 3658 1654 hominis,

338 1672 420 1744 τῷ
454 1675 717 1746 προφήτῃ
761 1672 1025 1744 Ἰεζεχιήλ
1047 1689 1062 1703 ·
1095 1691 1114 1725 ι
1147 1673 1243 1727 Υἰὲ
1286 1672 1602 1745 ἀνθρώπου,
1646 1675 1741 1728 δύο
1768 1680 1955 1744 γυναῖ-

2068 1681 2187 1736 diue
2220 1681 2476 1736 mulieres
2503 1692 2684 1746 erant,
2718 1681 2841 1736 ﬁlia:
2867 1682 3059 1736 matris
3090 1680 3276 1747 unius,
3296 1690 3353 1737 et
3380 1682 3660 1738 fornicata:

339 1784 457 1843 κεί
478 1762 646 1839 ἦσαν,
698 1765 1004 1839 θυγατέρες
1037 1767 1246 1840 μητρὸς
1298 1770 1450 1839 μιᾶς,
1495 1768 1590 1822 καὶ
1642 1768 1956 1839 ὲξεπόρνευ-

2063 1774 2267 1829 suntin
2301 1773 2564 1845 Egypto,
2589 1774 2642 1830 in
2667 1774 3035 1830 adolescentia
3067 1791 3165 1829 sua
3191 1775 3476 1831 fornicum
3506 1788 3656 1840 sunt,

341 1877 446 1914 σαν
469 1862 529 1913 ὲν
552 1862 622 1932 τῇ
650 1859 939 1933 Αἰγύπτῳ,
971 1862 1032 1915 ἐν
1055 1863 1121 1932 τῇ
1148 1860 1362 1934 νεότητι
1388 1861 1570 1915 αὐτῶν
1593 1863 1956 1933 ἐπόρνευσαν,

2064 1866 2174 1921 illic
2225 1868 2541 1923 ceciderunt
2598 1870 2766 1923 ubera
2814 1883 3003 1924 earum
3054 1869 3124 1923 “.
3170 1886 3190 1919 ι
3223 1868 3391 1923 Addit
3440 1868 3548 1932 his,
3589 1870 3657 1923 il-

336 1950 463 2008 ὲκεῖ
489 1953 695 2008 ἔπεσον
730 1956 780 2008 οἰ
833 1954 1035 2026 μαστοὶ
1071 1953 1274 2008 αὐτῶν.
1314 1972 1333 2006 ι
1372 1954 1693 2026 Προσετίθει
1725 1954 1784 2008 δὲ
1829 1954 1957 2009 τού-

2063 1959 2303 2015 lustrans
2329 1961 2498 2032 699
2529 1961 2671 2031 quod
2704 1962 3008 2026 nuntiabat,
3047 1979 3068 2013 ι
3110 1973 3166 2017 et
3201 1964 3419 2016 nomina
3444 1978 3657 2030 earnm,

334 2065 476 2112 τοις,
534 2048 878 2120 σαφέστερον
933 2048 1199 2112 καθιστὰς
1248 2047 1309 2102 τὸ
1355 2048 1769 2121 διηγγελμένον,
1808 2069 1826 2103 ι
1865 2051 1957 2104 καὶ

2063 2052 2336 2119 Samaria,
2370 2056 2485 2108 sive
2525 2054 2680 2121 Oola,
2723 2063 2780 2109 et
2798 2052 3122 2116 Jerusalem,
3151 2054 3268 2108 sive
3291 2051 3487 2108 Oolina
3520 2053 3591 2108 ".
3628 2072 3648 2107 ι

334 2141 406 2196 τά
437 2141 691 2212 ὀνόματα
730 2142 936 2209 αὐτῶν,
968 2142 1261 2213 Σαμάρεια
1292 2141 1325 2213 ἢ
1354 2142 1520 2206 Οολά,
1550 2144 1645 2197 καὶ
1682 2143 1957 2215 Ἰερουσα-

2063 2146 2335 2217 Principio
2385 2147 2530 2201 enim
2564 2161 2669 2200 una
2731 2144 2832 2201 fuit
2882 2145 3195 2200 Judicorum
3220 2160 3516 2215 synagoga.
3555 2146 3660 2201 Re-

332 2232 452 2304 λὴμ
469 2234 502 2306 ἢ
521 2234 749 2289 Οολιὸά.
762 2253 784 2288 s
809 2234 925 2290 Μία
954 2236 1055 2306 μὲν
1072 2234 1183 2307 γὰρ
1202 2231 1272 2308 ἦν
1294 2234 1399 2308 [ἐν]
1418 2237 1613 2308 ἀρχαῖς
1630 2238 1665 2308 ή
1690 2237 1799 2290 τῶν
1830 2238 1957 2290 Ἰου-

2063 2249 2264 2309 gnaute
2284 2248 2465 2294 autem
2495 2238 2758 2303 Roboam,
2789 2238 3035 2307 abrupta!
3065 2240 3134 2294 ab
3178 2239 3303 2294 aliis
3322 2239 3517 2293 decent
3558 2239 3659 2314 ιιτί-

331 2325 510 2380 δαίων
552 2329 871 2401 συναγωγή.
930 2328 1091 2383 Κατά
1132 2327 1190 2382 δέ
1243 2345 1308 2399 γε
1341 2329 1434 2382 τὸν
1479 2330 1671 2400 καιρὸν
1712 2330 1813 2401 τῆς
1862 2329 1957 2383 τοῦ

2063 2332 2185 2394 bus,
2223 2332 2536 2386 habitarunt
2571 2330 2902 2396 Samariam,
2935 2340 2990 2384 et
3025 2329 3307 2386 fornicata:
3325 2342 3454 2386 sunt
3494 2332 3547 2384 in
3578 2310 3659 2385 ἕε-

345 2419 599 2491 ⁶Ρο6οάμ
625 2420 929 2491 βασιλείας,
957 2423 1365 2494 ἀπορραγεῖσαι
1395 2423 1506 2477 τῶν
1538 2424 1716 2479 ἄλλων
1745 2426 1801 2478 αἰ
1822 2425 1957 2482 δέκα

2063 2424 2193 2479 tulis
2207 2423 2411 2490 aureis,
2440 2438 2579 2495 quos
2601 2423 2729 2478 fecit
2755 2420 3047 2480 Jeroboam
3076 2423 3222 2479 lilius
3240 2424 3414 2479 Nubat
3440 2424 3508 2478 “.
3542 2422 3661 2478 Cae-

336 2514 532 2584 φυλαὶ,
574 2516 943 2587 κατῳκήκασι
990 2515 1331 2589 Σαμάρειαν,
1375 2518 1470 2571 καὶ
1514 2516 1957 2588 πεπορνεύκασιν

2065 2529 2238 2575 terum
2304 2534 2410 2574 non
2474 2518 2595 2573 sine
2622 2532 2786 2574 causa
2817 2517 3018 2572 factum
3034 2524 3139 2571 est.
3175 2555 3190 2570 .
3223 2557 3240 2574 .
3272 2556 3288 2572 .
3328 2555 3343 2570 .
3385 2555 3402 2571 .
3441 2553 3457 2570 .
3497 2552 3513 2570 .
3542 2551 3558 2569 .
3591 2554 3605 2568 .
3642 2556 3656 2569 .

333 2608 433 2662 ἐπὶ
465 2610 594 2674 ταῖς
645 2609 917 2680 δαμάλεσι
961 2612 1083 2674 ταῖς
1134 2612 1391 2682 χρυσαῖς,
1435 2608 1502 2675 ἃς
1553 2609 1957 2665 κατεσκεύασεν

2063 2610 2168 2667 hoc
2219 2623 2325 2676 est,
2366 2608 2674 2666 Jerusalem
2706 2630 2723 2665 :
2754 2610 2874 2680 ipsa
2900 2610 3049 2666 enim
3079 2623 3297 2679 quoque
3326 2607 3513 2663 multis
3545 2622 3663 2664 mo-

348 2698 643 2773 Ἰεροόοὰμ
682 2701 799 2765 υἰὺς
852 2700 1066 2756 Ναόάτ.
1118 2700 1268 2773 Πλὴν
1321 2702 1424 2755 οὐκ
1475 2700 1581 2766 ἔξω
1627 2702 1727 2773 τῆς
1776 2702 1957 2766 αἰτίας

2063 2702 2147 2759 dis
2176 2702 2445 2760 fornicata
2471 2711 2579 2768 est,
2616 2702 2942 2774 quibusdam
2967 2712 3079 2757 tum
3101 2702 3244 2757 idola
3277 2700 3659 2770 adorantibus,

334 2792 533 2862 γέγονε
609 2832 626 2848 .
705 2831 723 2847 .
802 2834 819 2850 .
897 2832 914 2849 .
993 2833 1011 2849 .
1091 2832 1106 2849 .
1186 2834 1202 2851 .
1281 2833 1299 2849 .
1395 2793 1699 2859 τουτέστιν,
1758 2794 1957 2865 Ἰερου-

2063 2805 2118 2852 et
2135 2795 2576 2852 sacriﬁcantibus
2600 2794 2754 2865 Baal,
2794 2795 3051 2862 Astartes,
3076 2794 3334 2858 collibus,
3371 2793 3508 2855 Soli.
3545 2792 3659 2848 Lu-

336 2884 551 2957 σαλῆμ·
587 2885 1011 2958 ὲκπεπόρνευκε
1063 2884 1176 2958 γὰρ
1223 2884 1320 2940 καὶ
1363 2884 1506 2957 αὕτη
1551 2885 1698 2940 κατὰ
1728 2886 1957 2952 πολλοὺς

2063 2904 2170 2955 ιιιρ,
2219 2890 2496 2946 sideribus
2543 2888 2769 2959 reliquis
2799 2904 2815 2942 :
2847 2897 2959 2943 tum
3012 2888 3080 2943 ad
3115 2901 3335 2943 omnem
3368 2885 3660 2941 immundi-

332 2979 602 3051 τρόπους,
631 2979 793 3033 τοῦτο
819 2981 921 3049 μὲν
945 2977 1187 3042 εἰδώλοις
1212 2978 1748 3049 προσκεκυνηκότων
1770 2979 1955 3046 τινῶν,

2064 2982 2192 3035 tiam
2225 2980 2424 3051 cupide
2472 2981 2824 3047 abeuntibus,
2857 2988 2915 3035 et
2942 2980 3124 3034 divina
3150 2978 3407 3033 mandata
3435 2978 3659 3048 sapien-

335 3073 437 3128 καὶ
478 3071 722 3127 θυόντων
766 3073 834 3143 τῇ
872 3070 1038 3137 Βαάλ,
1093 3074 1160 3143 τῇ
1210 3072 1507 3143 Ἀστάρτῃ,
1558 3075 1674 3136 τοῖς
1718 3071 1955 3142 βουνοῖς,

2063 3074 2258 3130 tissimi
2291 3073 2457 3130 Mosis
2497 3088 2599 3129 nec
2626 3072 2721 3128 bili
2749 3072 3097 3128 facientibus.
3131 3072 3274 3126 Duas
3303 3072 3488 3140 itaque
3519 3069 3664 3142 Syn-

332 3163 503 3236 ἡλίῳ,
545 3164 751 3235 σελήνῃ
812 3163 909 3217 καὶ
946 3163 1170 3236 ἄστροις
1204 3163 1417 3235 ἑτέροις
1441 3180 1455 3194 ·
1496 3162 1663 3217 τοῦτο
1711 3162 1771 3217 δὲ
1818 3163 1957 3235 πρὸς

2063 3180 2263 3236 agogas
2316 3162 2537 3220 lsraelis
2583 3163 2797 3221 duabus
2838 3163 3162 3218 mulieribus
3201 3162 3401 3218 iterum
3434 3161 3539 3216 hac
3575 3161 3660 3218 vi-

332 3258 527 3312 πᾶσαν
572 3256 815 3329 ἑτοίμως
850 3256 1042 3312 ἰόντων
1084 3256 1454 3329 ἀκαθαρσίαν,
1492 3256 1590 3311 καὶ
1638 3258 1770 3330 παρ’
1799 3258 1955 3313 οὐδὲν

2063 3259 2214 3316 sione
2263 3266 2549 3329 comparat
2577 3272 2593 3310 :
2630 3271 2768 3326 quas
2795 3263 2850 3311 et
2876 3255 3207 3326 alasupupa:
3228 3256 3488 3312 habuisse
3509 3254 3660 3312 adir-

329 3347 409 3401 τά
446 3348 540 3404 διὰ
569 3348 667 3403 τοῦ
707 3349 990 3421 πανσόφου
1021 3350 1268 3416 Μωσέως
1301 3350 1750 3422 τεθεσπισμένων
1779 3352 1957 3429 τιθέντ-

2063 3359 2196 3415 mat,
2228 3359 2287 3405 ut
2323 3350 2591 3419 impuram
2622 3363 2834 3412 earum.
2867 3359 3106 3404 mentem
3147 3359 3199 3403 et
3222 3349 3288 3403 ad
3321 3365 3662 3420 quaecunque

332 3460 472 3500 των.
505 3444 619 3508 Τὰς
646 3442 744 3497 δύο
763 3444 829 3515 δὴ
862 3439 957 3499 οὖν
985 3443 1095 3498 τῶν
1123 3443 1182 3511 ἐξ
1225 3442 1445 3515 Ἰσραὴλ
1471 3444 1801 3513 συναγωγάς
1829 3445 1956 3499 δυσὶ

2063 3443 2269 3499 nefaria
2337 3441 2652 3497 facilitatem
2679 3441 3084 3510 appositissime
3142 3440 3407 3496 declaret.
3466 3440 3660 3513 Upupa

335 3534 595 3605 γυναιξὶν
626 3535 891 3606 ἀφομοιοῖ
921 3533 1156 3605 πάλιν.ή
1193 3534 1410 3606 ὅρασις,
1451 3530 1519 3596 ἃς
1547 3526 1642 3586 καὶ
1676 3532 1956 3603 πτέρυγας

2063 3538 2207 3593 enim
2271 3546 2458 3593 notum
2508 3544 2593 3591 est
2637 3550 2810 3605 genus
2862 3535 3125 3604 passeris,
3190 3550 3384 3590 amans
3411 3538 3578 3601 cmui,
3605 3546 3661 3592 et

335 3626 549 3691 ἔποπος
575 3626 875 3699 ἐσχηκέναι
901 3627 1091 3698 φησὶν,
1123 3626 1212 3680 ἵνα
1236 3627 1336 3697 τὴν
1364 3625 1591 3679 ἐνοῦσαν
1612 3626 1798 3689 αὐτοῖς
1825 3625 1957 3680 ἀκάν-

2064 3630 2523 3699 stercorivorum,
2579 3639 2636 3684 et
2666 3629 2719 3683 in
2755 3643 2950 3699 greges
2966 3629 3296 3684 crabronum
3327 3628 3567 3686 ferocius
3582 3629 3661 3685 in-

336 3720 546 3794 θαρτον
582 3719 816 3793 γνώμην
867 3720 965 3775 καὶ
1006 3720 1070 3774 τὸ
1098 3719 1238 3791 πρὸς
1286 3720 1397 3773 πᾶν
1427 3718 1610 3773 ὁτιοῦν
1655 3718 1766 3773 τῶν
1804 3719 1960 3774 ἐκτό-

336 3832 467 3868 πων
512 3813 743 3878 εὐπετὲς
793 3806 855 3867 εὖ
895 3812 1043 3884 μάλα
1091 3812 1559 3882 κατασημήνειεν.
1596 3810 1656 3865 '0
1704 3810 1805 3882 μὲν
1847 3810 1958 3881 γὰρ

338 3906 492 3977 εποψ
541 3906 829 3978 στρουθίον
863 3906 1014 3959 ἐστὶν
1046 3905 1147 3959 οὐκ
1195 3905 1435 3975 ἄσημον,
1470 3902 1863 3976 φιλοϐάρϐορον
1898 3904 1957 3959 δὲ
1986 3918 1994 3927 ’

337 4001 440 4056 καὶ
466 3999 830 4073 κοπροϐόρον,
864 4000 960 4053 καὶ
987 4001 1109 4063 ταῖς
1148 3998 1451 4069 σκωλήκων
1485 3998 1716 4067 ἀγέλαις
1745 3998 1956 4070 ἀγρίως

336 4093 799 4165 ὲπιμαινόμενον,
829 4091 928 4146 καὶ
952 4091 1160 4163 τροφὴν
1190 4090 1279 4144 ἀεὶ
1306 4089 1579 4143 ποιεῖσθαι
1606 4089 1959 4160 κατειθισμέ-

336 4200 437 4240 νον
463 4184 566 4257 τὴν
610 4183 853 4254 ἐσχάτην
899 4180 1269 4253 ἀκαθαρσίαν.
1299 4179 1556 4245 Τοιοῦτος
1607 4179 1664 4235 δέ
1695 4197 1815 4246 πως
1863 4183 1958 4235 καὶ

335 4280 459 4344 τοῖς
492 4272 979 4347 εἰδωλολατροῦσιν
1005 4273 1201 4328 ὕπεστι
1242 4272 1389 4338 νοῦς.
1424 4272 1543 4328 Οὐκ
1567 4273 1790 4344 έρχεται
1820 4290 1957 4327 κατ-

337 4370 479 4427 ευθὺ
510 4370 609 4425 τοῦ
656 4370 966 4441 πρέποντος
988 4384 1003 4399 ⁸
1052 4367 1170 4422 ἀλλ’
1200 4366 1307 4433 ἔξω
1339 4367 1570 4439 φέρεται
1599 4365 1695 4420 τοῦ
1723 4367 1954 4435 εἰκότος,

337 4466 441 4522 τὸν
469 4465 616 4519 θεῖον
657 4464 762 4518 οὐκ
802 4458 911 4515 οἶδε
944 4461 1131 4532 νόμον.
1166 4461 1324 4515 Ἔστι
1363 4460 1420 4514 δὲ
1461 4460 1683 4532 ἁπάσης
1709 4460 1957 4533 ἀκαθαρ-

2059 3726 2306 3788 sanieus,
2366 3722 2910 3780 etimmundissima
2952 3736 3184 3792 quaeque
3241 3736 3341 3791 pro
3396 3722 3662 3779 alimento

2061 3832 2329 3888 usurpare
2376 3816 2623 3873 solitum.
2660 3813 2810 3869 Talis
2863 3813 3270 3883 quodammodo
3307 3827 3463 3868 mens
3491 3813 3658 3868 etiam

2061 3909 2368 3967 idololatris
2417 3908 2584 3963 inest.
2640 3904 2761 3962 Non
2819 3915 2973 3961 recto
3017 3904 3217 3959 itinere
3270 3904 3339 3958 ad
3369 3904 3661 3960 honestum

2061 4002 2364 4068 contendit,
2393 4002 2489 4057 sed
2512 4010 2667 4056 extra
2692 4000 2768 4063 id,
2798 3998 2945 4068 quod
2975 4007 3406 4052 consentaneum
3442 4005 3527 4053 est
3551 3995 3661 4051 ier—

2060 4101 2173 4149 tur.
2220 4094 2314 4149 Dei
2352 4094 2527 4164 legem
2571 4106 2678 4148 non
2713 4094 2889 4157 novit,
2918 4091 3074 4163 plena
3102 4090 3252 4146 omni
3288 4091 3658 4157 immunditia,

2061 4196 2119 4240 et
2141 4200 2306 4241 omne
2332 4200 2507 4256 genus
2552 4183 2928 4253 improbitatis
2991 4184 3175 4239 cibum
3213 4198 3372 4238 suum
3425 4184 3657 4240 ducens.

2060 4277 2272 4333 Idcirco
2307 4287 2365 4333 et
2401 4276 2517 4333 alas
2546 4292 2740 4347 upupa:
2768 4275 3103 4333 mulierculis
3133 4285 3347 4347 aptatas
3374 4291 3557 4332 sermo
3585 4276 3662 4331 vi-

2059 4370 2233 4427 sionis
2265 4380 2472 4437 narrat,
2504 4369 2741 4426 similem
2777 4384 2998 4441 quoque
3037 4378 3275 4425 mentem
3306 4380 3365 4426 et
3391 4368 3659 4441 judicium

2061 4465 2169 4522 illis
2216 4464 2400 4521 inesse
2446 4465 2668 4521 docens.
2736 4464 3046 4533 Capesth
3105 4473 3288 4519 autem
3349 4477 3660 4521 mensuram

341 4558 474 4623 σίας
527 4556 805 4630 ἐμπλεως,
857 4554 954 4608 καὶ
1004 4556 1114 4608 πᾶν
1163 4549 1305 4618 εἶδος
1353 4552 1691 4623 φαυλότητος
1737 4553 1953 4623 ἡγεῖται

2063 4557 2358 4630 iniquitate
2417 4557 2705 4627 repletam.
2742 4556 2973 4628 Oportet
3023 4556 3172 4613 enim
3224 4557 3524 4627 quamlibet
3549 4559 3662 4612 ani-

337 4653 582 4727 τροφήν.
617 4650 893 4726 Ταύτῃτοι
926 4650 1020 4703 καὶ
1058 4647 1335 4719 πτέρυγας
1378 4645 1582 4711 ἔποπος
1614 4644 1955 4717 ὲνηρμόσθαι

339 4748 465 4809 τοῖς
519 4743 767 4813 γυναίοις
810 4744 840 4796 ὁ
868 4745 970 4814 τῆς
1014 4742 1261 4813 ὁράσεως
1307 4739 1413 4812 ἔφη
1461 4738 1641 4808 λόγος,
1693 4738 1792 4810 τὴν
1831 4738 1954 4810 ῐσην

341 4839 577 4893 ἐκείνων
607 4835 836 4908 γνώμην
872 4836 968 4891 καὶ
996 4836 1182 4899 αὐτοῖς
1222 4836 1421 4888 ἐνεῖναι
1452 4833 1742 4887 διδάσκων.
1793 4833 1953 4886 Ἀνα-

339 4930 697 5004 λαμσάνουσι
728 4930 788 4984 δὲ
826 4930 887 4985 τὸ
930 4929 1130 5002 μέτρον
1163 4930 1228 5000 τῇ
1261 4927 1465 5000 ἀνομίᾳ
1504 4926 1951 4998 μεμεστωμένον.

341 5027 442 5079 Δεῖ
490 5024 606 5096 γὰρ
652 5008 896 5089 ἑκάστην
948 5021 1130 5092 ψυχὴν
1162 5022 1242 5089 τῷ
1289 5020 1405 5091 ἰδίῳ
1452 5019 1955 5091 καταφορτΚεσθαι

347 5116 536 5189 βάρει,
564 5113 647 5187 τῷ
679 5114 784 5186 τῆς
834 5114 1143 5186 ἁμαρτίας,
1178 5113 1349 5184 φημί.
1406 5112 1628 5184 Ἐπειδὴ
1660 5112 1720 5167 δὲ
1764 5113 1855 5166 ίσα
1893 5129 1956 5167 τε

226 5274 241 5287 ,
342 5211 559 5282 ἀμφοῖν
590 5208 686 5263 καὶ
711 5207 918 5279 ἁδελφά
944 5208 1013 5263 τὰ
1032 5207 1380 5279 ἐγκλήματα,
1400 5207 1500 5277 τῆς
1526 5223 1586 5260 τε
1619 5206 1956 5279 Σαμαρείας,

343 5300 525 5374 φημὶ,
564 5300 661 5355 καὶ
699 5300 800 5370 τῆς
842 5297 1226 5371 Ἰερουσαλὴμ,
1277 5295 1540 5371 ταύτῃτοι
1597 5299 1694 5352 καὶ
1736 5299 1794 5352 ὲν
1857 5296 1958 5369 ἰσὶν

288 5460 309 5475 Α
342 5394 544 5466 τρόπῳ
588 5390 1040 5464 κατηχθεσμέναι
1088 5390 1169 5462 τῷ
1222 5390 1412 5462 μέτρῳ
1459 5389 1557 5446 καὶ
1604 5393 1675 5464 τῇ
1738 5390 1961 5464 ἀνομίᾳ,

302 5488 307 5503 τ
344 5488 676 5560 πνεύματος
715 5484 1087 5557 ἐμπίπτοντος
1124 5485 1248 5549 ταῖς
1305 5483 1565 5555 πτέρυξιν
1611 5482 1814 5550 αὐτῶν,
1852 5483 1968 5549 ὀξεῖ

344 5584 451 5639 καὶ
474 5580 913 5655 ἀπαρατωδίστῳ
944 5580 1207 5653 φέρονται
1233 5578 1422 5651 δρόμῳ
1456 5578 1593 5650 πρὸς
1621 5576 1720 5649 τὴν
1747 5577 1855 5632 τῶν
1880 5577 1969 5632 ἀλ-

332 5673 610 5746 λοφύλων
648 5671 859 5745 χώραν,
897 5671 1061 5743 δῆλον
1103 5670 1163 5726 δὲ
1194 5670 1277 5726 ὅτι
1303 5671 1404 5742 τὴν
1433 5668 1546 5724 τῶν
1582 5667 1961 5724 Βαϐυλωνίων.

463 5856 514 5888 ⁸⁹
546 5854 752 5912 Ezech.
787 5871 945 5921 um,
986 5854 1037 5918 ἰ,
1062 5853 1118 5907 3.
1193 5852 1241 5884 ⁷⁸
1281 5852 1411 5909 ibid.
1454 5850 1506 5905 4.

2068 4667 2214 4707 mam
2247 4666 2348 4707 suo
2374 4665 2543 4707 onere
2572 4650 2816 4719 onerari,
2843 4649 3053 4719 peccati
3081 4649 3327 4721 inquam.
3354 4649 3491 4717 Quia
3528 4664 3661 4707 vero

2064 4743 2221 4815 paria
2261 4751 2390 4799 sunt
2439 4742 2726 4798 ambarum
2784 4751 2843 4797 et
2894 4752 3131 4812 cognata
3171 4750 3420 4812 peccata,
3464 4742 3660 4797 Sama—

2062 4836 2161 4892 riae
2230 4835 2498 4892 nimirum
2546 4845 2603 4890 et
2648 4831 2974 4901 Jerusalem,
3028 4833 3151 4889 ideo
3200 4832 3393 4889 eodem
3441 4848 3663 4905 quoque

2063 4926 2224 4984 modo
2274 4936 2518 4981 oneratae
2564 4939 2822 4981 mensura
2866 4933 2923 4980 et
2962 4921 3278 4994 iniquitate,
3325 4922 3519 4992 spiritu
3560 4922 3663 4978 alis

2062 5034 2255 5075 earum
2306 5018 2605 5081 incidente,
2665 5015 2831 5073 celeri
2871 5030 2937 5071 ac
2978 5030 3085 5070 non
3114 5014 3378 5086 impedito
3405 5030 3571 5071 cursu
3593 5016 3663 5069 ad

2065 5110 2499 5181 alienigenarum
2556 5108 2836 5179 regionem
2887 5104 3308 5177 Babyloniorum
3359 5107 3548 5176 utique
3577 5104 3659 5162 fe—

2066 5214 2286 5259 runtur.
2341 5202 2628 5258 immundo
2681 5202 2829 5257 enim
2879 5202 3071 5271 spiritu
3101 5204 3170 5256 ad
3197 5200 3533 5271 peccandum
3566 5215 3663 5255 eas

2067 5294 2406 5366 impellente,
2453 5302 2511 5350 et
2555 5275 2847 5364 iniquitate
2908 5282 3311 5365 praegravante,
3339 5293 3393 5347 in
3438 5291 3664 5362 captivi-

2065 5393 2232 5442 tatem
2297 5377 2612 5452 abstractaa,
2638 5395 2695 5442 et
2721 5385 2825 5441 sub
2847 5385 3017 5456 pedes
3042 5384 3387 5439 inimicorum
3429 5384 3664 5437 redacta:

2064 5490 2212 5536 sunt.
2242 5479 2542 5552 Postquam
2592 5489 2778 5536 autem
2831 5478 2969 5534 dixit
3022 5476 3217 5533 beatus
3284 5473 3530 5544 angelus,
3564 5489 3663 5531 eos

2063 5574 2281 5631 deferre
2308 5577 2653 5649 mensuram
2685 5572 2754 5628 ad
2797 5571 3176 5629 aediﬁcandam
3210 5568 3312 5641 ipsi
3344 5568 3569 5623 domum
3604 5567 3660 5621 in

2066 5676 2213 5724 terra
2266 5667 2582 5740 Babylonis,
2644 5665 2981 5737 accipiamus
3027 5665 3133 5722 hoc
3187 5663 3317 5720 licet
3351 5658 3457 5735 prd
3481 5661 3659 5731 signo,

1622 5851 1664 5881 τ¹
1712 5848 1780 5903 Ill
1825 5848 1958 5921 Reg.
1989 5865 2086 5915 xu,
2129 5849 2199 5904 28
2234 5864 2392 5920 seqq.
