4130 6510
511 368 577 421 $7
1503 369 1561 426 s.
1603 367 1876 427 evntLLt
1916 370 2390 430 ALEXANDRINI
2431 376 2751 434 ABCHIEP.
3713 373 3784 430 88

507 483 646 540 alios
699 481 860 539 lsrsel
916 483 1004 538 diu
1046 482 1182 553 apud
1211 482 1394 540 hostes
1419 485 1678 552 victuros,
1731 491 1874 558 quod
1899 500 1952 544 et
1987 490 2084 547 do-

2199 491 2293 545 Γοῦ
2326 494 2435 564 γὰρ
2483 494 2793 565 ἀκαθάρτου
2844 492 3151 563 meditato;
3210 489 3576 552 συνωθοῦντος
3609 489 3782 550 αὑτὰς

507 591 629 630 mus
681 576 959 644 iniquitati
1000 576 1322 644 :edilicatur,
1357 579 1520 648 700
1549 587 1603 631 et
1635 580 1800 636 veluti
1835 584 1989 640 sedes
2018 599 2080 639 ac

2199 591 2270 647 εἰς
2302 584 2364 638 τὸ
2402 585 2743 657 πλημμελὲς,
2791 585 2884 637 κα)⁸
2913 587 2977 654 τῇ
3019 583 3220 653 ἀνομίᾳ.
3267 580 3779 650 καταφορτίζοντος,

504 669 669 722 statio
702 669 800 738 ipsi
841 669 981 738 apud
1024 669 1207 723 hostes
1256 679 1500 738 paratur.
1542 671 1604 728 Id
1653 676 1796 742 quod
1860 685 2086 732 eventus

2199 676 2644 748 ἅπεκομίσθησαν
2670 681 2748 740 εἰς
2779 676 3180 746 αἰχμαλωσίαν,
3223 673 3318 726 καὶ
3352 673 3457 726 ὑπὸ
3487 673 3654 734 πόδας
3681 688 3780 723 πε-

509 759 852 814 monstravit.
927 756 1022 811 Vix
1071 757 1216 812 enim
1264 761 1664 829 septuagesimo
1709 777 1853 819 anno
1907 764 2081 829 linito,

2199 766 2438 821 πτώκασι
2467 769 2578 822 τῶν
2616 769 2849 839 ἐχθρῶν.
2890 766 3111 836 Ἐπειδὴ
3156 765 3213 819 δέ
3258 766 3470 835 φησινό
3508 762 3781 833 μακάριος

505 850 735 904 vinculis
763 850 1042 904 servitutis
1072 849 1231 904 levati
1267 859 1411 904 sunt.

2199 858 2438 925 ιγγελος,
2464 859 2539 923 ὡς
2573 861 2910 930 ἀποφέρουσι
2940 858 2999 910 τὸ
3029 857 3226 928 μέτρον
3257 855 3607 924 οἰκοδομῆσαι
3629 850 3777 920 αὐτῷ

503 943 680 996 οἰκίαν
718 942 774 996 ἐν
806 944 874 1012 γῇ
908 939 1243 1004 Βαδυλῶνοςο
1287 942 1585 1010 ἀναγκαῖον
1612 945 1758 1014 ἡμᾶς
1789 947 1968 1000 ἐκεῖνο
2006 951 2166 1014 νοεῖν,
2191 949 2266 1013 ὡς
2292 950 2406 1003 ἐστι
2438 954 2662 1022 σημεῖον
2700 949 2794 1004 τοῦ
2831 949 3039 1021 μακρὸν
3065 949 3192 1019 παρ’
3228 947 3440 1018 ἐχθροῖς
3468 944 3777 998 διατελέσαι

504 1037 692 1110 χρῦνον
719 1035 842 1097 τοὺς
877 1033 934 1100 ἐξ
963 1032 1198 1105 Ἰσραὴλ,
1238 1032 1300 1086 τὸ
1330 1035 1424 1086 καὶ
1446 1030 1594 1089 οἰκον
1619 1037 2014 1107 οἰκοδομεῖσθαι
2045 1042 2112 1110 τῇ
2140 1042 2358 1114 ἀνομίᾳ,
2385 1043 2478 1096 καὶ
2508 1038 2619 1097 οἷον
2639 1043 2845 1116 ἴδρυσίν
2867 1059 2990 1096 τινα
3019 1041 3112 1093 καὶ
3145 1040 3332 1093 στάσιν
3368 1040 3504 1106 αὐτῇ
3529 1035 3776 1105 γίνεσθαι

511 1134 643 1201 παρ’
682 1129 916 1200 ἐχθροῖς.
951 1129 1017 1182 '0
1046 1127 1112 1200 δὴ
1157 1129 1251 1182 καὶ
1273 1127 1605 1184 τετέλεσται.
1647 1132 1816 1197 Μόλις
1846 1135 1956 1206 γὰρ
1989 1135 2173 1200 αὐτοῖς
2202 1137 2603 1209 ὲὸδομηκοστοῦ
2645 1137 3024 1210 πληρωθέντος
3067 1135 3240 1200 ἔτους,
3277 1134 3386 1187 τῶν
3405 1129 3510 1201 τῆς
3531 1131 3775 1192 δουλείας

503 1222 791 1296 ἀνεῖ[ν]ται
817 1221 1050 1281 δεσμῶν.

1157 1317 1309 1374 CAP.
1357 1317 1440 1372 Vl.

2775 1324 3029 1378 ΚΕΦΑΛ.
3081 1326 3150 1391 σν
3177 1363 3190 1376 .

580 1409 742 1466 Vens.
764 1409 882 1466 1-8.
911 1408 982 1462 Et
999 1425 1269 1464 conversus
1300 1426 1436 1471 sum.
1465 1420 1511 1464 et
1532 1409 1694 1465 levavi
1718 1411 1898 1466 oculos
1918 1429 2082 1480 meos,

2260 1415 2373 1470 Kal
2400 1415 2764 1485 ἐπέστρεψα,
2801 1416 2898 1470 καὶ
2929 1413 3045 1486 ἦρα
3074 1414 3214 1479 τοὺς
3253 1411 3598 1480 ὀφθαλμούς
3626 1425 3770 1476 μου,

501 1513 553 1556 et
580 1505 710 1568 vidi,
745 1513 794 1558 et
823 1519 938 1557 ecce
978 1515 1207 1572 quatuor
1236 1519 1423 1557 currus
1461 1503 1782 1573 egredientes
1815 1506 1879 1557 de
1911 1507 2082 1558 medio

2199 1508 2284 1560 καὶ
2318 1507 2468 1574 ἴδον,
2496 1508 2592 1560 καί
2620 1507 2748 1561 ίδοὺ
2779 1508 3047 1574 τέσσαρα
3066 1505 3298 1574 ἅρματα
3329 1501 3774 1568 ἐκπορευόμενα

502 1599 728 1650 duorum
777 1597 1060 1660 montium,
1114 1605 1162 1649 et
1189 1607 1385 1650 montes
1410 1606 1561 1651 erant
1595 1606 1801 1652 montes
1835 1599 1983 1652 terei.
2016 1596 2084 1650 In

2199 1601 2257 1654 ἐκ
2285 1599 2482 1670 μέσου
2523 1601 2633 1655 δύο
2668 1600 2873 1669 ὀρέων,
2907 1599 3003 1654 καί
3038 1598 3108 1652 τὰ
3145 1598 3250 1665 ὅρη
3300 1589 3378 1666 ἦν
3409 1593 3513 1660 ὅρη
3549 1587 3768 1659 χαλκᾶ.

503 1705 665 1742 curru
711 1689 883 1756 primo
903 1689 1021 1759 equi
1052 1688 1186 1756 ruﬁ,
1241 1699 1288 1741 et
1313 1690 1365 1742 in
1398 1706 1555 1742 curru
1581 1692 1809 1744 secundo
1843 1692 1963 1761 equi
2002 1690 2084 1744 ni-

2206 1693 2301 1745 Ἐν
2335 1692 2414 1758 τῷ
2463 1692 2673 1763 ἅρματι
2706 1690 2786 1756 τῷ
2818 1690 3028 1759 πρώτῳ
3071 1691 3241 1742 ἵπποι
3291 1684 3525 1754 πυρῤοἰ,
3572 1681 3671 1735 καί
3702 1681 3774 1733 ἐν

503 1779 605 1847 gri,
645 1787 694 1831 et
718 1779 773 1831 in
801 1794 960 1832 curru
1007 1779 1163 1832 tertio
1207 1781 1325 1848 equi
1358 1780 1508 1843 albi,
1547 1791 1594 1833 et
1620 1781 1672 1833 in
1695 1797 1856 1833 curru
1895 1791 2084 1848 quarto

2199 1781 2270 1847 τῷ
2302 1782 2514 1851 ἅρματι
2551 1781 2631 1847 τῷ
2667 1781 2924 1848 δευτέρῳ
2957 1781 3126 1833 ἵπποι
3153 1778 3437 1848 μέλανες,
3472 1774 3566 1826 καί
3593 1771 3663 1824 ἐν
3691 1771 3774 1831 τῷ

504 1886 622 1938 equi
677 1871 810 1923 varii
853 1884 898 1924 et
961 1869 1337 1924 multicolorcs.
1391 1869 1461 1924 Et
1509 1873 1774 1940 respondi,
1801 1881 1850 1926 et
1872 1873 1987 1925 dimi
2017 1873 2085 1924 ad

2199 1874 2404 1943 ἅρματι
2431 1872 2510 1938 τῷ
2545 1873 2721 1941 τρίτῳ
2744 1873 2913 1926 ἵπποι
2943 1870 3174 1933 λευκοὶ,
3205 1868 3302 1922 καί
3337 1869 3408 1920 ἐν
3448 1865 3528 1930 τῷ
3556 1865 3773 1932 ἅρματι

506 1963 751 2033 angelum
781 1961 872 2032 qui
893 1961 1204 2032 loquebatur
1237 1963 1290 2014 in
1323 1978 1404 2017 me
1432 1979 1450 2016 :
1492 1963 1632 2028 Quid
1670 1976 1791 2018 sunt
1815 1965 1948 2028 lucc,
1982 1966 2084 2018 do-

2199 1963 2267 2029 Γῷ
2298 1964 2552 2031 τετάρτῳ
2573 1964 2745 2016 ἵπποι
2793 1962 3076 2023 ποικίλοι,
3109 1959 3205 2013 καὶ
3255 1957 3458 2027 ψαροι.
3507 1956 3614 2008 Kal
3654 1955 3772 2007 ἀπο

503 2056 686 2109 mine?
715 2054 782 2107 Et
823 2054 1087 2122 respondit
1149 2055 1368 2123 angelus
1403 2058 1490 2125 qui
1521 2055 1832 2124 loquebatur
1859 2058 1914 2110 in
1950 2073 2030 2109 me
2065 2095 2080 2121 ,

2199 2056 2448 2123 εκρίθην,
2497 2054 2597 2111 καὶ
2631 2051 2770 2108 εἶπα
2817 2052 2970 2120 πρὸς
3019 2053 3126 2105 τὸν
3177 2049 3456 2120 ἄγγελον,
3497 2048 3604 2099 τὸν
3657 2049 3768 2098 ,ια-

502 2157 554 2202 et
586 2148 721 2202 diJit
758 2163 778 2201 :
808 2151 936 2202 Ηαό
993 2157 1116 2201 sunt
1169 2159 1400 2218 quatuor
1451 2150 1589 2204 venti
1650 2150 1784 2215 caeli,
1817 2151 1907 2219 qui
1929 2167 2078 2220 egre-

2199 2148 2411 2202 ιοῦντα
2436 2148 2506 2200 ἐν
2547 2147 2711 2216 ἐμοί·
2755 2147 2817 2200 Τί
2847 2145 2978 2199 ἐστι
3009 2145 3226 2210 ταῦτα,
3271 2144 3476 2210 κύριε;
3516 2140 3624 2193 Kal
3658 2139 3774 2192 ἁπ-

501 2241 724 2295 diuntur
742 2251 797 2294 ut
817 2241 1067 2294 assistant
1086 2239 1317 2295 Domino
1334 2244 1504 2296 omnis
1525 2253 1700 2296 terrtc.
1728 2242 1792 2296 In
1806 2260 1908 2311 quo
1926 2254 2076 2297 erant

2199 2243 2383 2308 ιιιρίοη
2439 2241 2469 2293 ὁ
2517 2240 2770 2310 ἄγγελος
2827 2243 2860 2293 d
2907 2238 3115 2293 λαλῶν
3162 2239 3232 2291 ἐν
3279 2235 3428 2305 ἐμοὶ,
3478 2232 3575 2287 καί
3605 2227 3770 2285 εἴπεο

501 2334 621 2402 equi
660 2332 817 2402 nigri,
851 2331 1258 2401 egrediebantur
1291 2349 1450 2401 super
1487 2345 1681 2387 terram
1717 2335 2000 2403 aquilonis,
2034 2345 2085 2389 et

2199 2332 2382 2388 Ταῦτά
2413 2335 2584 2387 ἐστιν
2611 2336 2666 2386 οἱ
2697 2333 2996 2401 τέσσαρες
3023 2332 3234 2400 ἄνεμοι
3261 2328 3370 2384 τοῦ
3409 2326 3691 2394 οὐρανοῦ,
3716 2324 3775 2378 οἳ

502 2422 613 2476 albi
660 2423 1063 2493 egrediebantur
1109 2435 1223 2492 post
1258 2441 1367 2478 eos.
1418 2423 1482 2477 Et
1519 2426 1653 2478 uarii
1682 2427 1889 2480 exibant
1929 2443 2087 2497 super

2199 2426 2616 2493 ἐκπορεύονται
2655 2423 3033 2495 παραστῆναι
3057 2423 3139 2489 τῷ
3184 2424 3378 2490 Κυρίῳ
3415 2420 3620 2486 πάσης
3665 2417 3773 2484 τῆς

507 2527 703 2570 terram
757 2516 948 2578 austri,
977 2525 1025 2570 et
1078 2515 1436 2570 multicolores
1487 2515 1906 2586 egrediebantur,
1931 2527 1978 2570 et
2003 2520 2085 2571 in-

2199 2518 2320 2587 Γῆς.
2374 2519 2474 2570 Ἐν
2499 2511 2547 2583 ᾧ
2574 2514 2734 2588 ἦσαν
2754 2519 2926 2570 ἵπποι
2951 2519 3002 2570 οὶ
3029 2515 3311 2586 μέλανες,
3343 2513 3774 2579 ἐξεπορεύοντο

503 2608 789 2672 spiciebant
812 2607 1081 2661 utirentet
1102 2607 1442 2660 circumirent
1465 2605 1756 2660 terram.Et
1780 2609 1914 2661 dixit
1935 2623 1954 2661 :
1977 2606 2082 2672 Ite,

2199 2611 2284 2664 ἔσπί
2315 2609 2428 2680 γῆν
2452 2609 2668 2678 βορρᾶ,
2691 2611 2791 2664 καὶ
2818 2613 2872 2663 ol
2913 2609 3122 2664 λευκοὶ
3165 2607 3594 2676 ἐξεπορεύοντο
3633 2619 3772 2655 κατ-

502 2708 552 2752 et
583 2699 802 2752 circuite
829 2711 1044 2752 terram.
1082 2697 1148 2752 Et
1188 2697 1506 2750 circuierunt
1531 2705 1748 2753 terram.
1779 2696 1850 2750 Et
1885 2698 2084 2751 clama-

2199 2701 2440 2754 όπισθεν
2467 2701 2686 2755 αὐτῶν.
2713 2702 2821 2754 Kal
2849 2704 2903 2754 οἱ
2928 2701 3191 2754 ποικίλοι
3215 2697 3643 2765 ἐξεπορεύοντο
3673 2695 3772 2747 ἐπὶ

505 2792 597 2856 vit,
635 2801 686 2846 et
718 2792 927 2845 locutus
949 2799 1026 2844 est
1048 2791 1117 2844 ad
1143 2789 1438 2849 nte,dicens
1459 2803 1478 2840 :
1521 2787 1655 2842 Ecce
1681 2791 1769 2859 qui
1798 2790 2083 2859 egrediun-

2199 2794 2308 2863 γῆν
2335 2797 2537 2858 νότου,
2585 2793 2684 2846 καὶ
2721 2797 2773 2846 ol
2812 2793 2993 2861 ψαροί
3039 2792 3492 2859 ἐξεπορεύοντο,
3529 2788 3624 2840 καὶ
3666 2786 3774 2837 ἐπ-

505 2892 592 2934 tur
632 2899 791 2952 super
833 2891 1026 2936 terram
1080 2881 1375 2950 aquilonis,
1405 2889 1455 2932 et
1491 2881 1812 2949 requiescere
1847 2882 2083 2948 fecerunt

2199 2883 2448 2937 ἔϐλεπον
2491 2884 2597 2938 τοῦ
2633 2884 3012 2952 πορεύεσθαι,
3066 2883 3172 2936 τοῦ
3225 2879 3608 2949 περιοδεῦσαι
3660 2878 3776 2944 τὴν

505 2973 736 3041 furorem
761 2989 928 3028 meum
945 2989 1104 3042 super
1123 2983 1312 3026 terram
1333 2973 1615 3043 aquilonis.

2199 2975 2327 3044 γῆν.
2373 2975 2483 3030 Kal
2537 2973 2703 3029 εἷπε⁸
2780 2976 3134 3044 Πορεύεσθε,
3195 2973 3294 3028 καὶ
3348 2971 3774 3040 περιοδεύσατε

501 3063 621 3131 τὴν
673 3061 812 3132 γῆν.
876 3063 986 3117 Kal
1046 3062 1460 3131 περιώδευσαν
1510 3063 1625 3132 τὴν
1672 3062 1807 3134 γῆν.
1861 3063 1970 3118 Kal
2020 3064 2337 3134 ἀνεϐόησε,
2391 3067 2492 3121 καί
2551 3068 2826 3134 ἐλάλησε
2884 3068 3034 3136 πρός
3113 3083 3206 3136 με,
3251 3064 3477 3134 λέγων’
3521 3061 3677 3118 Ἰδοὺ
3719 3063 3773 3114 οι

502 3153 964 3223 ἐκπορευόμενοι
1008 3153 1106 3208 ἐπὶ
1147 3153 1266 3223 γῆν
1305 3152 1523 3224 βορρᾶ,
1579 3154 1678 3208 καί
1738 3155 2100 3210 ἀνέπαυσαν
2132 3157 2239 3212 τὸν
2271 3159 2461 3228 θυμόν
2487 3176 2606 3228 μου
2645 3157 2714 3211 ἐν
2745 3156 2822 3227 γῇ
2851 3156 3064 3225 βορρᾶ.

577 3247 790 3302 XXXII.
825 3247 1018 3302 Dncuit
1045 3257 1192 3314 ante,
1224 3248 1337 3302 suis
1367 3249 1601 3318 ipsorum
1637 3249 1847 3318 laqueis
1876 3259 2083 3318 captos,

2259 3253 2381 3306 AB’.
2415 3251 2813 3323 Προῦπέδειξεν
2849 3252 2931 3304 ὅτι
2963 3252 3075 3314 τοῖς
3106 3249 3255 3319 σφῶν
3288 3247 3466 3302 αὐτῶν
3495 3246 3774 3309 ἐναλόντες

504 3354 560 3398 et
617 3344 824 3398 catenis
862 3352 1205 3410 peccatorum
1258 3357 1476 3398 suorum
1533 3345 1882 3413 constrictos,
1945 3347 2088 3400 sicut

2199 3345 2437 3416 βρόχοιςῖ
2459 3346 2551 3398 καὶ
2578 3347 2791 3413 σειραῖς
2828 3343 2938 3396 τῶν
2979 3343 3124 3396 ἰδίων
3182 3342 3598 3412 ἁμαρτημάτων
3641 3357 3774 3393 κατ-

507 3434 766 3504 scriptum
817 3433 991 3497 est",
1029 3433 1079 3486 in
1113 3432 1364 3501 ignotam
1421 3435 1696 3504 regionem
1747 3435 2084 3503 discessisse,

2199 3437 2532 3507 εσφιγμένοι,
2576 3435 2719 3489 κατὰ
2787 3436 2848 3488 τὺ
2888 3421 3296 3506 γεγραμμένον,
3344 3436 3424 3496 εἰς
3469 3431 3776 3501 ἀλλοδαπὴν

510 3529 887 3597 tiabitasseque
934 3529 1074 3596 apud
1105 3527 1288 3582 hostes
1327 3569 1342 3593 ,
1383 3527 1652 3583 insuetum
1704 3528 2088 3596 servitutisju-

508 3637 635 3692 gum
682 3619 1064 3691 perpetientes.
1097 3621 1364 3674 Caeterum
1389 3631 1443 3675 et
1470 3632 1716 3694 tempora
1745 3623 2085 3676 liberationis

512 3710 756 3779 redigere
818 3709 874 3764 in
931 3711 1250 3764 memoriam
1304 3713 1809 3780 oportebat;quare
1869 3713 2088 3765 insertis

508 3801 630 3855 aliis
687 3816 874 3856 eorum
935 3801 1203 3857 meminit.
1251 3801 1450 3857 Doctus
1508 3815 1593 3859 est
1641 3805 1784 3859 enim
1827 3804 2085 3872 propheta

510 3892 831 3962 compendio
858 3891 1041 3948 omnia
1057 3893 1204 3962 genti
1228 3892 1355 3948 olim
1385 3906 1666 3950 eventura.
1693 3895 1834 3964 Ergo
1856 3903 2088 3963 quatuor

509 4001 706 4041 currus
731 3986 785 4039 in
815 3985 994 4040 medio
1019 3985 1280 4041 montium
1301 4002 1564 4043 tereorum
1598 3987 1828 4042 dicimus
1852 4004 1974 4044 csse
2007 4007 2088 4046 re-

509 4095 615 4147 gna
679 4079 1068 4147 illustrissima,
1093 4097 1212 4152 qua
1245 4083 1295 4135 in
1341 4081 1562 4135 totidem
1593 4081 1776 4134 mundi
1817 4081 2082 4144 climatis,

512 4172 628 4225 sive
659 4173 726 4226 ad
776 4180 1010 4241 quatuor
1049 4185 1240 4228 ventos
1286 4175 1404 4230 suis
1445 4171 1694 4226 aetatibus
1752 4173 2084 4227 claruerunt.

514 4264 725 4319 Montes
765 4279 939 4320 aereos
964 4265 1066 4321 dici
1089 4265 1318 4333 coujicio
1338 4266 1475 4319 duas
1493 4263 1673 4318 mundi
1707 4273 1908 4330 partes.
1928 4266 2083 4335 τοι

509 4355 742 4420 Quidam
803 4356 947 4409 enim
982 4358 1168 4410 orbem
1220 4366 1390 4410 totum
1419 4357 1470 4407 in
1507 4354 1776 4422 Europam
1823 4367 1877 4409 et
1902 4357 2086 4410 Asiam

509 4445 781 4511 dividunt,
811 4445 963 4514 cujus
995 4457 1174 4516 partes
1205 4444 1603 4515 mrem‘propter
1639 4447 1949 4500 ﬁrmitatem
1980 4464 2084 4499 tm-

511 4538 818 4606 dequaque,
851 4546 904 4592 et
931 4539 1387 4604 immobilitatetn,
1419 4548 1472 4591 et
1517 4539 1644 4606 quia
1679 4539 1792 4592 laedi
1821 4553 1928 4592 non
1959 4554 2087 4607 pos-

2193 3528 2494 3599 ἀπῴχοντο,
2528 3530 2620 3581 καὶ
2653 3528 3013 3598 κατῳκήκασι
3053 3527 3183 3597 παρ’
3217 3525 3452 3596 ἐχθροῖς,
3486 3524 3578 3576 τὸν
3631 3523 3773 3594 ἀήθη

2195 3620 2292 3690 τῆς
2321 3621 2564 3683 δουλείας
2609 3619 2936 3674 ἀνατλάντες
2969 3617 3150 3687 ζυγόν.
3206 3617 3345 3671 Ἀλλ’
3374 3612 3442 3687 ἦν
3479 3617 3777 3683 ἀναγκαῖον

2195 3714 2290 3766 καὶ
2317 3713 2424 3765 τῶν
2459 3714 2559 3781 τῆς
2606 3710 2927 3782 λυτρώσεως
2969 3707 3374 3780 διαμεμνῆσθαι
3421 3707 3650 3776 καιρῶν,
3683 3707 3778 3758 καὶ

2193 3806 2257 3875 δὴ
2284 3806 2517 3857 ποιεῖται
2543 3803 2642 3873 τὴν
2669 3804 2922 3872 δήλωσιν,
2952 3800 3528 3871 προεμπεπλεγμένων
3551 3799 3774 3869 ἑτέρων.

2208 3901 2548 3953 Ἐδιδὰσκετο
2573 3898 2680 3966 γὰρ
2708 3898 2736 3948 ὁ
2780 3898 3065 3967 προφήτης
3108 3893 3409 3964 συλλήϐδην
3445 3892 3680 3956 ἅπαντα,
3710 3892 3780 3945 τὰ

2193 3993 2271 4063 τῷ
2301 3993 2442 4045 ἔθνει
2487 3991 2878 4062 συμϐησόμενα
2928 3989 3069 4042 κατὰ
3115 3988 3362 4058 καιρούς.
3407 3985 3490 4038 Τὰ
3534 3984 3780 4055 τέσσαρα

2194 4085 2372 4138 τοίνυν
2399 4084 2640 4153 ἅρματα,
2673 4081 2740 4133 τὰ
2773 4083 2830 4133 ἐν
2866 4081 3015 4150 μέσῳ
3043 4080 3151 4132 τῶν
3188 4078 3359 4150 ὀρέων
3399 4077 3507 4130 τῶν
3536 4076 3777 4147 χαλκῶν,

2195 4177 2375 4246 φαμὲν
2404 4170 2547 4227 εἶναι
2582 4174 2748 4226 πάλιν
2784 4173 2883 4236 τὰς
2925 4172 3034 4224 τῶν
3063 4170 3239 4225 ἄλλων
3269 4168 3559 4240 βασιλειῶν
3585 4169 3780 4240 ἐπιση-

2199 4265 2453 4338 μοτέρας,
2493 4264 2590 4325 τὰς
2629 4264 2686 4313 ὲν
2719 4263 2832 4322 τοῖς
2858 4259 3116 4330 τέσσαρσι
3147 4259 3426 4328 κλίμασιν,
3461 4260 3627 4328 ἤγουν
3657 4260 3780 4313 ἀνε-

2200 4371 2345 4426 μοις,
2372 4357 2486 4417 τοῖς
2511 4355 2603 4406 ὑπ’
2635 4352 2863 4423 οὐρανὸν
2885 4352 3027 4404 κατὰ
3053 4353 3278 4421 καιροὺς
3304 4351 3775 4420 ἁναδεδειγμένας.

2201 4451 2341 4516 Ὄρη
2380 4446 2435 4499 δὲ
2459 4441 2611 4514 οἶμαι
2641 4444 2894 4511 λέγεσθαι
2925 4445 2992 4497 τὰ
3033 4445 3210 4513 χαλκᾶ
3239 4443 3308 4496 τὰ
3338 4443 3432 4496 δύο
3475 4445 3571 4513 τῆς
3597 4445 3766 4496 οἰκου-

2202 4539 2369 4608 μένης
2395 4538 2676 4607 τμήματα.
2713 4536 2979 4605 Τέμνουσι
3012 4537 3119 4606 γάρ
3151 4553 3296 4597 τινες
3321 4536 3400 4598 εἰς
3424 4535 3695 4606 Εὐρώπην
3721 4552 3778 4586 τε

511 4641 658 4684 sunt.
702 4631 888 4686 Psallit
938 4633 1084 4687 enim
1130 4633 1326 4687 alicubi
1359 4631 1575 4685 divinus
1629 4630 1794 4684 David
1821 4630 2090 4684 universi-

2199 4629 2288 4681 καὶ
2325 4628 2509 4680 Ἀσίαν
2540 4629 2638 4698 τὴν
2671 4627 2962 4697 σύμπασαν
3002 4629 3105 4698 γῆν
3132 4644 3146 4660 ο
3189 4627 3366 4697 χαλκᾶ
3401 4627 3458 4680 δὲ
3495 4627 3678 4688 αὐτοῖς
3711 4626 3781 4678 τὰ

517 4724 644 4779 tatis
671 4723 866 4796 Opiﬁci
899 4745 914 4780 :
949 4743 967 4777 ι
1005 4725 1263 4780 Fundasti
1299 4735 1519 4790 terram,
1551 4731 1604 4777 et
1631 4733 1916 4791 permanet
1953 4721 2092 4776 ordi-

515 4819 730 4875 natione
789 4829 878 4874 tua
902 4820 970 4875 ⁷³.
1012 4839 1031 4873 ι
1062 4819 1186 4874 Ιίςιιο
1231 4818 1393 4888 igitur
1419 4827 1476 4870 ut
1503 4835 1530 4871 a
1558 4826 1793 4886 quatuor
1815 4817 1990 4871 ventis
2014 4831 2093 4870 re-

514 4925 617 4978 gna
672 4913 904 4977 caeteris,
952 4922 1013 4966 ut
1068 4912 1327 4972 diximus,
1387 4911 1692 4976 petentiora
1758 4907 2093 4976 multamque

514 4999 707 5053 sortita
764 5001 984 5070 gloriam
1035 5016 1253 5070 egressa
1319 5009 1445 5053 sunt
1477 4999 1733 5052 assistere
1757 4996 2091 5052 Dotuinatori

514 5090 692 5144 tlllllllS
720 5100 901 5146 terrae.
930 5092 1254 5146 Assistentia
1285 5090 1610 5145 inservieudi
1652 5089 1870 5144 modum
1911 5098 2095 5144 osten-

515 5184 594 5236 dit
622 5201 635 5236 :
669 5186 977 5238 servierunt
998 5182 1142 5236 enim
1197 5185 1416 5238 nutibus
1451 5184 1589 5250 ejus,
1641 5183 1966 5252 fueruntque
1999 5197 2096 5235 ro-

516 5279 672 5330 liusta
713 5289 768 5330 et
823 5276 1022 5346 inclyta
1058 5292 1154 5343 per
1181 5277 1382 5344 ipsum,
1427 5279 1568 5344 quod
1588 5276 1696 5330 illis
1729 5275 2094 5330 emolumento

518 5367 636 5421 fuit.
663 5368 796 5421 Nam
842 5367 886 5422 si
913 5367 1038 5435 quid
1090 5367 1346 5436 praeclare
1401 5378 1705 5438 gesserunt,
1739 5368 2098 5436 regionesque

520 5470 574 5533 et
597 5459 758 5513 urbes
785 5469 1185 5526 expugnarunt,
1211 5474 1276 5514 eo
1333 5469 1608 5515 annuente
1654 5468 1865 5514 tantum
1917 5461 2098 5515 value-

524 5561 668 5605 runt.
722 5551 934 5604 Etenim
978 5551 1021 5605 si
1054 5566 1240 5605 verum
1289 5552 1422 5606 dicit
1474 5553 1732 5620 pr0plieta
1775 5568 1833 5605 τι
1867 5550 1982 5604 Non
2016 5559 2101 5604 est

525 5644 722 5700 malum
752 5643 806 5697 in
827 5643 1062 5710 civitate,
1097 5645 1238 5714 quod
1269 5659 1373 5700 non
1396 5645 1523 5700 fecit
1553 5643 1814 5700 Dominus
1835 5645 1903 5706 τ’δ,
1944 5661 1961 5694 ι
1985 5644 2096 5712 (ηο-

2204 4723 2365 4792 μέρη,
2400 4722 2490 4774 διά
2512 4739 2571 4773 τε
2605 4722 2668 4773 τὸ
2711 4721 3026 4791 ὲρηρεῖσθαι
3058 4720 3368 4784 διαπαντὸς,
3409 4721 3503 4772 καὶ
3548 4720 3781 4788 ἀκλονή-

2199 4829 2306 4874 τως
2337 4811 2502 4880 ἔχειν,
2529 4811 2624 4863 καὶ
2675 4811 2946 4880 μηδεμιᾶς
2977 4809 3268 4879 ἀνέχεσθαι
3310 4808 3531 4879 βλάϐης.
3572 4808 3780 4861 Ψάλλει

2202 4906 2309 4973 γάρ
2342 4921 2442 4956 που
2472 4902 2565 4955 καὶ
2611 4904 2640 4953 ὁ
2672 4901 2955 4962 θεσπέσιος
2997 4900 3162 4956 Δαὸὶδ
3195 4901 3329 4971 πρὸς
3366 4900 3456 4954 τὸν
3490 4900 3599 4953 τῶν
3640 4901 3781 4954 ὅλων

2199 4992 2544 5064 Δημιουργόν
2570 5009 2582 5020 ·
2621 5011 2638 5042 ι
2683 4991 3084 5061 Ἑοεμελίωσας
3128 4992 3226 5060 τὴν
3253 4995 3377 5064 γῆν,
3411 4993 3505 5046 καὶ
3533 4993 3780 5062 διαμένει

2201 5090 2266 5156 τῇ
2313 5084 2554 5149 διατάξει
2594 5101 2707 5136 σου.
2741 5103 2757 5134 ι
2795 5080 2960 5138 Δῦται
2996 5084 3059 5154 δὴ
3093 5080 3187 5137 οὖν
3217 5085 3274 5136 αἱ
3303 5083 3379 5146 ὡς
3421 5086 3485 5136 ἐκ
3511 5083 3620 5136 τῶν
3652 5099 3779 5136 τεσ-

2205 5179 2388 5249 σάρων
2435 5177 2652 5246 ἀνέμων
2701 5175 2984 5245 βασιλεῖαι,
3030 5175 3138 5227 τῶν
3192 5175 3386 5239 ἄλλων,
3425 5175 3503 5238 ὼς
3548 5174 3779 5245 ἔφημεν,
3805 5215 3818 5263 Ι

2201 5268 2596 5340 ἀλκιμώτεραι,
2631 5269 2726 5322 καὶ
2758 5269 2894 5322 πολὺ
2943 5267 3204 5337 λαχοῦσαι
3245 5267 3304 5320 τὸ
3341 5268 3580 5332 εὐκλεὲς,
3623 5267 3784 5338 ὲξῆλ-

2201 5365 2292 5418 θον
2325 5365 2670 5435 παραστῆναι
2696 5362 2776 5433 τῷ
2805 5363 2993 5434 Κυρίῳ
3029 5363 3209 5432 πάσης
3241 5361 3342 5430 τῆς
3372 5362 3492 5431 γῆς.
3540 5361 3604 5412 Ἡ
3632 5360 3690 5412 δέ
3720 5377 3784 5427 γε

2204 5458 2568 5526 παράστασις,
2588 5455 2679 5508 τὸν
2697 5455 2798 5524 τῆς
2816 5454 3061 5516 δουλείας
3087 5456 3220 5524 ἡμῖν
3245 5453 3532 5523 ὑποφαίνει
3555 5453 3780 5524 τρόπον’

2201 5544 2578 5599 δεδουλεύκασι
2607 5544 2716 5615 γὰρ
2750 5547 2860 5606 τοῖς
2889 5543 3055 5596 αὑτοῦ
3086 5543 3340 5612 νεύμασι,
3374 5543 3468 5597 καὶ
3495 5545 3784 5612 γεγόνασιν

2209 5638 2425 5709 ἰσχυραί
2464 5655 2521 5690 τε
2557 5637 2650 5690 καὶ
2695 5637 2969 5705 διαϐόητοι
3019 5637 3086 5689 δι’
3133 5636 3318 5704 αὑτοῦ,
3366 5637 3459 5693 xal
3503 5636 3661 5690 τοῦτο
3688 5653 3786 5692 κιο-

592 5822 632 5848 ⁷²
681 5817 909 5886 l‘rov.v,
942 5819 1029 5874 '22.
1109 5821 1152 5852 ⁷³
1190 5820 1329 5876 Psal.
1366 5835 1557 5884 cxvttt,
1601 5819 1688 5873 90.
1766 5820 1810 5854 ⁷³
1839 5823 2002 5874 Amos
2036 5834 2115 5885 tu,
2148 5817 2202 5871 6.
