4130 6480
364 433 436 490 39
1233 419 1793 482 COMMENTARIUS
1832 417 1897 474 IN
1941 417 2348 474 ZACllARlAM
2385 414 2837 474 PROPHETAM.
3594 415 3665 474 90

357 572 420 607 κε
433 549 721 623 ρδάκασιν.
762 546 824 599 Εἰ
854 545 964 617 γάρ
1001 561 1052 596 τι
1081 543 1175 597 καὶ
1203 541 1522 613 δεδράκασι,
1551 539 1643 592 καὶ
1672 535 1962 607 κατηνδρί-

2070 533 2216 588 mine
2249 532 2375 586 mali
2404 533 2506 588 hoc
2537 530 2658 585 loco
2676 527 3023 584 aﬂlictionem
3054 526 3375 598 accipimus).
3391 529 3668 598 quomodo

355 658 527 697 σαντο
570 639 768 710 χωρῶν
809 637 844 708 ἢ
902 637 1142 700 πόλεων,
1197 632 1364 688 αὐτοῦ
1418 629 1830 694 κατανεύοντος,
1885 628 1965 690 είς

353 737 522 791 τοῦτο
550 733 614 804 δὴ
648 731 816 785 πάλιν
851 727 1125 799 προῆλθον
1157 723 1366 796 ἰσχύος.
1392 725 1456 778 Εἰ
1487 725 1600 794 γάρ
1640 724 1788 775 ἐστιν
1828 719 1966 789 ἁλη-

354 829 459 898 θὴς
487 828 516 879 ὁ
543 823 839 894 προφήτης
859 820 1038 888 λέγων
1061 835 1076 849 θ
1111 837 1130 870 ι
1171 819 1288 872 Ούκ
1319 817 1436 870 ἔστι
1483 815 1652 870 κακία
1690 813 1748 866 έν
1787 811 1962 876 πόλει,

350 923 423 991 ἣν
459 919 670 990 Κύριος
700 915 804 970 οὐκ
829 913 1089 983 ἐποίησε·
1135 929 1153 963 ι
1192 911 1392 964 κακίαν
1433 909 1492 962 δέ
1529 923 1713 979 φαμεν
1751 906 1808 960 ὲν
1841 903 1965 958 τού-

352 1031 472 1076 τοις
497 1011 600 1083 τὴν
623 1011 871 1065 κάκωσιν
896 1024 910 1039 ο
936 1005 1058 1068 πῶς
1093 1002 1160 1057 ἂν
1180 1003 1387 1057 ἐκεῖναι
1427 1001 1761 1072 κατίσχυσαν
1791 994 1964 1050 ἐθνῶν

353 1106 453 1159 καὶ
491 1103 714 1176 χωρῶν,
749 1103 824 1174 μὴ
857 1101 980 1172 οὐχὶ
1016 1100 1082 1174 δὴ
1118 1099 1303 1162 πάλιν,
1340 1096 1511 1151 αὐτοῦ
1540 1094 1603 1149 τὸ
1632 1090 1962 1163 κατισχύσαι

354 1198 624 1268 νέμοντος
653 1193 1051 1265 οἰκονομικῶςς
1089 1193 1248 1256 Τίνες
1276 1191 1332 1244 δὲ
1365 1189 1428 1260 δὴ
1465 1187 1558 1242 καὶ
1585 1187 1642 1240 αἱ
1672 1183 1960 1256 βασιλεῖαι,

357 1291 554 1362 καιρὸς
605 1289 708 1360 ἤδη
741 1288 945 1356 λέγειν.
997 1285 1209 1361 Οὐκοῦν
1236 1287 1294 1338 ὲν
1335 1284 1433 1354 μὲν
1482 1281 1562 1352 τῷ
1624 1279 1832 1350 ἅρματι
1883 1273 1961 1347 τῷ

354 1383 587 1455 πρώτῳ,
612 1381 803 1452 φησὶν,
832 1380 990 1434 ἵπποι
1007 1379 1230 1450 πυρῤοὶ,
1252 1376 1353 1447 τῆς
1373 1372 1656 1428 Χαλδαίων
1681 1369 1962 1442 βασιλείας

354 1474 779 1538 ἁνατυποῦντες
812 1473 898 1543 ἐφ’
940 1474 1154 1535 ἑαυτοῖς
1197 1469 1295 1541 τὴν
1343 1469 1624 1540 ὠμότητα.
1673 1465 1962 1537 Πυρῤότης

352 1570 467 1643 γάρ
496 1571 631 1642 ἡμῖν
681 1567 782 1640 τὴν
830 1567 1065 1638 αἵματος
1095 1565 1252 1637 χύσιν
1285 1563 1657 1617 ὐπαινίττοιτο
1688 1560 1776 1626 ἂν,
1817 1556 1963 1611 κατά

354 1683 419 1734 γε
452 1666 516 1719 τὸ
565 1664 752 1727 εἰκός·
787 1661 1107 1732 φιλαίματοι
1154 1657 1264 1730 γὰρ
1313 1655 1434 1709 λίαν
1486 1654 1536 1706 οί
1585 1646 1957 1704 Βαϐυλώνιοι·

351 1773 502 1831 εἷλον
534 1777 645 1847 γὰρ
699 1773 856 1830 αὐτοὶ
898 1773 1000 1844 τὴν
1043 1768 1330 1833 Ἰουδαίαν,
1384 1766 1480 1821 καὶ
1516 1763 1618 1828 τὰς
1665 1763 1723 1817 ὲν
1758 1761 1824 1832 τῇ
1851 1760 1960 1814 Σα-

357 1870 570 1942 μαρείᾳ
599 1868 798 1931 πόλεις,
846 1865 1063 1936 φειδοῦς
1105 1863 1324 1932 άπάσης
1371 1857 1739 1933 ἐξῃρημένης.
1783 1853 1871 1906 Ἐν
1900 1849 1958 1905 δὲ

351 1964 433 2034 τῷ
463 1957 678 2034 ἅρματι
708 1960 787 2032 τῷ
820 1959 1062 2030 δευτέρῳ
1091 1958 1247 2010 ἵπποι
1273 1953 1524 2026 μέλανες.
1558 1951 1743 2004 Ἕοικε
1775 1946 1830 2000 δὲ
1860 1945 1961 2016 τὴν

354 2054 593 2126 Περσῶν
623 2069 685 2104 τε
718 2051 816 2105 καὶ
838 2049 1039 2120 Μήδων
1066 2048 1168 2118 τὴν
1187 2045 1292 2099 ὑπό
1313 2062 1376 2114 γε
1398 2043 1590 2114 Κύρῳ,
1613 2058 1687 2113 φη
1697 2040 1779 2111 μὶ,
1815 2037 1963 2109 βασι-

353 2149 510 2201 λείαν
547 2142 873 2215 ὑποδηλοῦν.
927 2141 1116 2196 Μέλαν
1143 2140 1201 2193 δὲ
1230 2140 1328 2193 καὶ
1364 2136 1578 2198 τούτοις
1619 2132 1964 2204 περιτέθεικε

352 2241 582 2313 χρῶμα,
613 2239 704 2294 διὰ
729 2238 812 2301 τὸ,
842 2230 1020 2306 οἶμαι,
1060 2233 1312 2287 πλεῖστόν
1345 2248 1408 2285 τε
1437 2231 1560 2284 ὅσον
1588 2227 1684 2286 καὶ
1713 2224 1962 2297 ἀμέτρη-

349 2351 447 2387 τον
484 2335 603 2395 τοῖς
644 2329 931 2384 Χαλδαίων
981 2327 1191 2380 ἔθνεσιν
1239 2322 1530 2396 ὲπιρρίψαι
1579 2320 1837 2382 θάνατον,
1870 2317 1964 2372 καὶ

349 2429 488 2498 ὃλην
531 2426 721 2488 αὐτοῖς
771 2423 868 2494 τὴν
894 2421 1082 2493 χώραν
1126 2420 1186 2474 ἐν
1243 2416 1430 2471 πένθει
1477 2411 1733 2484 γενέσθαι
1779 2427 1962 2481 παρα-

352 2521 651 2575 σκευάσαι.
703 2516 942 2579 Πένθους
980 2514 1038 2567 δὲ
1074 2513 1173 2566 καὶ
1208 2511 1443 2568 θανάτου
1474 2507 1536 2562 τὸ
1582 2507 1744 2576 φαιὸν
1779 2503 1845 2557 ἂν
1872 2501 1959 2573 εἴη

355 2613 656 2686 σύμϐολον.
685 2609 936 2673 Λευκοὺς
967 2607 1025 2670 δὲ
1062 2603 1204 2668 εἶναι
1237 2620 1373 2676 φησι
1401 2601 1528 2664 τοὺς
1565 2599 1623 2652 ὲν
1650 2596 1858 2669 ἅρματι
1883 2592 1962 2664 τῷ

351 2709 550 2780 τρίτῳ,
581 2705 685 2777 τὴν
716 2703 991 2774 Ἐλλήνων
1023 2717 1128 2755 που
1165 2698 1310 2768 τάχα
1347 2696 1442 2749 καὶ
1469 2691 1801 2753 Μακεδόνων
1830 2689 1963 2742 ὐπο-

353 2802 572 2872 φαίνων
600 2797 800 2870 ἀρχὴν,
836 2794 937 2852 εἴτ’
971 2789 1064 2853 οὖν
1114 2793 1217 2863 τὴν
1261 2787 1618 2858 Ἀλεξάνδρου
1656 2781 1957 2856 βασιλείαν.

353 2895 564 2949 Λευκοὶ
593 2891 672 2956 δὲ,
717 2891 800 2944 ὅτι
840 2889 937 2942 καὶ
977 2885 1334 2958 ἁϐροδίαιτοι,
1367 2883 1463 2936 καὶ
1501 2883 1562 2935 ὲν
1610 2878 1833 2939 λευκαῖς
1883 2873 1961 2938 ὡς

353 2987 564 3040 ἐπίπαν
597 2982 814 3047 στολαῖς
837 2980 906 3034 τὰ
944 2979 1216 3052 Ἐλλήνων
1239 2977 1368 3048 ἔθνη
1387 2993 1401 3006 ·
1436 2974 1532 3030 καὶ
1558 2973 1641 3025 ὅτι
1664 2970 1764 3041 τὴν
1789 2965 1963 3038 γλῶτ-

350 3096 454 3132 ταν
483 3079 701 3146 σαφεῖς,
732 3075 835 3145 τῆς
875 3071 1154 3145 βαρϐάρου
1195 3071 1381 3141 φωνῆς
1403 3065 1464 3121 τὸ
1492 3064 1656 3119 οἱονεὶ
1682 3058 1962 3116 σκοτεινὸν

351 3170 457 3223 οὐκ
479 3167 721 3238 ἔχοντες.
751 3167 844 3220 Ἐν
871 3165 927 3218 δὲ
959 3163 1038 3233 τῷ
1058 3161 1328 3233 τετάρτῳ,
1358 3158 1543 3229 φησὶν,
1569 3155 1779 3227 ἅρματι
1803 3154 1962 3207 ἵπποι

350 3263 506 3326 τινὲς
536 3257 685 3332 ἦσαν
721 3259 959 3313 ποικίλοι
1006 3256 1102 3310 καὶ
1129 3253 1315 3326 ψαροί·
1358 3251 1536 3306 ίστέον
1561 3249 1640 3315 δὲ,
1671 3249 1754 3302 ὅτι
1785 3249 1818 3319 ή
1853 3246 1962 3299 τῶν

367 3353 645 3425 Ἑϐραίων
686 3350 923 3416 ἔκδοσις,
975 3348 1072 3402 καὶ
1121 3347 1300 3416 ἕτεροι
1343 3344 1400 3397 δέ
1431 3359 1575 3405 τινες
1630 3340 1739 3394 τῶν
1787 3336 1963 3393 ἄλλων
1991 3346 2034 3404 C

354 3443 738 3518 ἑρμηνευτῶν,
766 3443 890 3498 ἀντὶ
913 3442 1030 3507 τοῦ,
1057 3440 1263 3510 ψαροὶ,
1287 3437 1565 3492 τεθείκασι
1592 3434 1675 3502 τὸ,
1698 3432 1959 3502 ἰσχυροί.

349 3540 515 3611 Πλὴν
541 3539 638 3594 καὶ
693 3537 900 3608 ταύτην
929 3532 1072 3590 εἶναί
1119 3551 1300 3605 φαμεν
1339 3532 1438 3604 τὴν
1480 3529 1772 3601 Ῥωμαίων
1807 3529 1964 3599 βασι-

355 3633 536 3697 λείαν,
574 3631 663 3684 ἀεί
692 3647 810 3693 πως
837 3630 1072 3700 ἔχουσαν
1101 3629 1160 3680 ὲν
1191 3629 1302 3690 τοῖς
1328 3624 1470 3678 κατὰ
1494 3623 1721 3694 καιροὺς
1745 3622 1967 3692 βεϐασι-

339 3727 585 3794 ,λευκόσι
618 3724 679 3778 τὸ
713 3721 958 3782 ποικίλον
998 3723 1078 3784 εἰς
1122 3719 1184 3774 τὸ
1234 3718 1492 3788 εὐμαθὲς,
1535 3717 1632 3770 καὶ
1681 3713 1817 3786 βαθύ
1847 3730 1964 3775 πως

356 3821 442 3885 εἰς
496 3818 723 3894 φρένας.
767 3814 1135 3872 Συνετώτατοι
1180 3811 1291 3883 γὰρ
1351 3810 1446 3865 καὶ
1496 3809 1634 3882 πρός
1680 3825 1745 3877 γε
1788 3805 1965 3878 τούτῳ

357 3913 460 3969 καὶ
506 3911 885 3982 ἀλκιμώτατοι
929 3906 1188 3978 γεγόνασί
1217 3922 1278 3962 τε
1321 3904 1416 3958 καὶ
1460 3903 1619 3967 εἰσὶν,
1668 3903 1718 3954 oi
1759 3901 1828 3954 τὰ
1867 3901 1966 3970 τῆς

371 4007 668 4078 Ῥωμαίων
697 4006 876 4076 ἀρχῆς
905 4003 1187 4065 διέποντες
1227 3998 1428 4071 κράτη.
1464 3997 1746 4053 Τέθεινται
1772 3994 1830 4048 δὲ
1871 3994 1966 4048 καὶ

356 4101 664 4154 τελευταῖοι
718 4097 858 4169 μετὰ
901 4096 1028 4160 τοὺς
1075 4094 1330 4167 πρώτους
1370 4091 1516 4147 κατά
1562 4107 1626 4158 γε
1665 4089 1794 4152 τοὺς
1838 4087 1964 4158 χρό-

359 4211 507 4257 νους.
530 4193 763 4263 ’Ἱδωμεν
784 4191 839 4244 δὲ
862 4189 957 4244 καὶ
977 4189 1077 4260 τὴν
1100 4187 1336 4244 ἑκάστου
1363 4185 1472 4240 τῶν
1491 4182 1778 4255 ἁρμάτων,
1794 4181 1963 4252 ἤγουν

361 4287 669 4360 βασιλείας,
703 4284 904 4349 ἔξοδον,
943 4284 1079 4336 ὅπου
1116 4299 1177 4334 τε
1200 4278 1537 4340 διανένευκε,
1570 4277 1665 4330 καὶ
1688 4274 1782 4327 ἐπὶ
1821 4273 1962 4326 τίσιν

357 4385 607 4454 ἔρχεται,
641 4376 962 4448 impendi-cr]
1005 4375 1115 4447 γὰρ
1151 4373 1296 4427 οὕτω
1323 4370 1521 4442 γένοιτ’
1548 4368 1614 4424 ἂν
1642 4371 1772 4441 ἡμῖν
1799 4369 1833 4439 ή
1862 4366 1964 4437 τῆς

358 4473 600 4547 θεωρίας
623 4471 900 4533 ἀπόδοσις.
917 4468 1174 4538 Τέσσαρα
1200 4465 1300 4537 μὲν
1319 4465 1427 4536 γὰρ
1447 4466 1476 4518 ὁ
1509 4464 1798 4536 προφήτης
1824 4457 1962 4516 εἷναί

359 4585 520 4638 φησι,
552 4564 924 4636 διαμέμνηται
949 4560 1006 4614 δὲ
1039 4558 1229 4631 τριῶν,
1255 4557 1353 4615 καὶ⁸
1382 4557 1643 4629 σεσίγηκε
1674 4555 1770 4610 τοῦ
1805 4554 1960 4628 πρώ⁶

2070 641 2234 697 regna
2265 626 2356 680 illa
2397 632 2588 694 gentes
2617 633 2671 677 et
2697 622 2946 691 regiones
2999 622 3360 684 domuissent,
3392 621 3436 675 si
3464 621 3581 688 ipse
3609 633 3668 676 nt

2069 717 2298 772 domare
2359 725 2584 788 possent
2632 712 3105 770 administratorie
3135 712 3242 767 illis
3271 727 3377 768 non
3407 713 3671 768 donavis-

2069 809 2192 866 set?
2219 808 2350 877 Qum
2407 817 2590 862 antem
2620 821 2784 877 regna
2815 806 2915 860 ista
2952 803 3179 866 fuerint,
3223 805 3470 890 sequitur
3490 815 3550 859 ut
3571 804 3656 858 dio

2068 915 2278 955 camus.
2315 898 2370 954 in
2417 914 2582 953 curru
2630 898 2796 968 igitur
2852 895 3053 965 primo,
3112 895 3313 965 inquit,
3353 897 3480 965 equi
3540 894 3664 963 ruﬁ,

2067 989 2442 1063 Chaldaeorum
2528 984 2858 1042 monarchiae
2924 983 3300 1040 crudelitatem
3366 999 3665 1055 repracsen-

2069 1089 2272 1136 tantes.
2336 1079 2510 1136 Rufus
2559 1079 2704 1134 enim
2728 1077 2880 1133 color
2947 1077 3230 1146 sanguinis
3288 1076 3665 1146 profusionem

2066 1173 2225 1229 nobis
2279 1182 2402 1243 apte
2429 1173 2704 1238 insinuat;
2733 1169 3072 1240 sanguinarii
3136 1167 3280 1224 enim
3307 1168 3661 1224 vehementer

2065 1265 2348 1336 Babylonii
2385 1265 2525 1335 :ipsi
2589 1264 2734 1318 enim
2789 1262 3038 1318 Iudaeam
3093 1269 3148 1316 et
3187 1261 3350 1317 urbes
3400 1261 3666 1316 Samariae

2067 1355 2202 1410 citra
2250 1369 2466 1410 omnem
2502 1351 2936 1409 misericordiam
2979 1358 3347 1407 vastaverunt.
3385 1350 3443 1406 In
3498 1366 3662 1406 curru

2065 1442 2306 1498 secundo
2329 1443 2454 1514 equi
2479 1442 2638 1514 nigri.
2681 1441 2799 1508 Quo
2831 1439 3122 1496 Persarum
3153 1449 3210 1496 et
3249 1441 3526 1496 Medorum
3563 1442 3664 1495 sub

2065 1535 2210 1607 Cyro
2287 1535 2686 1602 monarchiam,
2758 1534 3002 1604 inquam,
3064 1534 3279 1590 videtur
3335 1533 3660 1604 signiﬁcare.

2067 1626 2238 1698 Niger
2291 1626 2444 1683 color
2477 1626 2563 1683 his
2594 1626 2872 1694 tribuitur,
2902 1627 3046 1698 quod
3085 1625 3242 1696 longe
3298 1624 3561 1695 plurimas
3611 1635 3667 1681 et

2066 1721 2369 1776 immensas
2408 1718 2462 1774 in
2497 1718 2749 1774 Chaldaeo
2768 1729 2929 1788 gente
2977 1727 3189 1788 strages
3229 1717 3537 1782 ediderunt,
3583 1723 3665 1770 to-

2073 1821 2298 1882 tumque
2356 1825 2580 1880 regnum
2622 1811 2674 1865 in
2703 1810 2906 1866 luctum
2945 1811 3312 1880 coniecerunt.
3344 1807 3546 1862 Luctus
3569 1823 3667 1861 au-

1995 1916 2036 1972 Β
2072 1913 2180 1960 tem
2238 1903 2520 1982 et‘mortis
2552 1901 2857 1971 symbolum
2895 1901 3050 1972 niger
3076 1900 3228 1958 color
3276 1910 3380 1955 est.
3417 1899 3471 1953 In
3502 1899 3664 1954 tertio

2065 1997 2142 2053 ait
2171 2011 2294 2054 esse
2345 1997 2516 2062 albos,
2578 1994 2893 2055 Graecorum
2929 1993 3168 2049 fortasse
3223 2000 3277 2048 et
3307 1991 3660 2047 Macedonum

2063 2087 2374 2158 imperium,
2400 2088 2516 2144 sive
2550 2087 2845 2143 Alexandri
2886 2102 3110 2158 regnum
3137 2085 3510 2142 subindicans.
3539 2084 3660 2140 Albi

2061 2184 2269 2246 autem,
2295 2178 2423 2249 quia
2447 2177 2675 2234 delicate
2703 2177 2968 2243 viventes,
2994 2187 3050 2230 et
3075 2176 3213 2231 albis
3237 2175 3480 2232 vestibus
3521 2191 3662 2244 pene

2057 2284 2252 2326 omnes
2315 2268 2610 2341 gaudentes
2659 2267 2884 2325 Graeciae
2942 2267 3123 2339 populi
3161 2286 3176 2322 :
3212 2275 3268 2322 et
3297 2266 3425 2337 quia
3491 2267 3544 2320 in
3575 2267 3659 2320 lo-

2062 2363 2282 2434 quendo
2324 2363 2596 2434 perspicui
2653 2362 2792 2418 citra
2824 2361 3023 2434 lingua:
3051 2362 3298 2418 barbarae
3331 2360 3478 2416 velut
3505 2370 3659 2416 tene-

2062 2456 2212 2512 bras.
2241 2455 2298 2510 ln
2353 2463 2552 2526 quarto
2601 2470 2787 2521 curru,
2820 2455 3015 2526 inquit,
3056 2454 3181 2525 equi
3215 2462 3373 2508 erant
3403 2453 3543 2510 varii
3607 2466 3663 2508 et

2066 2546 2489 2615 multicolores;
2531 2548 2677 2603 scias
2723 2546 2870 2611 licet,
2920 2545 3201 2602 Hebraeam
3257 2546 3576 2606 editionem.
3607 2555 3662 2600 et

2063 2641 2326 2710 quosdam
2382 2640 2713 2710 interpretes
2750 2653 2849 2710 pro
2875 2638 3048 2710 ψαροί
3077 2680 3092 2706 ,
3133 2637 3517 2703 multicolores.
3563 2653 3664 2709 po-

2062 2732 2238 2788 suisse
2269 2732 2503 2804 ἰσχυροί,
2525 2733 2708 2799 validi,
2734 2746 2830 2795 seu
2860 2732 3092 2788 robusti.
3109 2729 3498 2788 Verumtamen
3523 2732 3662 2785 banc

2067 2825 2437 2885 Romanorum
2496 2825 2875 2880 monarcbiam
2911 2840 3033 2881 esse
3074 2825 3330 2890 dicimus,
3365 2840 3484 2894 qua!
3515 2839 3662 2879 sem-

2063 2932 2162 2986 per
2194 2916 2334 2972 inter
2385 2917 2623 2972 diversis
2666 2916 3004 2987 temporibus
3051 2927 3342 2985 regnantes
3395 2917 3662 2972 varietate

2064 3009 2358 3066 doeilitatis
2391 3009 2553 3079 702
2590 3019 2645 3064 et
2695 3009 2803 3062 alta
2831 3007 3178 3079 intelligentia
3203 3009 3391 3063 valuit.
3413 3008 3661 3064 Pruden-

2067 3102 2265 3156 tissimi
2307 3103 2453 3155 enim
2479 3111 2536 3157 et
2584 3103 2808 3172 insuper
2844 3100 3132 3158 fortissimi
3160 3103 3401 3169 fuerunt,
3436 3114 3660 3171 etsunt,

2069 3192 2300 3248 Romani
2391 3192 2732 3263 principatus
2821 3192 3106 3262 imperium
3191 3193 3660 3251 administramus.

2067 3286 2351 3342 Ponuntur
2369 3296 2552 3341 autem
2583 3285 2703 3341 loco
2734 3295 3012 3356 postremo
3034 3302 3066 3341 a
3105 3287 3323 3354 primis,
3358 3287 3660 3344 secundum

2071 3389 2333 3450 tempora.
2355 3379 2778 3435 Consideremus
2811 3378 2928 3448 jam
2992 3378 3418 3450 uniuscuiusque
3443 3395 3658 3447 currus,

2067 3487 2162 3527 seu
2226 3469 2558 3526 monareliia:
2615 3484 2924 3540 egressum,
2978 3484 3087 3540 quo
3139 3470 3382 3539 inclinet,
3441 3479 3497 3526 et
3553 3486 3663 3540 qno

2073 3563 2280 3619 tendat.
2337 3562 2430 3618 Sic
2461 3563 2608 3619 enim
2653 3577 2816 3632 quam
2843 3561 3158 3632 planissime
3182 3563 3325 3634 quod
3349 3565 3664 3621 considera-

2067 3669 2188 3708 mus
2241 3653 2674 3724 explanabimus.
2725 3653 2970 3719 Quatuor
3021 3654 3239 3725 quidem
3306 3656 3483 3726 inquit
3536 3671 3663 3712 esse

2070 3748 2357 3815 propheta,
2383 3747 2478 3801 sed
2511 3747 2676 3800 trium
2703 3747 3242 3818 egressusmeminit,
3295 3747 3455 3819 primi
3498 3755 3660 3804 tacet.

2068 3837 2326 3910 Repetam
2361 3838 2547 3906 paucis
2574 3839 2720 3909 quod
2773 3838 2909 3894 dixi.
2943 3837 2998 3892 ln
3035 3839 3211 3908 primo
3233 3841 3309 3895 ait
3364 3839 3512 3894 rufos
3540 3855 3664 3896 esse

2068 3945 2261 3999 equos.
2322 3927 2517 3999 Incipit
2575 3939 2761 3984 autem
2811 3943 2843 3984 a
2872 3930 3136 3995 secundo,
3162 3929 3318 3986 etait
3349 3948 3363 3984 :
3401 3949 3420 3982 ι
3467 3929 3524 3985 In
3551 3945 3662 4000 quo

2068 4033 2225 4079 erant
2256 4025 2382 4094 equi
2409 4022 2570 4094 nigri,
2597 4021 3024 4090 egrediebantur
3052 4020 3120 4075 ad
3139 4031 3341 4076 terram
3367 4020 3659 4092 aquilonis,

2068 4128 2117 4170 et
2163 4116 2271 4172 albi
2296 4117 2670 4184 sequebantur
2725 4127 2842 4168 eos.
2871 4113 2940 4168 Et
2968 4113 3105 4166 varii
3137 4112 3562 4183 egrediebantur
3591 4115 3660 4168 ad

2071 4219 2270 4262 terram
2320 4205 2638 4261 australem.
2671 4223 2691 4257 ι
2721 4204 2828 4260 Sed
2871 4204 3124 4274 quamvis
3147 4204 3314 4258 addat
3357 4205 3658 4260 multicolo-

2069 4316 2170 4365 νει,
2205 4313 2310 4352 non
2345 4297 2463 4352 ideo
2480 4305 2716 4366 quatuor
2749 4308 2944 4349 currus
2997 4293 3322 4348 memorabit
3350 4311 3364 4348 :
3392 4309 3515 4348 nam
3546 4309 3662 4350 eos-

2067 4392 2190 4445 dem
2230 4404 2354 4446 esse
2410 4403 2536 4444 cum
2601 4387 2772 4442 variis
2829 4386 3104 4456 ponimus.
3165 4387 3257 4441 Ait
3309 4387 3500 4442 enim:
3537 4405 3556 4440 ι
3601 4387 3659 4442 in

2068 4497 2232 4537 curru
2283 4492 2477 4553 quarto
2525 4487 2684 4536 erant
2730 4480 2859 4550 equi
2916 4479 3051 4534 varii
3103 4487 3160 4536 et
3203 4479 3596 4536 multicolores.
3634 4500 3655 4533 ιι

2068 4580 2254 4635 Trium
2322 4578 2590 4644 meminit,
2618 4577 2794 4647 primo
2834 4576 3138 4646 praeterito.
3166 4575 3298 4643 Quae
3329 4577 3403 4632 sit
3423 4593 3554 4647 ergo
3579 4586 3655 4633 to-

355 4682 452 4717 του
477 4660 578 4733 τὴν
608 4658 810 4721 ἔξοδον.
854 4655 1180 4725 Ἀναμνήσω
1204 4651 1261 4705 δὲ
1289 4651 1378 4704 διὰ
1411 4649 1681 4722 βραχέων,
1703 4648 1778 4713 ὼς
1799 4648 1956 4720 ἔφην.

2071 4675 2176 4728 tius
2205 4671 2528 4728 oeconomiae
2557 4669 2721 4736 ratio,
2753 4684 2854 4740 age
2887 4668 3242 4724 docilioribus
3265 4683 3364 4738 pro
3395 4668 3536 4723 virili
3563 4686 3659 4725 no-

369 4755 461 4809 Ἐν
498 4753 601 4824 μὲν
647 4749 758 4822 γὰρ
789 4747 868 4819 τῷ
905 4745 1108 4818 πρώτῳ
1160 4745 1296 4816 φησὶ
1342 4743 1588 4814 πυρροὺς
1635 4739 1780 4796 εἶναι
1831 4743 1961 4805 τοὺς

2069 4777 2179 4822 Stra
2202 4763 2531 4835 aperiamus!
2550 4761 2733 4832 Equos
2765 4762 2918 4817 rufos
2947 4760 3292 4817 assentimus
3319 4776 3442 4816 esse
3461 4776 3660 4816 cruen-

356 4850 584 4908 ἵππους.
621 4844 887 4914 Ἀρχεται
919 4838 976 4892 δὲ
1019 4837 1129 4892 ἀπὸ
1168 4837 1262 4890 τοῦ
1303 4835 1579 4908 δευτέρου,
1612 4835 1706 4888 καί
1759 4850 1954 4905 φησιν·

359 4959 378 4991 ι
427 4939 519 4992 Ἑν
541 4930 586 5006 ᾧ
613 4932 754 5008 ἦσαν
787 4936 837 4988 οἱ
885 4933 1043 4988 ἵπποι
1069 4932 1118 4984 οἱ
1153 4929 1404 5001 μέλανες,
1436 4927 1824 4998 ἐξεπορεύοντο
1867 4927 1962 4983 ἐπὶ

351 5033 459 5104 γῆν
497 5031 696 5103 βορρἄ
726 5029 821 5082 καὶ
863 5028 913 5081 οί
960 5025 1145 5080 λευκοὶ
1191 5023 1577 5094 ἐξεπορεύοντο
1627 5021 1959 5076 κατόπισθεν

351 5125 560 5178 αὐτῶν.
592 5123 704 5177 Καὶ
728 5123 778 5176 οἱ
806 5121 1041 5175 ποικίλοι
1071 5117 1460 5189 ἐξεπορεύοντο
1487 5119 1581 5172 ἐπὶ
1603 5117 1706 5188 γῆν
1725 5115 1899 5170 νότου.
1932 5134 1950 5166 ι

352 5221 418 5273 EE
447 5219 505 5272 δὲ
538 5218 603 5288 δὴ
647 5215 994 5287 προσεπάγει
1029 5214 1158 5276 τοὺς
1182 5211 1436 5280 ψαροὺς,
1471 5211 1532 5264 οὑ
1551 5210 1834 5282 τεσσάρων
1867 5211 1958 5281 ἁρ-

354 5315 548 5387 μάτων
582 5311 1040 5384 διαμεμνήσεται’
1074 5309 1202 5370 τοὺς
1239 5305 1350 5378 γὰρ
1384 5305 1584 5369 αὐτοὺς
1614 5299 1755 5357 εἶναι
1795 5302 1958 5357 δεδώ-

349 5425 535 5479 καμεν
567 5408 682 5470 τοῖς
727 5404 1016 5468 ποικίλοις.
1050 5422 1069 5454 ‹
1115 5404 1204 5457 Ἐν
1237 5401 1347 5472 γάρ
1388 5399 1468 5470 τῷ
1510 5399 1718 5470 ἅρματι
1748 5399 1827 5470 τῷ
1867 5416 1956 5452 τε-

347 5503 564 5572 τάρτῳ,
596 5499 785 5570 φησὶν,
816 5493 960 5569 ἦσαν
982 5498 1142 5552 ἵπποι
1161 5495 1399 5550 ποικίλοι
1423 5495 1519 5547 καὶ
1539 5493 1728 5564 ψαροί.
1756 5511 1774 5544 ι
1806 5492 1954 5548 Οὐκ-

344 5592 447 5645 οῦν
483 5590 659 5662 τριῶν
688 5589 1083 5661 διαμέμνηται,
1118 5589 1404 5660 σιωπήσας
1461 5585 1525 5639 τὸ
1583 5585 1799 5655 πρῶτον
1859 5584 1958 5648 Τίς

345 5681 445 5738 οὖν
483 5685 596 5752 ἄρα
627 5682 746 5735 ἐστὶ
769 5683 867 5753 τῆς
894 5683 1024 5754 ὅλης
1059 5681 1373 5752 οἰκονομίας
1403 5681 1431 5733 ὁ
1461 5680 1641 5749 λόγος,
1672 5677 1810 5755 φέρε
1846 5681 1961 5742 τοῖς

344 5776 808 5849 εὐμαθεστέροις,
845 5777 920 5840 ώς
950 5775 1052 5839 ἔνι,
1094 5775 1364 5846 λέγωμεν.
1396 5775 1535 5836 Τοὺς
1560 5775 1805 5845 πυρροὺς
1820 5769 1963 5827 εἶναι

345 5869 813 5941 ὃ-εὸεϐαιούμεθα
847 5871 945 5940 τὴν
969 5869 1298 5939 φιλαίματον
1327 5868 1436 5922 τῶν
1460 5867 1743 5921 Χαλδαίων
1763 5869 1954 5940 ἀρχὴν,

2073 4868 2183 4912 tum
2248 4856 2633 4912 Chaldaeorum
2684 4854 3000 4925 imperium,
3049 4853 3194 4924 quod
3225 4853 3467 4908 funditus
3492 4863 3656 4908 totam

2068 4951 2308 5006 Judaeam
2353 4949 2576 5014 evertit,
2608 4957 2665 5003 et
2722 4947 2968 5016 incensis
2991 4945 3110 5015 ejus
3144 4945 3372 5003 urbibus
3395 4945 3654 5002 lsraelem

2069 5043 2344 5113 captivum
2367 5041 2590 5096 abduxit
2618 5039 2873 5107 momine
2899 5039 3206 5111 nigrorum,
3230 5037 3522 5094 Persarum
3543 5037 3657 5093 Me-

2077 5135 2384 5202 dornmque
2429 5129 2802 5186 monarebiam
2859 5129 3191 5199 accepimus.
3248 5126 3306 5182 ln
3338 5127 3474 5184 albis
3496 5141 3660 5198 porro

2068 5226 2360 5282 Alexandri
2421 5234 2477 5280 et
2510 5223 2867 5279 Macedonum
2898 5223 3193 5293 imperium
3218 5219 3657 5283 describebatnr,

2063 5333 2187 5389 qua:
2219 5316 2382 5372 ambo
2433 5313 2702 5370 Chaldzeaa
2729 5328 2881 5368 arma
2905 5311 3228 5376 intulerunt,
3256 5324 3486 5378 eamque
3516 5308 3661 5364 bello

2065 5408 2331 5464 acerrimo
2349 5414 2707 5477 occuparunt,
2747 5406 2986 5477 primum
3015 5403 3234 5474 quidem
3267 5401 3468 5472 Cyrus,
3503 5409 3656 5469 post-

2063 5516 2126 5556 ea
2179 5499 2505 5566 Alexander,
2559 5499 2651 5565 qui
2696 5507 2754 5554 et
2830 5497 3003 5567 ipsum
3059 5494 3281 5550 Darium
3339 5490 3480 5561 cepit
3504 5491 3658 5562 juxta
3718 5528 3726 5536 -

2062 5592 2596 5659 lssum,utvocatur,
2624 5592 2811 5647 urbem
2843 5588 3068 5654 Ciliciae,
3115 5586 3345 5643 inﬁnitis
3365 5584 3656 5642 Persarum

2066 5686 2301 5742 millibus
2350 5685 2710 5755 interemptis.
2762 5682 2929 5739 Fama
2983 5689 3086 5747 est,
3118 5695 3374 5753 magnum
3437 5680 3654 5736 ossium

2067 5794 2323 5834 acervum
2352 5778 2648 5833 excitatum
2668 5777 2734 5831 de
2756 5775 2843 5842 iis,
2867 5774 2958 5844 qui
3001 5773 3200 5829 ibidem
3232 5775 3606 5828 occubuerunt
3630 5781 3645 5828 ζ

2066 5871 2296 5924 incisum
2317 5879 2400 5924 est
2429 5884 2645 5938 quoque
2678 5867 3012 5936 epitaphium
3037 5867 3088 5921 in
3121 5866 3235 5920 liaéc
3260 5863 3418 5918 verba
3452 5887 3462 5917 ;

345 5967 384 6030 ἦ
428 5965 524 6019 καὶ
563 5966 743 6018 πᾶσαν
786 5963 1029 6018 ἐκποδὼν
1062 5962 1235 6035 ᾕρηκε
1279 5962 1375 6034 τὴν
1413 5962 1704 6026 Ἰουδαίων,
1739 5961 1953 6026 καὶτὰς
1982 5963 2037 6015 ἐν
2125 5966 2258 6033 αὐτῇ
2310 5961 2756 6031 κατεμπιπρῶσα
2798 5960 3001 6024 πόλεις,
3061 5957 3398 6017 ἀπεκόμισεν
3433 5955 3508 6017 εἰς
3559 5954 3647 6007 αἱ-
