  <div class='ocr_page' id='page_1' title='image "/cluster/home/n/w/nwhite01/storage/ocr_20150623/72:no.5/coo.31924054869700/055.png"; bbox 0 0 4130 6476; ppageno 0'>
   <div class='ocr_carea' id='block_1_1' title="bbox 556 419 3838 488">
    <p class='ocr_par' dir='ltr' id='par_1_1' title="bbox 556 419 3838 488">
     <span class='ocr_line' id='line_1_1' title="bbox 556 419 3838 488; baseline 0.005 -16"><span class='ocrx_word' id='word_1_1' title='bbox 556 419 625 473; x_wconf 78' lang='lat'><strong>93</strong></span> <span class='ocrx_word' id='word_1_2' title='bbox 1558 426 1616 481; x_wconf 90' lang='lat' dir='ltr'><strong>s.</strong></span> <span class='ocrx_word' id='word_1_3' title='bbox 1659 425 1937 482; x_wconf 80' lang='lat' dir='ltr'><strong>CYRILLI</strong></span> <span class='ocrx_word' id='word_1_4' title='bbox 1982 428 2453 486; x_wconf 79' lang='lat' dir='ltr'><strong>ALEXANDRINI</strong></span> <span class='ocrx_word' id='word_1_5' title='bbox 2496 431 2819 488; x_wconf 64' lang='lat' dir='ltr'><strong>ancmac.</strong></span> <span class='ocrx_word' id='word_1_6' title='bbox 3770 421 3838 475; x_wconf 75' lang='lat'><strong>96</strong></span> 
     </span>
    </p>
   </div>
   <div class='ocr_carea' id='block_1_2' title="bbox 561 540 2142 629">
    <p class='ocr_par' dir='ltr' id='par_1_2' title="bbox 561 540 2142 622">
     <span class='ocr_line' id='line_1_2' title="bbox 561 540 2142 622; baseline 0.006 -26"><span class='ocrx_word' id='word_1_7' title='bbox 561 542 672 597; x_wconf 72' lang='lat' dir='ltr'><strong>Ileo</strong></span> <span class='ocrx_word' id='word_1_8' title='bbox 702 540 755 595; x_wconf 90' lang='lat' dir='ltr'><strong>in</strong></span> <span class='ocrx_word' id='word_1_9' title='bbox 779 544 939 599; x_wconf 92' lang='lat' dir='ltr'><strong>domo</strong></span> <span class='ocrx_word' id='word_1_10' title='bbox 967 544 1105 612; x_wconf 86' lang='lat' dir='ltr'><strong>ejus,</strong></span> <span class='ocrx_word' id='word_1_11' title='bbox 1163 547 1392 617; x_wconf 85' lang='lat' dir='ltr'><strong>gratiam</strong></span> <span class='ocrx_word' id='word_1_12' title='bbox 1454 550 1775 617; x_wconf 80' lang='lat' dir='ltr'><strong>concilians,</strong></span> <span class='ocrx_word' id='word_1_13' title='bbox 1811 562 1865 607; x_wconf 92' lang='lat' dir='ltr'><strong>et</strong></span> <span class='ocrx_word' id='word_1_14' title='bbox 1919 552 2142 622; x_wconf 77' lang='lat' dir='ltr'><strong>gloriam</strong></span> 
     </span>
    </p>
   </div>
   <div class='ocr_carea' id='block_1_3' title="bbox 2248 540 3843 629">
    <p class='ocr_par' dir='ltr' id='par_1_3' title="bbox 2253 548 3843 629">
     <span class='ocr_line' id='line_1_3' title="bbox 2253 548 3843 629; baseline 0.003 -25"><span class='ocrx_word' id='word_1_15' title='bbox 2253 548 2390 605; x_wconf 82' lang='grc' dir='ltr'>εἶναι</span> <span class='ocrx_word' id='word_1_16' title='bbox 2428 554 2602 607; x_wconf 82' lang='grc' dir='ltr'>κοινὸν</span> <span class='ocrx_word' id='word_1_17' title='bbox 2649 556 2710 608; x_wconf 76' lang='grc' dir='ltr'>τὸ</span> <span class='ocrx_word' id='word_1_18' title='bbox 2754 556 2857 626; x_wconf 81' lang='grc' dir='ltr'><strong>τῆς</strong></span> <span class='ocrx_word' id='word_1_19' title='bbox 2908 554 3183 625; x_wconf 75' lang='grc' dir='ltr'><strong>βασιλείας</strong></span> <span class='ocrx_word' id='word_1_20' title='bbox 3228 556 3322 608; x_wconf 76' lang='grc' dir='ltr'><strong>καὶ</strong></span> <span class='ocrx_word' id='word_1_21' title='bbox 3367 555 3443 627; x_wconf 83' lang='grc' dir='ltr'>τῷ</span> <span class='ocrx_word' id='word_1_22' title='bbox 3479 552 3624 627; x_wconf 80' lang='grc' dir='ltr'>μετὰ</span> <span class='ocrx_word' id='word_1_23' title='bbox 3657 560 3843 629; x_wconf 85' lang='grc' dir='ltr'>χεῖρας</span> 
     </span>
    </p>
   </div>
   <div class='ocr_carea' id='block_1_4' title="bbox 562 632 2148 712">
    <p class='ocr_par' dir='ltr' id='par_1_4' title="bbox 562 632 2148 712">
     <span class='ocr_line' id='line_1_4' title="bbox 562 632 2148 712; baseline 0.011 -30"><span class='ocrx_word' id='word_1_24' title='bbox 562 632 779 700; x_wconf 80' lang='lat' dir='ltr'><strong>pariens</strong></span> <span class='ocrx_word' id='word_1_25' title='bbox 796 632 1168 702; x_wconf 79' lang='lat' dir='ltr'><strong>offerentibus,</strong></span> <span class='ocrx_word' id='word_1_26' title='bbox 1200 636 1380 702; x_wconf 77' lang='lat' dir='ltr'><strong>Josiae,</strong></span> <span class='ocrx_word' id='word_1_27' title='bbox 1405 640 1664 709; x_wconf 67' lang='lat' dir='ltr'><strong>,inquam,</strong></span> <span class='ocrx_word' id='word_1_28' title='bbox 1714 651 1770 696; x_wconf 85' lang='lat' dir='ltr'><strong>ct</strong></span> <span class='ocrx_word' id='word_1_29' title='bbox 1811 644 2148 712; x_wconf 72' lang='lat' dir='ltr'><strong>captivitatis</strong></span> 
     </span>
    </p>
   </div>
   <div class='ocr_carea' id='block_1_5' title="bbox 562 724 2141 801">
    <p class='ocr_par' dir='ltr' id='par_1_5' title="bbox 562 724 2141 801">
     <span class='ocr_line' id='line_1_5' title="bbox 562 724 2141 801; baseline 0.01 -26"><span class='ocrx_word' id='word_1_30' title='bbox 562 724 808 793; x_wconf 90' lang='lat' dir='ltr'><strong>utilibus,</strong></span> <span class='ocrx_word' id='word_1_31' title='bbox 842 736 897 781; x_wconf 89' lang='grc' dir='ltr'><strong>ει</strong></span> <span class='ocrx_word' id='word_1_32' title='bbox 926 728 1257 796; x_wconf 86' lang='lat' dir='ltr'><strong>principibus</strong></span> <span class='ocrx_word' id='word_1_33' title='bbox 1310 732 1447 801; x_wconf 85' lang='lat' dir='ltr'><strong>ejus.</strong></span> <span class='ocrx_word' id='word_1_34' title='bbox 1500 733 1749 790; x_wconf 89' lang='lat' dir='ltr'><strong>Dedicari</strong></span> <span class='ocrx_word' id='word_1_35' title='bbox 1796 744 1977 790; x_wconf 88' lang='lat' dir='ltr'><strong>autem</strong></span> <span class='ocrx_word' id='word_1_36' title='bbox 2033 752 2141 791; x_wconf 91' lang='lat' dir='ltr'><strong>non</strong></span> 
     </span>
    </p>
   </div>
   <div class='ocr_carea' id='block_1_6' title="bbox 565 814 2148 900">
    <p class='ocr_par' dir='ltr' id='par_1_6' title="bbox 565 814 2148 900">
     <span class='ocr_line' id='line_1_6' title="bbox 565 814 2148 900; baseline 0.011 -32"><span class='ocrx_word' id='word_1_37' title='bbox 565 814 764 870; x_wconf 80' lang='lat' dir='ltr'><strong>frustra</strong></span> <span class='ocrx_word' id='word_1_38' title='bbox 795 835 809 871; x_wconf 93' lang='lat'><strong>:</strong></span> <span class='ocrx_word' id='word_1_39' title='bbox 840 820 934 875; x_wconf 89' lang='lat' dir='ltr'><strong>sed</strong></span> <span class='ocrx_word' id='word_1_40' title='bbox 967 830 1024 873; x_wconf 89' lang='lat' dir='ltr'><strong>ut</strong></span> <span class='ocrx_word' id='word_1_41' title='bbox 1062 823 1377 879; x_wconf 89' lang='lat' dir='ltr'><strong>cantoribus</strong></span> <span class='ocrx_word' id='word_1_42' title='bbox 1404 826 1615 894; x_wconf 87' lang='lat' dir='ltr'><strong>templi,</strong></span> <span class='ocrx_word' id='word_1_43' title='bbox 1651 837 1707 881; x_wconf 91' lang='lat' dir='ltr'><strong>et</strong></span> <span class='ocrx_word' id='word_1_44' title='bbox 1754 829 1929 884; x_wconf 85' lang='lat' dir='ltr'><strong>sacris</strong></span> <span class='ocrx_word' id='word_1_45' title='bbox 1958 830 2148 900; x_wconf 86' lang='lat' dir='ltr'><strong>psaltis</strong></span> 
     </span>
    </p>
   </div>
   <div class='ocr_carea' id='block_1_7' title="bbox 564 908 2145 991">
    <p class='ocr_par' dir='ltr' id='par_1_7' title="bbox 564 908 2145 991">
     <span class='ocr_line' id='line_1_7' title="bbox 564 908 2145 991; baseline 0.012 -35"><span class='ocrx_word' id='word_1_46' title='bbox 564 908 815 962; x_wconf 84' lang='lat' dir='ltr'><strong>cantandi</strong></span> <span class='ocrx_word' id='word_1_47' title='bbox 847 921 1222 979; x_wconf 80' lang='lat' dir='ltr'><strong>argumentum</strong></span> <span class='ocrx_word' id='word_1_48' title='bbox 1250 914 1339 967; x_wconf 89' lang='lat' dir='ltr'><strong>sit.</strong></span> <span class='ocrx_word' id='word_1_49' title='bbox 1392 915 1565 981; x_wconf 86' lang='lat' dir='ltr'><strong>Tunc,</strong></span> <span class='ocrx_word' id='word_1_50' title='bbox 1598 916 1840 987; x_wconf 77' lang='lat' dir='ltr'><strong>inquam,</strong></span> <span class='ocrx_word' id='word_1_51' title='bbox 1870 938 1889 972; x_wconf 84' lang='grc' dir='ltr'><strong>ι</strong></span> <span class='ocrx_word' id='word_1_52' title='bbox 1957 931 2012 975; x_wconf 90' lang='grc' dir='ltr'><strong>ει</strong></span> <span class='ocrx_word' id='word_1_53' title='bbox 2056 924 2145 991; x_wconf 90' lang='lat' dir='ltr'><strong>qui</strong></span> 
     </span>
    </p>
   </div>
   <div class='ocr_carea' id='block_1_8' title="bbox 566 992 2146 1077">
    <p class='ocr_par' dir='ltr' id='par_1_8' title="bbox 566 992 2146 1077">
     <span class='ocr_line' id='line_1_8' title="bbox 566 992 2146 1077; baseline 0.015 -32"><span class='ocrx_word' id='word_1_54' title='bbox 566 992 724 1063; x_wconf 89' lang='lat' dir='ltr'><strong>longe</strong></span> <span class='ocrx_word' id='word_1_55' title='bbox 772 998 836 1052; x_wconf 87' lang='lat' dir='ltr'><strong>ab</strong></span> <span class='ocrx_word' id='word_1_56' title='bbox 866 998 989 1063; x_wconf 89' lang='lat' dir='ltr'><strong>illis,</strong></span> <span class='ocrx_word' id='word_1_57' title='bbox 1031 1019 1049 1053; x_wconf 76' lang='grc' dir='ltr'><strong>ι</strong></span> <span class='ocrx_word' id='word_1_58' title='bbox 1075 1002 1176 1057; x_wconf 92' lang='lat' dir='ltr'><strong>hoc</strong></span> <span class='ocrx_word' id='word_1_59' title='bbox 1224 1014 1329 1068; x_wconf 87' lang='lat' dir='ltr'><strong>est,</strong></span> <span class='ocrx_word' id='word_1_60' title='bbox 1376 1006 1467 1074; x_wconf 89' lang='lat' dir='ltr'><strong>qui</strong></span> <span class='ocrx_word' id='word_1_61' title='bbox 1506 1007 1573 1060; x_wconf 91' lang='lat' dir='ltr'><strong>de</strong></span> <span class='ocrx_word' id='word_1_62' title='bbox 1624 1007 1743 1064; x_wconf 83' lang='lat' dir='ltr'><strong>aliis</strong></span> <span class='ocrx_word' id='word_1_63' title='bbox 1773 1010 2022 1077; x_wconf 82' lang='lat' dir='ltr'><strong>gentibus</strong></span> <span class='ocrx_word' id='word_1_64' title='bbox 2052 1026 2146 1067; x_wconf 83' lang='lat' dir='ltr'><strong>ve-</strong></span> 
     </span>
    </p>
   </div>
   <div class='ocr_carea' id='block_1_9' title="bbox 565 1086 2143 1159">
    <p class='ocr_par' dir='ltr' id='par_1_9' title="bbox 565 1086 2143 1159">
     <span class='ocr_line' id='line_1_9' title="bbox 565 1086 2143 1159; baseline 0.014 -22"><span class='ocrx_word' id='word_1_65' title='bbox 565 1086 736 1151; x_wconf 89' lang='lat' dir='ltr'><strong>nient,</strong></span> <span class='ocrx_word' id='word_1_66' title='bbox 770 1098 824 1143; x_wconf 90' lang='lat' dir='ltr'><strong>et</strong></span> <span class='ocrx_word' id='word_1_67' title='bbox 849 1093 1152 1148; x_wconf 89' lang='lat' dir='ltr'><strong>adorabunt</strong></span> <span class='ocrx_word' id='word_1_68' title='bbox 1187 1096 1496 1153; x_wconf 91' lang='lat' dir='ltr'><strong>Dominum.</strong></span> <span class='ocrx_word' id='word_1_69' title='bbox 1521 1098 1796 1156; x_wconf 81' lang='lat' dir='ltr'><strong>Eventura</strong></span> <span class='ocrx_word' id='word_1_70' title='bbox 1825 1112 2007 1159; x_wconf 89' lang='lat' dir='ltr'><strong>autem</strong></span> <span class='ocrx_word' id='word_1_71' title='bbox 2044 1105 2143 1159; x_wconf 90' lang='lat' dir='ltr'><strong>ista</strong></span> 
     </span>
    </p>
   </div>
   <div class='ocr_carea' id='block_1_10' title="bbox 563 1177 2146 1251">
    <p class='ocr_par' dir='ltr' id='par_1_10' title="bbox 563 1177 2146 1251">
     <span class='ocr_line' id='line_1_10' title="bbox 563 1177 2146 1251; baseline 0.015 -22"><span class='ocrx_word' id='word_1_72' title='bbox 563 1177 813 1243; x_wconf 74' lang='lat' dir='ltr'><strong>afﬁrmat,</strong></span> <span class='ocrx_word' id='word_1_73' title='bbox 836 1184 877 1237; x_wconf 93' lang='lat' dir='ltr'><strong>si</strong></span> <span class='ocrx_word' id='word_1_74' title='bbox 916 1185 1085 1239; x_wconf 87' lang='lat' dir='ltr'><strong>velint</strong></span> <span class='ocrx_word' id='word_1_75' title='bbox 1112 1188 1433 1244; x_wconf 76' lang='lat' dir='ltr'><strong>ohedientiae</strong></span> <span class='ocrx_word' id='word_1_76' title='bbox 1454 1202 1773 1249; x_wconf 88' lang='lat' dir='ltr'><strong>ornamento</strong></span> <span class='ocrx_word' id='word_1_77' title='bbox 1822 1209 1883 1250; x_wconf 91' lang='lat' dir='ltr'><strong>se</strong></span> <span class='ocrx_word' id='word_1_78' title='bbox 1914 1210 2146 1251; x_wconf 87' lang='lat' dir='ltr'><strong>venera-</strong></span> 
     </span>
    </p>
   </div>
   <div class='ocr_carea' id='block_1_11' title="bbox 564 1269 2144 1343">
    <p class='ocr_par' dir='ltr' id='par_1_11' title="bbox 564 1269 2144 1343">
     <span class='ocr_line' id='line_1_11' title="bbox 564 1269 2144 1343; baseline 0.014 -22"><span class='ocrx_word' id='word_1_79' title='bbox 564 1269 697 1324; x_wconf 83' lang='lat' dir='ltr'><strong>biles</strong></span> <span class='ocrx_word' id='word_1_80' title='bbox 731 1272 978 1341; x_wconf 85' lang='lat' dir='ltr'><strong>reddere,</strong></span> <span class='ocrx_word' id='word_1_81' title='bbox 1009 1286 1065 1331; x_wconf 90' lang='lat' dir='ltr'><strong>et</strong></span> <span class='ocrx_word' id='word_1_82' title='bbox 1102 1280 1293 1334; x_wconf 90' lang='lat' dir='ltr'><strong>audire</strong></span> <span class='ocrx_word' id='word_1_83' title='bbox 1320 1295 1505 1336; x_wconf 85' lang='lat' dir='ltr'><strong>vocem</strong></span> <span class='ocrx_word' id='word_1_84' title='bbox 1534 1284 1742 1339; x_wconf 88' lang='lat' dir='ltr'><strong>Domini</strong></span> <span class='ocrx_word' id='word_1_85' title='bbox 1781 1284 1900 1341; x_wconf 90' lang='lat' dir='ltr'><strong>Dei.</strong></span> <span class='ocrx_word' id='word_1_86' title='bbox 1933 1287 2144 1343; x_wconf 80' lang='lat' dir='ltr'><strong>Actum</strong></span> 
     </span>
    </p>
   </div>
   <div class='ocr_carea' id='block_1_12' title="bbox 562 1362 2143 1446">
    <p class='ocr_par' dir='ltr' id='par_1_12' title="bbox 562 1362 2143 1446">
     <span class='ocr_line' id='line_1_12' title="bbox 562 1362 2143 1446; baseline 0.013 -34"><span class='ocrx_word' id='word_1_87' title='bbox 562 1362 801 1427; x_wconf 88' lang='lat' dir='ltr'><strong>demum,</strong></span> <span class='ocrx_word' id='word_1_88' title='bbox 862 1367 950 1421; x_wconf 87' lang='lat' dir='ltr'><strong>ubi</strong></span> <span class='ocrx_word' id='word_1_89' title='bbox 1032 1372 1395 1438; x_wconf 78' lang='lat' dir='ltr'><strong>praenuntiata</strong></span> <span class='ocrx_word' id='word_1_90' title='bbox 1459 1376 1642 1431; x_wconf 80' lang='lat' dir='ltr'><strong>exitus</strong></span> <span class='ocrx_word' id='word_1_91' title='bbox 1685 1381 2143 1446; x_wconf 87' lang='lat' dir='ltr'><strong>comprobaverit,</strong></span> 
     </span>
    </p>
   </div>
   <div class='ocr_carea' id='block_1_13' title="bbox 562 1452 2147 1534">
    <p class='ocr_par' dir='ltr' id='par_1_13' title="bbox 562 1452 2147 1534">
     <span class='ocr_line' id='line_1_13' title="bbox 562 1452 2147 1534; baseline 0.012 -29"><span class='ocrx_word' id='word_1_92' title='bbox 562 1452 706 1507; x_wconf 84' lang='lat' dir='ltr'><strong>haud</strong></span> <span class='ocrx_word' id='word_1_93' title='bbox 740 1456 1229 1530; x_wconf 85' lang='lat' dir='ltr'><strong>dubiecognituros</strong></span> <span class='ocrx_word' id='word_1_94' title='bbox 1262 1465 1582 1534; x_wconf 81' lang='lat' dir='ltr'><strong>prophetam</strong></span> <span class='ocrx_word' id='word_1_95' title='bbox 1622 1467 1847 1522; x_wconf 86' lang='lat' dir='ltr'><strong>missum</strong></span> <span class='ocrx_word' id='word_1_96' title='bbox 1905 1483 2028 1525; x_wconf 88' lang='lat' dir='ltr'><strong>esse</strong></span> <span class='ocrx_word' id='word_1_97' title='bbox 2088 1478 2147 1524; x_wconf 90' lang='lat' dir='ltr'><strong>ut</strong></span> 
     </span>
    </p>
   </div>
   <div class='ocr_carea' id='block_1_14' title="bbox 563 1544 2145 1632">
    <p class='ocr_par' dir='ltr' id='par_1_14' title="bbox 563 1544 2145 1632">
     <span class='ocr_line' id='line_1_14' title="bbox 563 1544 2145 1632; baseline 0.014 -35"><span class='ocrx_word' id='word_1_98' title='bbox 563 1544 657 1599; x_wconf 91' lang='lat' dir='ltr'><strong>Dei</strong></span> <span class='ocrx_word' id='word_1_99' title='bbox 684 1547 1010 1606; x_wconf 88' lang='lat' dir='ltr'><strong>voluntatem</strong></span> <span class='ocrx_word' id='word_1_100' title='bbox 1054 1554 1185 1623; x_wconf 88' lang='lat' dir='ltr'><strong>ipsis</strong></span> <span class='ocrx_word' id='word_1_101' title='bbox 1234 1559 1490 1626; x_wconf 83' lang='lat' dir='ltr'><strong>aperiret,</strong></span> <span class='ocrx_word' id='word_1_102' title='bbox 1532 1576 1637 1615; x_wconf 81' lang='lat' dir='ltr'><strong>non</strong></span> <span class='ocrx_word' id='word_1_103' title='bbox 1700 1571 1876 1615; x_wconf 86' lang='lat' dir='ltr'><strong>autem</strong></span> <span class='ocrx_word' id='word_1_104' title='bbox 1934 1572 1991 1616; x_wconf 90' lang='lat' dir='ltr'><strong>ut</strong></span> <span class='ocrx_word' id='word_1_105' title='bbox 2047 1578 2145 1632; x_wconf 83' lang='lat' dir='ltr'><strong>pro</strong></span> 
     </span>
    </p>
   </div>
   <div class='ocr_carea' id='block_1_15' title="bbox 561 1647 2141 1711">
    <p class='ocr_par' dir='ltr' id='par_1_15' title="bbox 561 1647 2141 1711">
     <span class='ocr_line' id='line_1_15' title="bbox 561 1647 2141 1711; baseline 0.013 -20"><span class='ocrx_word' id='word_1_106' title='bbox 561 1653 715 1695; x_wconf 90' lang='lat' dir='ltr'><strong>more</strong></span> <span class='ocrx_word' id='word_1_107' title='bbox 776 1647 1131 1711; x_wconf 87' lang='lat' dir='ltr'><strong>quorumdam</strong></span> <span class='ocrx_word' id='word_1_108' title='bbox 1192 1651 1566 1706; x_wconf 88' lang='lat' dir='ltr'><strong>mentientium</strong></span> <span class='ocrx_word' id='word_1_109' title='bbox 1608 1656 1787 1710; x_wconf 90' lang='lat' dir='ltr'><strong>cordis</strong></span> <span class='ocrx_word' id='word_1_110' title='bbox 1843 1657 1924 1709; x_wconf 81' lang='lat' dir='ltr'><strong>Sui</strong></span> <span class='ocrx_word' id='word_1_111' title='bbox 1984 1671 2141 1711; x_wconf 84' lang='lat' dir='ltr'><strong>sensa</strong></span> 
     </span>
    </p>
   </div>
   <div class='ocr_carea' id='block_1_16' title="bbox 563 1727 2143 1807">
    <p class='ocr_par' dir='ltr' id='par_1_16' title="bbox 563 1727 2143 1807">
     <span class='ocr_line' id='line_1_16' title="bbox 563 1727 2143 1807; baseline 0.015 -28"><span class='ocrx_word' id='word_1_112' title='bbox 563 1727 893 1799; x_wconf 81' lang='lat' dir='ltr'><strong>loqueretur,</strong></span> <span class='ocrx_word' id='word_1_113' title='bbox 928 1749 1090 1790; x_wconf 82' lang='lat' dir='ltr'><strong>verax</strong></span> <span class='ocrx_word' id='word_1_114' title='bbox 1117 1742 1316 1807; x_wconf 87' lang='lat' dir='ltr'><strong>potius,</strong></span> <span class='ocrx_word' id='word_1_115' title='bbox 1345 1757 1444 1797; x_wconf 89' lang='lat' dir='ltr'><strong>nec</strong></span> <span class='ocrx_word' id='word_1_116' title='bbox 1475 1743 1727 1798; x_wconf 81' lang='lat' dir='ltr'><strong>falsitatis</strong></span> <span class='ocrx_word' id='word_1_117' title='bbox 1756 1747 1995 1801; x_wconf 90' lang='lat' dir='ltr'><strong>nuntius.</strong></span> <span class='ocrx_word' id='word_1_118' title='bbox 2020 1745 2143 1803; x_wconf 62' lang='lat' dir='ltr'><strong>Haec</strong></span> 
     </span>
    </p>
   </div>
   <div class='ocr_carea' id='block_1_17' title="bbox 558 1817 1891 1903">
    <p class='ocr_par' dir='ltr' id='par_1_17' title="bbox 558 1817 1891 1903">
     <span class='ocr_line' id='line_1_17' title="bbox 558 1817 1891 1903; baseline 0.014 -31"><span class='ocrx_word' id='word_1_119' title='bbox 558 1817 819 1877; x_wconf 85' lang='lat' dir='ltr'><strong>facillima</strong></span> <span class='ocrx_word' id='word_1_120' title='bbox 856 1832 910 1879; x_wconf 88' lang='lat' dir='ltr'><strong>et</strong></span> <span class='ocrx_word' id='word_1_121' title='bbox 962 1829 1119 1883; x_wconf 89' lang='lat' dir='ltr'><strong>obvia</strong></span> <span class='ocrx_word' id='word_1_122' title='bbox 1176 1842 1261 1887; x_wconf 87' lang='lat' dir='ltr'><strong>est</strong></span> <span class='ocrx_word' id='word_1_123' title='bbox 1308 1833 1551 1889; x_wconf 67' lang='lat' dir='ltr'><strong>historiae</strong></span> <span class='ocrx_word' id='word_1_124' title='bbox 1579 1836 1891 1903; x_wconf 83' lang='lat' dir='ltr'><strong>explicatio.</strong></span> 
     </span>
    </p>
   </div>
   <div class='ocr_carea' id='block_1_18' title="bbox 2249 645 3845 718">
    <p class='ocr_par' dir='ltr' id='par_1_18' title="bbox 2249 645 3845 718">
     <span class='ocr_line' id='line_1_18' title="bbox 2249 645 3845 718; baseline 0.003 -22"><span class='ocrx_word' id='word_1_125' title='bbox 2249 645 2424 715; x_wconf 78' lang='grc' dir='ltr'>ἔχοντι</span> <span class='ocrx_word' id='word_1_126' title='bbox 2476 645 2573 716; x_wconf 81' lang='grc' dir='ltr'>τὴν</span> <span class='ocrx_word' id='word_1_127' title='bbox 2617 646 2952 715; x_wconf 80' lang='grc' dir='ltr'>ἱερουργίαν,</span> <span class='ocrx_word' id='word_1_128' title='bbox 2980 646 3042 698; x_wconf 91' lang='grc' dir='ltr'><strong>τό</strong></span> <span class='ocrx_word' id='word_1_129' title='bbox 3086 663 3149 714; x_wconf 87' lang='grc' dir='ltr'><strong>γε</strong></span> <span class='ocrx_word' id='word_1_130' title='bbox 3198 648 3307 718; x_wconf 79' lang='grc' dir='ltr'><strong>μὴν</strong></span> <span class='ocrx_word' id='word_1_131' title='bbox 3360 648 3455 700; x_wconf 84' lang='grc' dir='ltr'><strong>τοῦ</strong></span> <span class='ocrx_word' id='word_1_132' title='bbox 3508 647 3699 718; x_wconf 82' lang='grc' dir='ltr'><strong>ἱερέως</strong></span> <span class='ocrx_word' id='word_1_133' title='bbox 3750 652 3845 701; x_wconf 79' lang='grc' dir='ltr'><strong>καὶ</strong></span> 
     </span>
    </p>
   </div>
   <div class='ocr_carea' id='block_1_19' title="bbox 2250 737 3846 812">
    <p class='ocr_par' dir='ltr' id='par_1_19' title="bbox 2250 737 3846 812">
     <span class='ocr_line' id='line_1_19' title="bbox 2250 737 3846 812; baseline 0.001 -21"><span class='ocrx_word' id='word_1_134' title='bbox 2250 737 2399 808; x_wconf 86' lang='grc' dir='ltr'>αὑτῷ</span> <span class='ocrx_word' id='word_1_135' title='bbox 2441 738 2798 807; x_wconf 83' lang='grc' dir='ltr'>προσκεῖσθαι</span> <span class='ocrx_word' id='word_1_136' title='bbox 2832 737 2909 807; x_wconf 84' lang='grc' dir='ltr'><strong>τῷ</strong></span> <span class='ocrx_word' id='word_1_137' title='bbox 2951 738 3321 808; x_wconf 81' lang='grc' dir='ltr'><strong>βασιλεύοντι·</strong></span> <span class='ocrx_word' id='word_1_138' title='bbox 3354 739 3506 794; x_wconf 79' lang='grc' dir='ltr'>ἔσται</span> <span class='ocrx_word' id='word_1_139' title='bbox 3540 741 3600 795; x_wconf 84' lang='grc' dir='ltr'>δὲ</span> <span class='ocrx_word' id='word_1_140' title='bbox 3642 743 3846 812; x_wconf 83' lang='grc' dir='ltr'>ἀμφοῖν</span> 
     </span>
    </p>
   </div>
   <div class='ocr_carea' id='block_1_20' title="bbox 2248 828 3844 901">
    <p class='ocr_par' dir='ltr' id='par_1_20' title="bbox 2248 828 3844 901">
     <span class='ocr_line' id='line_1_20' title="bbox 2248 828 3844 901; baseline 0.002 -19"><span class='ocrx_word' id='word_1_141' title='bbox 2248 828 2345 882; x_wconf 73' lang='grc' dir='ltr'>καὶ</span> <span class='ocrx_word' id='word_1_142' title='bbox 2391 828 2639 899; x_wconf 83' lang='grc' dir='ltr'>βούλημα</span> <span class='ocrx_word' id='word_1_143' title='bbox 2683 829 2982 900; x_wconf 83' lang='grc' dir='ltr'>εἰρηνικὸν,</span> <span class='ocrx_word' id='word_1_144' title='bbox 3011 830 3087 894; x_wconf 84' lang='grc' dir='ltr'>ὡς</span> <span class='ocrx_word' id='word_1_145' title='bbox 3118 830 3263 883; x_wconf 88' lang='grc' dir='ltr'><strong>κατά</strong></span> <span class='ocrx_word' id='word_1_146' title='bbox 3307 849 3362 885; x_wconf 85' lang='grc' dir='ltr'><strong>τι</strong></span> <span class='ocrx_word' id='word_1_147' title='bbox 3414 830 3545 900; x_wconf 87' lang='grc' dir='ltr'>γοῦν</span> <span class='ocrx_word' id='word_1_148' title='bbox 3590 832 3727 895; x_wconf 85' lang='grc' dir='ltr'><strong>ὅλως</strong></span> <span class='ocrx_word' id='word_1_149' title='bbox 3768 833 3844 901; x_wconf 86' lang='grc' dir='ltr'>μὴ</span> 
     </span>
    </p>
   </div>
   <div class='ocr_carea' id='block_1_21' title="bbox 2249 918 3847 993">
    <p class='ocr_par' dir='ltr' id='par_1_21' title="bbox 2249 918 3847 993">
     <span class='ocr_line' id='line_1_21' title="bbox 2249 918 3847 993; baseline 0.002 -20"><span class='ocrx_word' id='word_1_150' title='bbox 2249 918 2825 991; x_wconf 80' lang='grc' dir='ltr'>έτερογνωμονοῦντας</span> <span class='ocrx_word' id='word_1_151' title='bbox 2884 920 3138 991; x_wconf 77' lang='grc' dir='ltr'>ὁρᾶσθαι.</span> <span class='ocrx_word' id='word_1_152' title='bbox 3188 918 3321 977; x_wconf 81' lang='grc' dir='ltr'>Εἶτα</span> <span class='ocrx_word' id='word_1_153' title='bbox 3368 923 3495 987; x_wconf 83' lang='grc' dir='ltr'>τοὺς</span> <span class='ocrx_word' id='word_1_154' title='bbox 3549 924 3847 993; x_wconf 82' lang='grc' dir='ltr'><strong>στεφάνους</strong></span> 
     </span>
    </p>
   </div>
   <div class='ocr_carea' id='block_1_22' title="bbox 2247 1012 3848 1088">
    <p class='ocr_par' dir='ltr' id='par_1_22' title="bbox 2247 1012 3848 1088">
     <span class='ocr_line' id='line_1_22' title="bbox 2247 1012 3848 1088; baseline 0.002 -23"><span class='ocrx_word' id='word_1_155' title='bbox 2247 1012 2501 1084; x_wconf 86' lang='grc' dir='ltr'>λαμπρὸν</span> <span class='ocrx_word' id='word_1_156' title='bbox 2552 1013 2799 1081; x_wconf 81' lang='grc' dir='ltr'>γίνεσθαι</span> <span class='ocrx_word' id='word_1_157' title='bbox 2852 1014 3221 1086; x_wconf 83' lang='grc' dir='ltr'>προστέταχεν</span> <span class='ocrx_word' id='word_1_158' title='bbox 3272 1016 3554 1087; x_wconf 82' lang='grc' dir='ltr'>ἀνάθημα,</span> <span class='ocrx_word' id='word_1_159' title='bbox 3602 1016 3682 1088; x_wconf 81' lang='grc' dir='ltr'>τῷ</span> <span class='ocrx_word' id='word_1_160' title='bbox 3724 1015 3848 1085; x_wconf 81' lang='grc' dir='ltr'><strong>Θεῷ</strong></span> 
     </span>
    </p>
   </div>
   <div class='ocr_carea' id='block_1_23' title="bbox 2247 1103 3846 1176">
    <p class='ocr_par' dir='ltr' id='par_1_23' title="bbox 2247 1103 3846 1176">
     <span class='ocr_line' id='line_1_23' title="bbox 2247 1103 3846 1176; baseline 0.003 -20"><span class='ocrx_word' id='word_1_161' title='bbox 2247 1104 2732 1176; x_wconf 85' lang='grc' dir='ltr'>είσκεκομισμένον</span> <span class='ocrx_word' id='word_1_162' title='bbox 2782 1107 2864 1169; x_wconf 87' lang='grc' dir='ltr'><strong>είς</strong></span> <span class='ocrx_word' id='word_1_163' title='bbox 2912 1106 3004 1159; x_wconf 80' lang='grc' dir='ltr'><strong>τὸν</strong></span> <span class='ocrx_word' id='word_1_164' title='bbox 3045 1103 3195 1162; x_wconf 82' lang='grc' dir='ltr'>οἷκον</span> <span class='ocrx_word' id='word_1_165' title='bbox 3238 1107 3428 1173; x_wconf 85' lang='grc' dir='ltr'>αὐτοῦ,</span> <span class='ocrx_word' id='word_1_166' title='bbox 3460 1107 3603 1161; x_wconf 83' lang='grc' dir='ltr'>ὥστε</span> <span class='ocrx_word' id='word_1_167' title='bbox 3642 1109 3735 1162; x_wconf 78' lang='grc' dir='ltr'>καὶ</span> <span class='ocrx_word' id='word_1_168' title='bbox 3764 1109 3846 1171; x_wconf 73' lang='grc' dir='ltr'><strong>εἰς</strong></span> 
     </span>
    </p>
   </div>
   <div class='ocr_carea' id='block_1_24' title="bbox 2246 1195 3845 1271">
    <p class='ocr_par' dir='ltr' id='par_1_24' title="bbox 2246 1195 3845 1271">
     <span class='ocr_line' id='line_1_24' title="bbox 2246 1195 3845 1271; baseline 0.003 -23"><span class='ocrx_word' id='word_1_169' title='bbox 2246 1195 2428 1266; x_wconf 80' lang='grc' dir='ltr'>χάριν,</span> <span class='ocrx_word' id='word_1_170' title='bbox 2468 1196 2586 1266; x_wconf 82' lang='grc' dir='ltr'>ήτοι</span> <span class='ocrx_word' id='word_1_171' title='bbox 2620 1197 2907 1268; x_wconf 84' lang='grc' dir='ltr'>καύχημα,</span> <span class='ocrx_word' id='word_1_172' title='bbox 2943 1199 3201 1266; x_wconf 87' lang='grc' dir='ltr'>γενέσθαι</span> <span class='ocrx_word' id='word_1_173' title='bbox 3232 1200 3341 1253; x_wconf 89' lang='grc' dir='ltr'><strong>τῶν</strong></span> <span class='ocrx_word' id='word_1_174' title='bbox 3361 1201 3845 1271; x_wconf 86' lang='grc' dir='ltr'>προσαγηοχότων,</span> 
     </span>
    </p>
   </div>
   <div class='ocr_carea' id='block_1_25' title="bbox 2259 1289 3845 1362">
    <p class='ocr_par' dir='ltr' id='par_1_25' title="bbox 2259 1289 3845 1362">
     <span class='ocr_line' id='line_1_25' title="bbox 2259 1289 3845 1362; baseline 0 -19"><span class='ocrx_word' id='word_1_175' title='bbox 2259 1289 2462 1343; x_wconf 78' lang='grc' dir='ltr'><strong>Ἰωσίου</strong></span> <span class='ocrx_word' id='word_1_176' title='bbox 2482 1307 2562 1355; x_wconf 89' lang='grc' dir='ltr'><strong>τε,</strong></span> <span class='ocrx_word' id='word_1_177' title='bbox 2582 1291 2747 1361; x_wconf 77' lang='grc' dir='ltr'>φημὶ,</span> <span class='ocrx_word' id='word_1_178' title='bbox 2771 1292 2864 1343; x_wconf 76' lang='grc' dir='ltr'><strong>καὶ</strong></span> <span class='ocrx_word' id='word_1_179' title='bbox 2887 1290 2996 1343; x_wconf 87' lang='grc' dir='ltr'><strong>τῶν</strong></span> <span class='ocrx_word' id='word_1_180' title='bbox 3016 1291 3115 1360; x_wconf 88' lang='grc' dir='ltr'><strong>τῆς</strong></span> <span class='ocrx_word' id='word_1_181' title='bbox 3134 1290 3513 1360; x_wconf 75' lang='grc' dir='ltr'><strong>αἰχμαλωσίας</strong></span> <span class='ocrx_word' id='word_1_182' title='bbox 3534 1293 3845 1362; x_wconf 81' lang='grc' dir='ltr'>χρησίμων,</span> 
     </span>
    </p>
   </div>
   <div class='ocr_carea' id='block_1_26' title="bbox 2247 1382 3845 1454">
    <p class='ocr_par' dir='ltr' id='par_1_26' title="bbox 2247 1382 3845 1454">
     <span class='ocr_line' id='line_1_26' title="bbox 2247 1382 3845 1454; baseline 0 -18"><span class='ocrx_word' id='word_1_183' title='bbox 2247 1383 2342 1436; x_wconf 80' lang='grc' dir='ltr'><strong>καὶ</strong></span> <span class='ocrx_word' id='word_1_184' title='bbox 2372 1382 2483 1435; x_wconf 90' lang='grc' dir='ltr'><strong>τῶν</strong></span> <span class='ocrx_word' id='word_1_185' title='bbox 2514 1383 2793 1453; x_wconf 83' lang='grc' dir='ltr'>ἀρχόντων</span> <span class='ocrx_word' id='word_1_186' title='bbox 2825 1382 3408 1453; x_wconf 81' lang='grc' dir='ltr'>αὐτῆς.Ἀνατεθεῖναι</span> <span class='ocrx_word' id='word_1_187' title='bbox 3436 1384 3515 1449; x_wconf 77' lang='grc' dir='ltr'>δὲ,</span> <span class='ocrx_word' id='word_1_188' title='bbox 3546 1385 3607 1437; x_wconf 85' lang='grc' dir='ltr'>οὺ</span> <span class='ocrx_word' id='word_1_189' title='bbox 3644 1385 3845 1454; x_wconf 79' lang='grc' dir='ltr'>μάτην,</span> 
     </span>
    </p>
   </div>
   <div class='ocr_carea' id='block_1_27' title="bbox 2246 1474 3847 1546">
    <p class='ocr_par' dir='ltr' id='par_1_27' title="bbox 2246 1474 3847 1546">
     <span class='ocr_line' id='line_1_27' title="bbox 2246 1474 3847 1546; baseline 0.001 -20"><span class='ocrx_word' id='word_1_190' title='bbox 2246 1474 2359 1527; x_wconf 85' lang='grc' dir='ltr'>ἀλλ’</span> <span class='ocrx_word' id='word_1_191' title='bbox 2383 1474 2525 1528; x_wconf 83' lang='grc' dir='ltr'>ὥστε</span> <span class='ocrx_word' id='word_1_192' title='bbox 2549 1476 2645 1528; x_wconf 78' lang='grc' dir='ltr'>καὶ</span> <span class='ocrx_word' id='word_1_193' title='bbox 2668 1475 2811 1545; x_wconf 82' lang='grc' dir='ltr'>ᾠδῆς</span> <span class='ocrx_word' id='word_1_194' title='bbox 2841 1474 3094 1544; x_wconf 89' lang='grc' dir='ltr'>γενέσθαι</span> <span class='ocrx_word' id='word_1_195' title='bbox 3123 1476 3398 1546; x_wconf 85' lang='grc' dir='ltr'>πρόφασιν</span> <span class='ocrx_word' id='word_1_196' title='bbox 3426 1479 3539 1538; x_wconf 88' lang='grc' dir='ltr'>τοῖς</span> <span class='ocrx_word' id='word_1_197' title='bbox 3566 1475 3723 1545; x_wconf 81' lang='grc' dir='ltr'>ᾠδοῖς</span> <span class='ocrx_word' id='word_1_198' title='bbox 3748 1475 3847 1528; x_wconf 78' lang='grc' dir='ltr'><strong>τοῦ</strong></span> 
     </span>
    </p>
   </div>
   <div class='ocr_carea' id='block_1_28' title="bbox 2245 1565 3845 1639">
    <p class='ocr_par' dir='ltr' id='par_1_28' title="bbox 2245 1565 3845 1639">
     <span class='ocr_line' id='line_1_28' title="bbox 2245 1565 3845 1639; baseline 0.001 -20"><span class='ocrx_word' id='word_1_199' title='bbox 2245 1565 2375 1619; x_wconf 82' lang='grc' dir='ltr'>ναοῦ</span> <span class='ocrx_word' id='word_1_200' title='bbox 2402 1569 2495 1621; x_wconf 74' lang='grc' dir='ltr'>καὶ</span> <span class='ocrx_word' id='word_1_201' title='bbox 2530 1567 2895 1638; x_wconf 69' lang='grc' dir='ltr'>ἱεροψάλταις.</span> <span class='ocrx_word' id='word_1_202' title='bbox 2933 1568 3067 1621; x_wconf 85' lang='grc' dir='ltr'><strong>Τότε</strong></span> <span class='ocrx_word' id='word_1_203' title='bbox 3113 1585 3179 1637; x_wconf 86' lang='grc' dir='ltr'><strong>γε</strong></span> <span class='ocrx_word' id='word_1_204' title='bbox 3204 1568 3268 1639; x_wconf 88' lang='grc' dir='ltr'><strong>δή</strong></span> <span class='ocrx_word' id='word_1_205' title='bbox 3301 1586 3445 1639; x_wconf 87' lang='grc' dir='ltr'>φημι</span> <span class='ocrx_word' id='word_1_206' title='bbox 3480 1588 3499 1621; x_wconf 79' lang='grc' dir='ltr'><strong>ι</strong></span> <span class='ocrx_word' id='word_1_207' title='bbox 3524 1569 3619 1622; x_wconf 75' lang='grc' dir='ltr'>καὶ</span> <span class='ocrx_word' id='word_1_208' title='bbox 3648 1570 3698 1621; x_wconf 79' lang='grc' dir='ltr'>οἱ</span> <span class='ocrx_word' id='word_1_209' title='bbox 3737 1585 3845 1637; x_wconf 85' lang='grc' dir='ltr'>μα-</span> 
     </span>
    </p>
   </div>
   <div class='ocr_carea' id='block_1_29' title="bbox 2246 1658 3849 1730">
    <p class='ocr_par' dir='ltr' id='par_1_29' title="bbox 2246 1658 3849 1730">
     <span class='ocr_line' id='line_1_29' title="bbox 2246 1658 3849 1730; baseline -0.002 -18"><span class='ocrx_word' id='word_1_210' title='bbox 2246 1659 2385 1730; x_wconf 78' lang='grc' dir='ltr'>κρὰν</span> <span class='ocrx_word' id='word_1_211' title='bbox 2447 1659 2545 1711; x_wconf 87' lang='grc' dir='ltr'>ἀπ’</span> <span class='ocrx_word' id='word_1_212' title='bbox 2590 1659 2791 1723; x_wconf 83' lang='grc' dir='ltr'>αὐτῶν,</span> <span class='ocrx_word' id='word_1_213' title='bbox 2833 1677 2857 1710; x_wconf 68' lang='grc' dir='ltr'><strong>ι</strong></span> <span class='ocrx_word' id='word_1_214' title='bbox 2910 1659 3213 1723; x_wconf 82' lang='grc' dir='ltr'><strong>τουτέστιν,</strong></span> <span class='ocrx_word' id='word_1_215' title='bbox 3269 1660 3317 1713; x_wconf 86' lang='grc' dir='ltr'>οἳ</span> <span class='ocrx_word' id='word_1_216' title='bbox 3374 1661 3441 1712; x_wconf 78' lang='grc' dir='ltr'>ὲκ</span> <span class='ocrx_word' id='word_1_217' title='bbox 3482 1659 3592 1713; x_wconf 86' lang='grc' dir='ltr'><strong>τῶν</strong></span> <span class='ocrx_word' id='word_1_218' title='bbox 3639 1658 3849 1729; x_wconf 78' lang='grc' dir='ltr'>ἑτέρων</span> 
     </span>
    </p>
   </div>
   <div class='ocr_carea' id='block_1_30' title="bbox 2245 1751 3846 1824">
    <p class='ocr_par' dir='ltr' id='par_1_30' title="bbox 2245 1751 3846 1824">
     <span class='ocr_line' id='line_1_30' title="bbox 2245 1751 3846 1824; baseline 0.001 -21"><span class='ocrx_word' id='word_1_219' title='bbox 2245 1751 2415 1805; x_wconf 76' lang='grc' dir='ltr'>ὲθνῶν</span> <span class='ocrx_word' id='word_1_220' title='bbox 2444 1752 2656 1822; x_wconf 74' lang='grc' dir='ltr'>ἥξουσι,</span> <span class='ocrx_word' id='word_1_221' title='bbox 2684 1752 2778 1805; x_wconf 77' lang='grc' dir='ltr'>καὶ</span> <span class='ocrx_word' id='word_1_222' title='bbox 2810 1753 3256 1823; x_wconf 82' lang='grc' dir='ltr'>προσκυνήσουσι</span> <span class='ocrx_word' id='word_1_223' title='bbox 3282 1752 3359 1822; x_wconf 87' lang='grc' dir='ltr'>τῷ</span> <span class='ocrx_word' id='word_1_224' title='bbox 3384 1753 3598 1824; x_wconf 80' lang='grc' dir='ltr'>Κυρίῳ.</span> <span class='ocrx_word' id='word_1_225' title='bbox 3625 1752 3846 1822; x_wconf 79' lang='grc' dir='ltr'>Συμὸή-</span> 
     </span>
    </p>
   </div>
   <div class='ocr_carea' id='block_1_31' title="bbox 2247 1841 3846 1915">
    <p class='ocr_par' dir='ltr' id='par_1_31' title="bbox 2247 1841 3846 1915">
     <span class='ocr_line' id='line_1_31' title="bbox 2247 1841 3846 1915; baseline 0.001 -20"><span class='ocrx_word' id='word_1_226' title='bbox 2247 1845 2437 1896; x_wconf 85' lang='grc' dir='ltr'>σεσθαι</span> <span class='ocrx_word' id='word_1_227' title='bbox 2488 1842 2545 1895; x_wconf 82' lang='grc' dir='ltr'>δὲ</span> <span class='ocrx_word' id='word_1_228' title='bbox 2600 1843 2666 1896; x_wconf 79' lang='grc' dir='ltr'>τὰ</span> <span class='ocrx_word' id='word_1_229' title='bbox 2715 1843 2893 1896; x_wconf 82' lang='grc' dir='ltr'>τοιάδε</span> <span class='ocrx_word' id='word_1_230' title='bbox 2943 1844 3128 1913; x_wconf 77' lang='grc' dir='ltr'>φησὶν,</span> <span class='ocrx_word' id='word_1_231' title='bbox 3161 1846 3319 1915; x_wconf 85' lang='grc' dir='ltr'>εῖπερ</span> <span class='ocrx_word' id='word_1_232' title='bbox 3371 1844 3576 1897; x_wconf 72' lang='grc' dir='ltr'>ἕλοιντο</span> <span class='ocrx_word' id='word_1_233' title='bbox 3620 1841 3713 1914; x_wconf 73' lang='grc' dir='ltr'><strong>τῷ“</strong></span> <span class='ocrx_word' id='word_1_234' title='bbox 3742 1843 3846 1912; x_wconf 83' lang='grc' dir='ltr'><strong>τῆς</strong></span> 
     </span>
    </p>
   </div>
   <div class='ocr_carea' id='block_1_32' title="bbox 560 1916 3847 2010">
    <p class='ocr_par' dir='ltr' id='par_1_32' title="bbox 560 1916 3847 2010">
     <span class='ocr_line' id='line_1_32' title="bbox 560 1916 3847 2010; baseline 0.007 -42"><span class='ocrx_word' id='word_1_235' title='bbox 560 1916 871 1983; x_wconf 75' lang='grc' dir='ltr'>εὐπειθείας</span> <span class='ocrx_word' id='word_1_236' title='bbox 897 1926 1399 1995; x_wconf 80' lang='grc' dir='ltr'>κατασεμνύνισθαι</span> <span class='ocrx_word' id='word_1_237' title='bbox 1426 1929 1638 2000; x_wconf 86' lang='grc' dir='ltr'>κόσμῳ,</span> <span class='ocrx_word' id='word_1_238' title='bbox 1670 1933 1765 1985; x_wconf 79' lang='grc' dir='ltr'>καὶ</span> <span class='ocrx_word' id='word_1_239' title='bbox 1797 1933 2013 1988; x_wconf 80' lang='grc' dir='ltr'>ἀκούειν</span> <span class='ocrx_word' id='word_1_240' title='bbox 2041 1934 2141 2005; x_wconf 89' lang='grc' dir='ltr'><strong>τῆς</strong></span> <span class='ocrx_word' id='word_1_241' title='bbox 2180 1937 2367 2006; x_wconf 83' lang='grc' dir='ltr'>φωνῆς</span> <span class='ocrx_word' id='word_1_242' title='bbox 2400 1938 2605 2008; x_wconf 86' lang='grc' dir='ltr'>Κυρίου</span> <span class='ocrx_word' id='word_1_243' title='bbox 2674 1937 2769 1991; x_wconf 88' lang='grc' dir='ltr'><strong>τοῦ</strong></span> <span class='ocrx_word' id='word_1_244' title='bbox 2800 1936 2957 1992; x_wconf 90' lang='grc' dir='ltr'>Θεοῦ.</span> <span class='ocrx_word' id='word_1_245' title='bbox 2993 1939 3106 1993; x_wconf 76' lang='grc' dir='ltr'><strong>Καὶ</strong></span> <span class='ocrx_word' id='word_1_246' title='bbox 3169 1939 3291 1991; x_wconf 73' lang='grc' dir='ltr'>τότε</span> <span class='ocrx_word' id='word_1_247' title='bbox 3334 1939 3520 1993; x_wconf 76' lang='grc' dir='ltr'>λοιπὸν</span> <span class='ocrx_word' id='word_1_248' title='bbox 3556 1940 3635 2003; x_wconf 82' lang='grc' dir='ltr'><strong>είς</strong></span> <span class='ocrx_word' id='word_1_249' title='bbox 3669 1939 3847 2010; x_wconf 80' lang='grc' dir='ltr'>πέρας</span> 
     </span>
    </p>
   </div>
   <div class='ocr_carea' id='block_1_33' title="bbox 561 2011 3847 2102">
    <p class='ocr_par' dir='ltr' id='par_1_33' title="bbox 561 2011 3847 2102">
     <span class='ocr_line' id='line_1_33' title="bbox 561 2011 3847 2102; baseline 0.006 -40"><span class='ocrx_word' id='word_1_250' title='bbox 561 2011 939 2082; x_wconf 73' lang='grc' dir='ltr'>ἐκϐεϐηκότων</span> <span class='ocrx_word' id='word_1_251' title='bbox 992 2016 1102 2071; x_wconf 87' lang='grc' dir='ltr'><strong>τῶν</strong></span> <span class='ocrx_word' id='word_1_252' title='bbox 1166 2022 1630 2092; x_wconf 80' lang='grc' dir='ltr'>προηγγελμένων</span> <span class='ocrx_word' id='word_1_253' title='bbox 1660 2064 1675 2088; x_wconf 90' lang='grc'><strong>,</strong></span> <span class='ocrx_word' id='word_1_254' title='bbox 1736 2024 2139 2094; x_wconf 84' lang='grc' dir='ltr'>ὲπιγνώσεσθαι</span> <span class='ocrx_word' id='word_1_255' title='bbox 2180 2029 2389 2099; x_wconf 81' lang='grc' dir='ltr'>σαφῶς,</span> <span class='ocrx_word' id='word_1_256' title='bbox 2430 2029 2609 2083; x_wconf 85' lang='grc' dir='ltr'>ὅτιτά</span> <span class='ocrx_word' id='word_1_257' title='bbox 2672 2030 2827 2102; x_wconf 86' lang='grc' dir='ltr'>παρὰ</span> <span class='ocrx_word' id='word_1_258' title='bbox 2889 2030 3026 2084; x_wconf 82' lang='grc' dir='ltr'>Θεοῦ</span> <span class='ocrx_word' id='word_1_259' title='bbox 3068 2032 3213 2101; x_wconf 87' lang='grc' dir='ltr'>σαφῆ</span> <span class='ocrx_word' id='word_1_260' title='bbox 3252 2034 3614 2101; x_wconf 80' lang='grc' dir='ltr'>καταστήσων</span> <span class='ocrx_word' id='word_1_261' title='bbox 3644 2033 3673 2083; x_wconf 89' lang='grc' dir='ltr'><strong>ό</strong></span> <span class='ocrx_word' id='word_1_262' title='bbox 3708 2048 3847 2100; x_wconf 82' lang='grc' dir='ltr'>προ-</span> 
     </span>
    </p>
   </div>
   <div class='ocr_carea' id='block_1_34' title="bbox 560 2105 3845 2195">
    <p class='ocr_par' dir='ltr' id='par_1_34' title="bbox 560 2105 3845 2195">
     <span class='ocr_line' id='line_1_34' title="bbox 560 2105 3845 2195; baseline 0.002 -26"><span class='ocrx_word' id='word_1_263' title='bbox 560 2105 737 2176; x_wconf 80' lang='grc' dir='ltr'>φήτης</span> <span class='ocrx_word' id='word_1_264' title='bbox 758 2108 1063 2180; x_wconf 78' lang='grc' dir='ltr'>ἀπεστάλη,</span> <span class='ocrx_word' id='word_1_265' title='bbox 1093 2112 1187 2165; x_wconf 84' lang='grc' dir='ltr'>καὶ</span> <span class='ocrx_word' id='word_1_266' title='bbox 1214 2113 1333 2183; x_wconf 74' lang='grc' dir='ltr'>οὐχὶ</span> <span class='ocrx_word' id='word_1_267' title='bbox 1360 2114 1425 2184; x_wconf 82' lang='grc' dir='ltr'><strong>δὴ</strong></span> <span class='ocrx_word' id='word_1_268' title='bbox 1459 2115 1659 2186; x_wconf 81' lang='grc' dir='ltr'>μᾶλλον</span> <span class='ocrx_word' id='word_1_269' title='bbox 1688 2118 1833 2172; x_wconf 86' lang='grc' dir='ltr'><strong>κατά</strong></span> <span class='ocrx_word' id='word_1_270' title='bbox 1850 2137 2005 2183; x_wconf 88' lang='grc' dir='ltr'>τινας</span> <span class='ocrx_word' id='word_1_271' title='bbox 2031 2121 2140 2175; x_wconf 90' lang='grc' dir='ltr'><strong>τῶν</strong></span> <span class='ocrx_word' id='word_1_272' title='bbox 2176 2122 2494 2192; x_wconf 81' lang='grc' dir='ltr'>ψευδοεπεῖν</span> <span class='ocrx_word' id='word_1_273' title='bbox 2558 2123 2851 2187; x_wconf 73' lang='grc' dir='ltr'>εἰωθότων,</span> <span class='ocrx_word' id='word_1_274' title='bbox 2869 2123 2940 2177; x_wconf 80' lang='grc' dir='ltr'>τὰ</span> <span class='ocrx_word' id='word_1_275' title='bbox 2964 2124 3073 2178; x_wconf 78' lang='grc' dir='ltr'><strong>ἀπὸ</strong></span> <span class='ocrx_word' id='word_1_276' title='bbox 3129 2125 3359 2195; x_wconf 78' lang='grc' dir='ltr'>καρδίας</span> <span class='ocrx_word' id='word_1_277' title='bbox 3379 2126 3567 2188; x_wconf 84' lang='grc' dir='ltr'>αὐτοῖς</span> <span class='ocrx_word' id='word_1_278' title='bbox 3597 2124 3845 2194; x_wconf 83' lang='grc' dir='ltr'>λαλήσει,</span> 
     </span>
    </p>
   </div>
   <div class='ocr_carea' id='block_1_35' title="bbox 557 2198 3847 2287">
    <p class='ocr_par' dir='ltr' id='par_1_35' title="bbox 557 2198 3847 2287">
     <span class='ocr_line' id='line_1_35' title="bbox 557 2198 3847 2287; baseline 0.005 -36"><span class='ocrx_word' id='word_1_279' title='bbox 557 2198 650 2251; x_wconf 78' lang='grc' dir='ltr'><strong>καὶ</strong></span> <span class='ocrx_word' id='word_1_280' title='bbox 680 2198 884 2271; x_wconf 84' lang='grc' dir='ltr'>ἀληθὴς</span> <span class='ocrx_word' id='word_1_281' title='bbox 904 2200 959 2254; x_wconf 85' lang='grc' dir='ltr'>δὲ</span> <span class='ocrx_word' id='word_1_282' title='bbox 990 2202 1210 2271; x_wconf 79' lang='grc' dir='ltr'>μᾶλλον,</span> <span class='ocrx_word' id='word_1_283' title='bbox 1240 2206 1335 2257; x_wconf 74' lang='grc' dir='ltr'>καὶ</span> <span class='ocrx_word' id='word_1_284' title='bbox 1361 2206 1423 2258; x_wconf 86' lang='grc' dir='ltr'><strong>ού</strong></span> <span class='ocrx_word' id='word_1_285' title='bbox 1449 2205 1834 2277; x_wconf 76' lang='grc' dir='ltr'>ψευδάγγελος.</span> <span class='ocrx_word' id='word_1_286' title='bbox 1867 2210 2014 2282; x_wconf 78' lang='grc' dir='ltr'>Αὕτη</span> <span class='ocrx_word' id='word_1_287' title='bbox 2042 2212 2138 2282; x_wconf 83' lang='grc' dir='ltr'><strong>μὲν</strong></span> <span class='ocrx_word' id='word_1_288' title='bbox 2172 2213 2206 2284; x_wconf 85' lang='grc' dir='ltr'><strong>ή</strong></span> <span class='ocrx_word' id='word_1_289' title='bbox 2272 2215 2597 2287; x_wconf 80' lang='grc' dir='ltr'>ἑτοιμοτάτη</span> <span class='ocrx_word' id='word_1_290' title='bbox 2651 2214 2746 2268; x_wconf 75' lang='grc' dir='ltr'>καὶ</span> <span class='ocrx_word' id='word_1_291' title='bbox 2780 2214 3073 2286; x_wconf 86' lang='grc' dir='ltr'>πρόχειρος</span> <span class='ocrx_word' id='word_1_292' title='bbox 3118 2216 3227 2269; x_wconf 88' lang='grc' dir='ltr'><strong>τῶν</strong></span> <span class='ocrx_word' id='word_1_293' title='bbox 3272 2217 3329 2269; x_wconf 82' lang='grc' dir='ltr'>ὲν</span> <span class='ocrx_word' id='word_1_294' title='bbox 3365 2215 3631 2287; x_wconf 76' lang='grc' dir='ltr'>ἱστορίαις</span> <span class='ocrx_word' id='word_1_295' title='bbox 3704 2217 3847 2269; x_wconf 84' lang='grc' dir='ltr'>ἀπό-</span> 
     </span>
    </p>
   </div>
   <div class='ocr_carea' id='block_1_36' title="bbox 554 2292 720 2356">
    <p class='ocr_par' dir='ltr' id='par_1_36' title="bbox 554 2292 720 2356">
     <span class='ocr_line' id='line_1_36' title="bbox 554 2292 720 2356; baseline 0.018 -12"><span class='ocrx_word' id='word_1_296' title='bbox 554 2292 720 2356; x_wconf 84' lang='grc' dir='ltr'>δοσις.</span> 
     </span>
    </p>
   </div>
   <div class='ocr_carea' id='block_1_37' title="bbox 628 2380 2142 2476">
    <p class='ocr_par' dir='ltr' id='par_1_37' title="bbox 628 2386 2139 2465">
     <span class='ocr_line' id='line_1_37' title="bbox 628 2386 2139 2465; baseline 0.011 -25"><span class='ocrx_word' id='word_1_297' title='bbox 628 2386 846 2441; x_wconf 85' lang='lat' dir='ltr'><strong>Certum</strong></span> <span class='ocrx_word' id='word_1_298' title='bbox 900 2398 985 2445; x_wconf 89' lang='lat' dir='ltr'><strong>est</strong></span> <span class='ocrx_word' id='word_1_299' title='bbox 1042 2405 1226 2460; x_wconf 89' lang='lat' dir='ltr'><strong>porro,</strong></span> <span class='ocrx_word' id='word_1_300' title='bbox 1284 2394 1659 2452; x_wconf 87' lang='lat' dir='ltr'><strong>dubitaturum</strong></span> <span class='ocrx_word' id='word_1_301' title='bbox 1717 2401 2013 2465; x_wconf 88' lang='lat' dir='ltr'><strong>neminem,</strong></span> <span class='ocrx_word' id='word_1_302' title='bbox 2072 2401 2139 2456; x_wconf 88' lang='lat' dir='ltr'><strong>ad</strong></span> 
     </span>
    </p>
   </div>
   <div class='ocr_carea' id='block_1_38' title="bbox 2248 2380 3848 2476">
    <p class='ocr_par' dir='ltr' id='par_1_38' title="bbox 2314 2402 3848 2476">
     <span class='ocr_line' id='line_1_38' title="bbox 2314 2402 3848 2476; baseline 0.001 -21"><span class='ocrx_word' id='word_1_303' title='bbox 2314 2402 2485 2474; x_wconf 87' lang='grc' dir='ltr'>Δῆλον</span> <span class='ocrx_word' id='word_1_304' title='bbox 2517 2402 2575 2456; x_wconf 84' lang='grc' dir='ltr'>δὲ</span> <span class='ocrx_word' id='word_1_305' title='bbox 2606 2404 2688 2457; x_wconf 86' lang='grc' dir='ltr'><strong>ὅτι</strong></span> <span class='ocrx_word' id='word_1_306' title='bbox 2722 2402 2784 2457; x_wconf 78' lang='grc' dir='ltr'><strong>τὸ</strong></span> <span class='ocrx_word' id='word_1_307' title='bbox 2812 2403 3002 2476; x_wconf 86' lang='grc' dir='ltr'>χρῆμα</span> <span class='ocrx_word' id='word_1_308' title='bbox 3041 2404 3103 2456; x_wconf 84' lang='grc' dir='ltr'><strong>τὸ</strong></span> <span class='ocrx_word' id='word_1_309' title='bbox 3152 2402 3392 2473; x_wconf 76' lang='grc' dir='ltr'>Χριστοῦ</span> <span class='ocrx_word' id='word_1_310' title='bbox 3431 2405 3755 2473; x_wconf 86' lang='grc' dir='ltr'>μυστήριον,</span> <span class='ocrx_word' id='word_1_311' title='bbox 3792 2407 3848 2456; x_wconf 86' lang='grc' dir='ltr'>εἰ</span> 
     </span>
    </p>
   </div>
   <div class='ocr_carea' id='block_1_39' title="bbox 556 2479 2142 2565">
    <p class='ocr_par' dir='ltr' id='par_1_39' title="bbox 556 2479 2139 2564">
     <span class='ocr_line' id='line_1_39' title="bbox 556 2479 2139 2564; baseline 0.014 -38"><span class='ocrx_word' id='word_1_312' title='bbox 556 2479 757 2534; x_wconf 77' lang='lat' dir='ltr'><strong>Christi</strong></span> <span class='ocrx_word' id='word_1_313' title='bbox 789 2482 1105 2550; x_wconf 85' lang='lat' dir='ltr'><strong>mysterium</strong></span> <span class='ocrx_word' id='word_1_314' title='bbox 1138 2500 1252 2539; x_wconf 89' lang='lat' dir='ltr'><strong>rem</strong></span> <span class='ocrx_word' id='word_1_315' title='bbox 1282 2498 1550 2557; x_wconf 90' lang='lat' dir='ltr'><strong>spectare,</strong></span> <span class='ocrx_word' id='word_1_316' title='bbox 1587 2491 1632 2545; x_wconf 93' lang='lat' dir='ltr'><strong>si</strong></span> <span class='ocrx_word' id='word_1_317' title='bbox 1669 2492 1805 2547; x_wconf 89' lang='lat' dir='ltr'><strong>bene</strong></span> <span class='ocrx_word' id='word_1_318' title='bbox 1832 2493 2139 2564; x_wconf 88' lang='lat' dir='ltr'><strong>indagetur.</strong></span> 
     </span>
    </p>
   </div>
   <div class='ocr_carea' id='block_1_40' title="bbox 2248 2479 3849 2565">
    <p class='ocr_par' dir='ltr' id='par_1_40' title="bbox 2251 2494 3849 2565">
     <span class='ocr_line' id='line_1_40' title="bbox 2251 2494 3849 2565; baseline 0.001 -18"><span class='ocrx_word' id='word_1_319' title='bbox 2251 2495 2520 2565; x_wconf 84' lang='grc' dir='ltr'>ὲρευνῷτο</span> <span class='ocrx_word' id='word_1_320' title='bbox 2567 2495 2769 2561; x_wconf 87' lang='grc' dir='ltr'>καλῶς,</span> <span class='ocrx_word' id='word_1_321' title='bbox 2801 2496 2904 2550; x_wconf 81' lang='grc' dir='ltr'><strong>οὐκ</strong></span> <span class='ocrx_word' id='word_1_322' title='bbox 2936 2495 3003 2549; x_wconf 81' lang='grc' dir='ltr'>ἂν</span> <span class='ocrx_word' id='word_1_323' title='bbox 3036 2495 3328 2549; x_wconf 83' lang='grc' dir='ltr'>ὲνδοιάσειέ</span> <span class='ocrx_word' id='word_1_324' title='bbox 3373 2512 3479 2558; x_wconf 83' lang='grc' dir='ltr'>τις.</span> <span class='ocrx_word' id='word_1_325' title='bbox 3518 2494 3849 2548; x_wconf 77' lang='grc' dir='ltr'>Διεδεὸαιώ-</span> 
     </span>
    </p>
   </div>
   <div class='ocr_carea' id='block_1_41' title="bbox 554 2568 2142 2656">
    <p class='ocr_par' dir='ltr' id='par_1_41' title="bbox 554 2568 2142 2645">
     <span class='ocr_line' id='line_1_41' title="bbox 554 2568 2142 2645; baseline 0.013 -27"><span class='ocrx_word' id='word_1_326' title='bbox 554 2568 1007 2627; x_wconf 80' lang='lat' dir='ltr'><strong>Conﬁrmavimus</strong></span> <span class='ocrx_word' id='word_1_327' title='bbox 1052 2575 1195 2629; x_wconf 90' lang='lat' dir='ltr'><strong>enim</strong></span> <span class='ocrx_word' id='word_1_328' title='bbox 1277 2576 1345 2631; x_wconf 90' lang='lat' dir='ltr'><strong>ab</strong></span> <span class='ocrx_word' id='word_1_329' title='bbox 1413 2579 1587 2645; x_wconf 87' lang='lat' dir='ltr'><strong>initio,</strong></span> <span class='ocrx_word' id='word_1_330' title='bbox 1634 2580 1688 2635; x_wconf 91' lang='lat' dir='ltr'><strong>in</strong></span> <span class='ocrx_word' id='word_1_331' title='bbox 1741 2581 2034 2638; x_wconf 84' lang='lat' dir='ltr'><strong>Zorobabel</strong></span> <span class='ocrx_word' id='word_1_332' title='bbox 2090 2592 2142 2639; x_wconf 90' lang='lat' dir='ltr'><strong>et</strong></span> 
     </span>
    </p>
   </div>
   <div class='ocr_carea' id='block_1_42' title="bbox 2248 2568 3851 2656">
    <p class='ocr_par' dir='ltr' id='par_1_42' title="bbox 2253 2582 3851 2656">
     <span class='ocr_line' id='line_1_42' title="bbox 2253 2582 3851 2656; baseline -0.001 -19"><span class='ocrx_word' id='word_1_333' title='bbox 2253 2584 2393 2654; x_wconf 90' lang='grc' dir='ltr'>μεθα</span> <span class='ocrx_word' id='word_1_334' title='bbox 2420 2584 2528 2656; x_wconf 82' lang='grc' dir='ltr'>γὰρ</span> <span class='ocrx_word' id='word_1_335' title='bbox 2554 2584 2613 2649; x_wconf 76' lang='grc' dir='ltr'><strong>ἐξ</strong></span> <span class='ocrx_word' id='word_1_336' title='bbox 2642 2585 2836 2656; x_wconf 83' lang='grc' dir='ltr'>ἀρχῆς,</span> <span class='ocrx_word' id='word_1_337' title='bbox 2882 2585 2959 2648; x_wconf 84' lang='grc' dir='ltr'>ὡς</span> <span class='ocrx_word' id='word_1_338' title='bbox 2993 2586 3049 2637; x_wconf 78' lang='grc' dir='ltr'>ἐν</span> <span class='ocrx_word' id='word_1_339' title='bbox 3081 2602 3147 2654; x_wconf 89' lang='grc' dir='ltr'><strong>γε</strong></span> <span class='ocrx_word' id='word_1_340' title='bbox 3179 2584 3256 2655; x_wconf 85' lang='grc' dir='ltr'><strong>τῷ</strong></span> <span class='ocrx_word' id='word_1_341' title='bbox 3298 2584 3603 2655; x_wconf 75' lang='grc' dir='ltr'>Ζοροϐάϐελ</span> <span class='ocrx_word' id='word_1_342' title='bbox 3624 2582 3718 2638; x_wconf 72' lang='grc' dir='ltr'><strong>καλ</strong></span> <span class='ocrx_word' id='word_1_343' title='bbox 3744 2585 3851 2655; x_wconf 77' lang='grc' dir='ltr'><strong>μέν</strong></span> 
     </span>
    </p>
   </div>
   <div class='ocr_carea' id='block_1_43' title="bbox 554 2659 2142 2749">
    <p class='ocr_par' dir='ltr' id='par_1_43' title="bbox 554 2659 2142 2743">
     <span class='ocr_line' id='line_1_43' title="bbox 554 2659 2142 2743; baseline 0.01 -30"><span class='ocrx_word' id='word_1_344' title='bbox 554 2659 681 2715; x_wconf 85' lang='lat' dir='ltr'><strong>Jesu</strong></span> <span class='ocrx_word' id='word_1_345' title='bbox 705 2661 1057 2719; x_wconf 80' lang='lat' dir='ltr'><strong>informatum</strong></span> <span class='ocrx_word' id='word_1_346' title='bbox 1084 2680 1206 2722; x_wconf 88' lang='lat' dir='ltr'><strong>esse</strong></span> <span class='ocrx_word' id='word_1_347' title='bbox 1230 2667 1531 2736; x_wconf 86' lang='lat' dir='ltr'><strong>Christum,</strong></span> <span class='ocrx_word' id='word_1_348' title='bbox 1556 2673 1898 2743; x_wconf 87' lang='lat' dir='ltr'><strong>etsigillatim</strong></span> <span class='ocrx_word' id='word_1_349' title='bbox 1922 2674 1974 2728; x_wconf 90' lang='lat' dir='ltr'><strong>in</strong></span> <span class='ocrx_word' id='word_1_350' title='bbox 1995 2666 2142 2729; x_wconf 87' lang='lat' dir='ltr'><strong>utro-</strong></span> 
     </span>
    </p>
   </div>
   <div class='ocr_carea' id='block_1_44' title="bbox 2248 2659 3844 2749">
    <p class='ocr_par' dir='ltr' id='par_1_44' title="bbox 2248 2675 3844 2749">
     <span class='ocr_line' id='line_1_44' title="bbox 2248 2675 3844 2749; baseline 0.001 -19"><span class='ocrx_word' id='word_1_351' title='bbox 2248 2693 2352 2744; x_wconf 89' lang='grc' dir='ltr'>τοι,</span> <span class='ocrx_word' id='word_1_352' title='bbox 2382 2675 2662 2747; x_wconf 64' lang='grc' dir='ltr'>καῖ’ῐησοῦ</span> <span class='ocrx_word' id='word_1_353' title='bbox 2685 2676 3178 2749; x_wconf 88' lang='grc' dir='ltr'>διαμεμορφῶσθαι</span> <span class='ocrx_word' id='word_1_354' title='bbox 3202 2676 3455 2748; x_wconf 84' lang='grc' dir='ltr'>Χριστὸν,</span> <span class='ocrx_word' id='word_1_355' title='bbox 3490 2677 3585 2730; x_wconf 76' lang='grc' dir='ltr'><strong>καὶ</strong></span> <span class='ocrx_word' id='word_1_356' title='bbox 3609 2676 3713 2731; x_wconf 84' lang='grc' dir='ltr'><strong>ἀνά</strong></span> <span class='ocrx_word' id='word_1_357' title='bbox 3740 2678 3844 2747; x_wconf 86' lang='grc' dir='ltr'>μέ-</span> 
     </span>
    </p>
   </div>
   <div class='ocr_carea' id='block_1_45' title="bbox 555 2753 2141 2831">
    <p class='ocr_par' dir='ltr' id='par_1_45' title="bbox 555 2753 2141 2831">
     <span class='ocr_line' id='line_1_45' title="bbox 555 2753 2141 2831; baseline 0.012 -30"><span class='ocrx_word' id='word_1_358' title='bbox 555 2753 657 2817; x_wconf 85' lang='lat' dir='ltr'><strong>vis,</strong></span> <span class='ocrx_word' id='word_1_359' title='bbox 686 2763 742 2809; x_wconf 88' lang='lat' dir='ltr'><strong>et</strong></span> <span class='ocrx_word' id='word_1_360' title='bbox 767 2754 820 2809; x_wconf 88' lang='lat' dir='ltr'><strong>in</strong></span> <span class='ocrx_word' id='word_1_361' title='bbox 850 2755 1113 2813; x_wconf 86' lang='lat' dir='ltr'><strong>ambobus</strong></span> <span class='ocrx_word' id='word_1_362' title='bbox 1137 2761 1492 2831; x_wconf 88' lang='lat' dir='ltr'><strong>conjunctim,</strong></span> <span class='ocrx_word' id='word_1_363' title='bbox 1553 2771 1613 2817; x_wconf 91' lang='lat' dir='ltr'><strong>ut</strong></span> <span class='ocrx_word' id='word_1_364' title='bbox 1641 2780 1830 2818; x_wconf 86' lang='lat' dir='ltr'><strong>unum.</strong></span> <span class='ocrx_word' id='word_1_365' title='bbox 1861 2765 1959 2822; x_wconf 85' lang='lat' dir='ltr'><strong>Est</strong></span> <span class='ocrx_word' id='word_1_366' title='bbox 1996 2766 2141 2821; x_wconf 89' lang='lat' dir='ltr'><strong>enim</strong></span> 
     </span>
    </p>
   </div>
   <div class='ocr_carea' id='block_1_46' title="bbox 553 2844 2143 2923">
    <p class='ocr_par' dir='ltr' id='par_1_46' title="bbox 553 2844 2143 2923">
     <span class='ocr_line' id='line_1_46' title="bbox 553 2844 2143 2923; baseline 0.009 -26"><span class='ocrx_word' id='word_1_367' title='bbox 553 2844 694 2898; x_wconf 89' lang='lat' dir='ltr'><strong>idem</strong></span> <span class='ocrx_word' id='word_1_368' title='bbox 719 2855 774 2900; x_wconf 93' lang='lat' dir='ltr'><strong>et</strong></span> <span class='ocrx_word' id='word_1_369' title='bbox 842 2862 939 2902; x_wconf 80' lang='lat' dir='ltr'><strong>rex</strong></span> <span class='ocrx_word' id='word_1_370' title='bbox 974 2847 1164 2914; x_wconf 87' lang='lat' dir='ltr'><strong>Israel,</strong></span> <span class='ocrx_word' id='word_1_371' title='bbox 1189 2860 1245 2907; x_wconf 92' lang='lat' dir='ltr'><strong>et</strong></span> <span class='ocrx_word' id='word_1_372' title='bbox 1306 2867 1535 2922; x_wconf 84' lang='lat' dir='ltr'><strong>magnus</strong></span> <span class='ocrx_word' id='word_1_373' title='bbox 1593 2856 1873 2923; x_wconf 86' lang='lat' dir='ltr'><strong>sacerdos,</strong></span> <span class='ocrx_word' id='word_1_374' title='bbox 1929 2872 1950 2909; x_wconf 81' lang='grc' dir='ltr'><strong>ι</strong></span> <span class='ocrx_word' id='word_1_375' title='bbox 2005 2857 2143 2913; x_wconf 91' lang='lat' dir='ltr'><strong>San-</strong></span> 
     </span>
    </p>
   </div>
   <div class='ocr_carea' id='block_1_47' title="bbox 551 2940 2144 3014">
    <p class='ocr_par' dir='ltr' id='par_1_47' title="bbox 551 2940 2144 3014">
     <span class='ocr_line' id='line_1_47' title="bbox 551 2940 2144 3014; baseline 0.01 -24"><span class='ocrx_word' id='word_1_376' title='bbox 551 2947 691 3004; x_wconf 86' lang='lat' dir='ltr'><strong>ctus,</strong></span> <span class='ocrx_word' id='word_1_377' title='bbox 719 2940 1000 3006; x_wconf 89' lang='lat' dir='ltr'><strong>innocens,</strong></span> <span class='ocrx_word' id='word_1_378' title='bbox 1050 2942 1367 3014; x_wconf 89' lang='lat' dir='ltr'><strong>impollutus</strong></span> <span class='ocrx_word' id='word_1_379' title='bbox 1414 2947 1477 3001; x_wconf 83' lang='grc'><strong>⁷⁸.</strong></span> <span class='ocrx_word' id='word_1_380' title='bbox 1521 2965 1540 2998; x_wconf 77' lang='grc' dir='ltr'><strong>ι</strong></span> <span class='ocrx_word' id='word_1_381' title='bbox 1598 2946 1866 3014; x_wconf 88' lang='lat' dir='ltr'><strong>Quoniam</strong></span> <span class='ocrx_word' id='word_1_382' title='bbox 1895 2963 2022 3005; x_wconf 88' lang='lat' dir='ltr'><strong>vero</strong></span> <span class='ocrx_word' id='word_1_383' title='bbox 2076 2950 2144 3005; x_wconf 88' lang='lat' dir='ltr'><strong>de</strong></span> 
     </span>
    </p>
   </div>
   <div class='ocr_carea' id='block_1_48' title="bbox 547 3031 2142 3108">
    <p class='ocr_par' dir='ltr' id='par_1_48' title="bbox 547 3031 2142 3108">
     <span class='ocr_line' id='line_1_48' title="bbox 547 3031 2142 3108; baseline 0.009 -25"><span class='ocrx_word' id='word_1_384' title='bbox 547 3032 694 3088; x_wconf 84' lang='lat' dir='ltr'><strong>tribu</strong></span> <span class='ocrx_word' id='word_1_385' title='bbox 730 3031 864 3088; x_wconf 76' lang='lat' dir='ltr'><strong>Iuda</strong></span> <span class='ocrx_word' id='word_1_386' title='bbox 895 3036 1235 3106; x_wconf 88' lang='lat' dir='ltr'><strong>progenerati</strong></span> <span class='ocrx_word' id='word_1_387' title='bbox 1264 3053 1487 3108; x_wconf 87' lang='lat' dir='ltr'><strong>regnum</strong></span> <span class='ocrx_word' id='word_1_388' title='bbox 1550 3041 2041 3107; x_wconf 82' lang='lat' dir='ltr'><strong>administrabant,</strong></span> <span class='ocrx_word' id='word_1_389' title='bbox 2087 3052 2142 3098; x_wconf 89' lang='lat' dir='ltr'><strong>et</strong></span> 
     </span>
    </p>
   </div>
   <div class='ocr_carea' id='block_1_49' title="bbox 547 3123 2140 3196">
    <p class='ocr_par' dir='ltr' id='par_1_49' title="bbox 547 3123 2140 3196">
     <span class='ocr_line' id='line_1_49' title="bbox 547 3123 2140 3196; baseline 0.009 -18"><span class='ocrx_word' id='word_1_390' title='bbox 547 3123 658 3178; x_wconf 84' lang='lat' dir='ltr'><strong>orti</strong></span> <span class='ocrx_word' id='word_1_391' title='bbox 689 3124 757 3178; x_wconf 92' lang='lat' dir='ltr'><strong>de</strong></span> <span class='ocrx_word' id='word_1_392' title='bbox 799 3126 938 3181; x_wconf 90' lang='lat' dir='ltr'><strong>tribu</strong></span> <span class='ocrx_word' id='word_1_393' title='bbox 972 3125 1099 3183; x_wconf 73' lang='grc' dir='ltr'>[ιενὶ</span> <span class='ocrx_word' id='word_1_394' title='bbox 1152 3131 1441 3186; x_wconf 86' lang='lat' dir='ltr'><strong>sacerdotii</strong></span> <span class='ocrx_word' id='word_1_395' title='bbox 1493 3147 1688 3186; x_wconf 89' lang='lat' dir='ltr'><strong>munus</strong></span> <span class='ocrx_word' id='word_1_396' title='bbox 1745 3133 1987 3196; x_wconf 89' lang='lat' dir='ltr'><strong>obibant,</strong></span> <span class='ocrx_word' id='word_1_397' title='bbox 2020 3135 2140 3192; x_wconf 84' lang='lat' dir='ltr'><strong>ideo</strong></span> 
     </span>
    </p>
   </div>
   <div class='ocr_carea' id='block_1_50' title="bbox 553 3217 2136 3296">
    <p class='ocr_par' dir='ltr' id='par_1_50' title="bbox 553 3217 2136 3296">
     <span class='ocr_line' id='line_1_50' title="bbox 553 3217 2136 3296; baseline 0.008 -26"><span class='ocrx_word' id='word_1_398' title='bbox 553 3229 652 3282; x_wconf 85' lang='lat' dir='ltr'><strong>per</strong></span> <span class='ocrx_word' id='word_1_399' title='bbox 676 3217 809 3271; x_wconf 88' lang='lat' dir='ltr'><strong>duos</strong></span> <span class='ocrx_word' id='word_1_400' title='bbox 835 3218 885 3271; x_wconf 93' lang='lat' dir='ltr'><strong>iu</strong></span> <span class='ocrx_word' id='word_1_401' title='bbox 915 3235 1080 3273; x_wconf 90' lang='lat' dir='ltr'><strong>unum</strong></span> <span class='ocrx_word' id='word_1_402' title='bbox 1106 3219 1391 3277; x_wconf 88' lang='lat' dir='ltr'><strong>Dominum</strong></span> <span class='ocrx_word' id='word_1_403' title='bbox 1426 3224 1869 3290; x_wconf 71' lang='lat' dir='ltr'><strong>transfer-matur,</strong></span> <span class='ocrx_word' id='word_1_404' title='bbox 1896 3236 2136 3296; x_wconf 87' lang='lat' dir='ltr'><strong>utpatet.</strong></span> 
     </span>
    </p>
   </div>
   <div class='ocr_carea' id='block_1_51' title="bbox 552 3309 2139 3383">
    <p class='ocr_par' dir='ltr' id='par_1_51' title="bbox 552 3309 2139 3383">
     <span class='ocr_line' id='line_1_51' title="bbox 552 3309 2139 3383; baseline 0.01 -21"><span class='ocrx_word' id='word_1_405' title='bbox 552 3309 730 3374; x_wconf 84' lang='lat' dir='ltr'><strong>Quare</strong></span> <span class='ocrx_word' id='word_1_406' title='bbox 784 3311 826 3365; x_wconf 86' lang='lat' dir='ltr'><strong>si</strong></span> <span class='ocrx_word' id='word_1_407' title='bbox 885 3313 1031 3366; x_wconf 89' lang='lat' dir='ltr'><strong>dicat</strong></span> <span class='ocrx_word' id='word_1_408' title='bbox 1078 3313 1218 3369; x_wconf 91' lang='lat' dir='ltr'><strong>Deus</strong></span> <span class='ocrx_word' id='word_1_409' title='bbox 1279 3316 1356 3371; x_wconf 88' lang='lat' dir='ltr'><strong>de&#39;</strong></span> <span class='ocrx_word' id='word_1_410' title='bbox 1404 3316 1731 3383; x_wconf 87' lang='lat' dir='ltr'><strong>Zorobabel,</strong></span> <span class='ocrx_word' id='word_1_411' title='bbox 1769 3338 1787 3370; x_wconf 75' lang='grc' dir='ltr'><strong>ι</strong></span> <span class='ocrx_word' id='word_1_412' title='bbox 1823 3320 2013 3375; x_wconf 85' lang='lat' dir='ltr'><strong>Manus</strong></span> <span class='ocrx_word' id='word_1_413' title='bbox 2039 3323 2139 3378; x_wconf 81' lang='lat' dir='ltr'><strong>Zo-</strong></span> 
     </span>
    </p>
   </div>
   <div class='ocr_carea' id='block_1_52' title="bbox 553 3402 2141 3485">
    <p class='ocr_par' dir='ltr' id='par_1_52' title="bbox 553 3402 2141 3485">
     <span class='ocr_line' id='line_1_52' title="bbox 553 3402 2141 3485; baseline 0.011 -31"><span class='ocrx_word' id='word_1_414' title='bbox 553 3402 776 3458; x_wconf 84' lang='lat' dir='ltr'><strong>robabel</strong></span> <span class='ocrx_word' id='word_1_415' title='bbox 803 3404 1101 3461; x_wconf 82' lang='lat' dir='ltr'><strong>fundarunt</strong></span> <span class='ocrx_word' id='word_1_416' title='bbox 1121 3408 1343 3463; x_wconf 91' lang='lat' dir='ltr'><strong>domum</strong></span> <span class='ocrx_word' id='word_1_417' title='bbox 1370 3410 1549 3476; x_wconf 89' lang='lat' dir='ltr'><strong>istam,</strong></span> <span class='ocrx_word' id='word_1_418' title='bbox 1580 3420 1637 3466; x_wconf 91' lang='lat' dir='ltr'><strong>et</strong></span> <span class='ocrx_word' id='word_1_419' title='bbox 1666 3427 1858 3469; x_wconf 85' lang='lat' dir='ltr'><strong>manus</strong></span> <span class='ocrx_word' id='word_1_420' title='bbox 1886 3415 2003 3483; x_wconf 89' lang='lat' dir='ltr'><strong>ejus</strong></span> <span class='ocrx_word' id='word_1_421' title='bbox 2028 3431 2141 3485; x_wconf 88' lang='lat' dir='ltr'><strong>per-</strong></span> 
     </span>
    </p>
   </div>
   <div class='ocr_carea' id='block_1_53' title="bbox 554 3496 2137 3572">
    <p class='ocr_par' dir='ltr' id='par_1_53' title="bbox 554 3496 2137 3572">
     <span class='ocr_line' id='line_1_53' title="bbox 554 3496 2137 3572; baseline 0.01 -25"><span class='ocrx_word' id='word_1_422' title='bbox 554 3496 729 3549; x_wconf 81' lang='lat' dir='ltr'><strong>ficient</strong></span> <span class='ocrx_word' id='word_1_423' title='bbox 793 3512 911 3551; x_wconf 90' lang='lat' dir='ltr'><strong>eam</strong></span> <span class='ocrx_word' id='word_1_424' title='bbox 932 3499 1001 3563; x_wconf 84' lang='lat'><strong>&quot;,</strong></span> <span class='ocrx_word' id='word_1_425' title='bbox 1035 3519 1053 3550; x_wconf 73' lang='grc' dir='ltr'><strong>ι</strong></span> <span class='ocrx_word' id='word_1_426' title='bbox 1094 3501 1351 3557; x_wconf 86' lang='lat' dir='ltr'><strong>historice</strong></span> <span class='ocrx_word' id='word_1_427' title='bbox 1388 3503 1604 3572; x_wconf 86' lang='lat' dir='ltr'><strong>quidem</strong></span> <span class='ocrx_word' id='word_1_428' title='bbox 1632 3505 1698 3559; x_wconf 91' lang='lat' dir='ltr'><strong>de</strong></span> <span class='ocrx_word' id='word_1_429' title='bbox 1726 3518 1792 3559; x_wconf 90' lang='lat' dir='ltr'><strong>eo</strong></span> <span class='ocrx_word' id='word_1_430' title='bbox 1820 3506 2027 3561; x_wconf 83' lang='lat' dir='ltr'><strong>dictum</strong></span> <span class='ocrx_word' id='word_1_431' title='bbox 2046 3522 2137 3563; x_wconf 83' lang='lat' dir='ltr'><strong>ac-</strong></span> 
     </span>
    </p>
   </div>
   <div class='ocr_carea' id='block_1_54' title="bbox 552 3587 2138 3666">
    <p class='ocr_par' dir='ltr' id='par_1_54' title="bbox 552 3587 2138 3666">
     <span class='ocr_line' id='line_1_54' title="bbox 552 3587 2138 3666; baseline 0.013 -31"><span class='ocrx_word' id='word_1_432' title='bbox 552 3587 757 3656; x_wconf 83' lang='lat' dir='ltr'><strong>cipies;</strong></span> <span class='ocrx_word' id='word_1_433' title='bbox 794 3590 1090 3645; x_wconf 89' lang='lat' dir='ltr'><strong>secundum</strong></span> <span class='ocrx_word' id='word_1_434' title='bbox 1149 3592 1294 3648; x_wconf 89' lang='lat' dir='ltr'><strong>aliud</strong></span> <span class='ocrx_word' id='word_1_435' title='bbox 1337 3608 1465 3649; x_wconf 87' lang='lat' dir='ltr'><strong>vero</strong></span> <span class='ocrx_word' id='word_1_436' title='bbox 1520 3597 1663 3664; x_wconf 86' lang='lat' dir='ltr'><strong>quod</strong></span> <span class='ocrx_word' id='word_1_437' title='bbox 1689 3597 2027 3666; x_wconf 86' lang='lat' dir='ltr'><strong>intelligitur,</strong></span> <span class='ocrx_word' id='word_1_438' title='bbox 2072 3601 2138 3656; x_wconf 88' lang='lat' dir='ltr'><strong>ad</strong></span> 
     </span>
    </p>
   </div>
   <div class='ocr_carea' id='block_1_55' title="bbox 552 3678 2139 3750">
    <p class='ocr_par' dir='ltr' id='par_1_55' title="bbox 552 3678 2139 3750">
     <span class='ocr_line' id='line_1_55' title="bbox 552 3678 2139 3750; baseline 0.009 -18"><span class='ocrx_word' id='word_1_439' title='bbox 552 3678 828 3732; x_wconf 81' lang='lat' dir='ltr'><strong>Christum</strong></span> <span class='ocrx_word' id='word_1_440' title='bbox 866 3682 1088 3738; x_wconf 83' lang='lat' dir='ltr'><strong>referes.</strong></span> <span class='ocrx_word' id='word_1_441' title='bbox 1120 3684 1235 3750; x_wconf 83' lang='lat' dir='ltr'><strong>Ipse</strong></span> <span class='ocrx_word' id='word_1_442' title='bbox 1260 3685 1403 3739; x_wconf 90' lang='lat' dir='ltr'><strong>enim</strong></span> <span class='ocrx_word' id='word_1_443' title='bbox 1461 3685 1634 3742; x_wconf 86' lang='lat' dir='ltr'><strong>factus</strong></span> <span class='ocrx_word' id='word_1_444' title='bbox 1668 3696 1755 3743; x_wconf 87' lang='lat' dir='ltr'><strong>est</strong></span> <span class='ocrx_word' id='word_1_445' title='bbox 1805 3690 1962 3744; x_wconf 89' lang='lat' dir='ltr'><strong>nobis</strong></span> <span class='ocrx_word' id='word_1_446' title='bbox 2012 3690 2139 3745; x_wconf 88' lang='lat' dir='ltr'><strong>fun-</strong></span> 
     </span>
    </p>
   </div>
   <div class='ocr_carea' id='block_1_56' title="bbox 2252 2768 3848 2841">
    <p class='ocr_par' dir='ltr' id='par_1_56' title="bbox 2252 2768 3848 2841">
     <span class='ocr_line' id='line_1_56' title="bbox 2252 2768 3848 2841; baseline 0.001 -19"><span class='ocrx_word' id='word_1_447' title='bbox 2252 2787 2343 2841; x_wconf 85' lang='grc' dir='ltr'><strong>ρος</strong></span> <span class='ocrx_word' id='word_1_448' title='bbox 2376 2771 2435 2823; x_wconf 84' lang='grc' dir='ltr'>ὲν</span> <span class='ocrx_word' id='word_1_449' title='bbox 2461 2769 2731 2841; x_wconf 79' lang='grc' dir='ltr'>ἐκατέρῳ,</span> <span class='ocrx_word' id='word_1_450' title='bbox 2761 2770 2858 2823; x_wconf 73' lang='grc' dir='ltr'><strong>καὶ</strong></span> <span class='ocrx_word' id='word_1_451' title='bbox 2899 2771 2959 2823; x_wconf 84' lang='grc' dir='ltr'>ὲν</span> <span class='ocrx_word' id='word_1_452' title='bbox 3006 2769 3211 2839; x_wconf 81' lang='grc' dir='ltr'>ἀμφοῖν</span> <span class='ocrx_word' id='word_1_453' title='bbox 3252 2768 3575 2839; x_wconf 82' lang='grc' dir='ltr'>συλλήϐδην.</span> <span class='ocrx_word' id='word_1_454' title='bbox 3605 2769 3682 2833; x_wconf 83' lang='grc' dir='ltr'>ὡς</span> <span class='ocrx_word' id='word_1_455' title='bbox 3725 2770 3848 2825; x_wconf 75' lang='grc' dir='ltr'>ἕνα.</span> 
     </span>
    </p>
   </div>
   <div class='ocr_carea' id='block_1_57' title="bbox 2252 2860 3886 2934">
    <p class='ocr_par' dir='ltr' id='par_1_57' title="bbox 2252 2860 3886 2934">
     <span class='ocr_line' id='line_1_57' title="bbox 2252 2860 3886 2934; baseline 0.001 -19"><span class='ocrx_word' id='word_1_456' title='bbox 2252 2860 2411 2915; x_wconf 86' lang='grc' dir='ltr'>Ἐστι</span> <span class='ocrx_word' id='word_1_457' title='bbox 2440 2862 2549 2934; x_wconf 83' lang='grc' dir='ltr'>γὰρ</span> <span class='ocrx_word' id='word_1_458' title='bbox 2574 2862 2633 2915; x_wconf 82' lang='grc' dir='ltr'>ὲν</span> <span class='ocrx_word' id='word_1_459' title='bbox 2664 2861 2848 2934; x_wconf 82' lang='grc' dir='ltr'>ταυτῷ</span> <span class='ocrx_word' id='word_1_460' title='bbox 2892 2863 2988 2917; x_wconf 81' lang='grc' dir='ltr'>καὶ</span> <span class='ocrx_word' id='word_1_461' title='bbox 3037 2861 3293 2932; x_wconf 80' lang='grc' dir='ltr'>βασιλεὺς</span> <span class='ocrx_word' id='word_1_462' title='bbox 3338 2861 3429 2916; x_wconf 83' lang='grc' dir='ltr'><strong>τοῦ</strong></span> <span class='ocrx_word' id='word_1_463' title='bbox 3463 2863 3702 2934; x_wconf 81' lang='grc' dir='ltr'>Ἰσραὴλ,</span> <span class='ocrx_word' id='word_1_464' title='bbox 3751 2863 3886 2916; x_wconf 62' lang='grc' dir='ltr'>καῖ’</span> 
     </span>
    </p>
   </div>
   <div class='ocr_carea' id='block_1_58' title="bbox 2251 2953 3846 3026">
    <p class='ocr_par' dir='ltr' id='par_1_58' title="bbox 2251 2953 3846 3026">
     <span class='ocr_line' id='line_1_58' title="bbox 2251 2953 3846 3026; baseline -0.001 -17"><span class='ocrx_word' id='word_1_465' title='bbox 2251 2953 2426 3025; x_wconf 84' lang='grc' dir='ltr'>μέγας</span> <span class='ocrx_word' id='word_1_466' title='bbox 2489 2954 2802 3026; x_wconf 81' lang='grc' dir='ltr'>ἀρχιερεὺς,</span> <span class='ocrx_word' id='word_1_467' title='bbox 2866 2974 2884 3006; x_wconf 82' lang='grc' dir='ltr'><strong>ι</strong></span> <span class='ocrx_word' id='word_1_468' title='bbox 2916 2956 3138 3021; x_wconf 90' lang='grc' dir='ltr'>Ὄσιος,</span> <span class='ocrx_word' id='word_1_469' title='bbox 3191 2954 3435 3019; x_wconf 80' lang='grc' dir='ltr'>ἄκακος,</span> <span class='ocrx_word' id='word_1_470' title='bbox 3492 2954 3778 3025; x_wconf 78' lang='grc' dir='ltr'>ἀμίαντος.</span> <span class='ocrx_word' id='word_1_471' title='bbox 3825 2973 3846 3007; x_wconf 73' lang='grc' dir='ltr'><strong>ι</strong></span> 
     </span>
    </p>
   </div>
   <div class='ocr_carea' id='block_1_59' title="bbox 2260 3043 3853 3115">
    <p class='ocr_par' dir='ltr' id='par_1_59' title="bbox 2260 3043 3853 3115">
     <span class='ocr_line' id='line_1_59' title="bbox 2260 3043 3853 3115; baseline 0.001 -18"><span class='ocrx_word' id='word_1_472' title='bbox 2260 3043 2479 3114; x_wconf 84' lang='grc' dir='ltr'>Ἐπειδὴ</span> <span class='ocrx_word' id='word_1_473' title='bbox 2506 3044 2564 3099; x_wconf 79' lang='grc' dir='ltr'>δὲ</span> <span class='ocrx_word' id='word_1_474' title='bbox 2587 3044 2637 3097; x_wconf 77' lang='grc' dir='ltr'>οἱ</span> <span class='ocrx_word' id='word_1_475' title='bbox 2671 3045 2770 3115; x_wconf 84' lang='grc' dir='ltr'><strong>μὲν</strong></span> <span class='ocrx_word' id='word_1_476' title='bbox 2790 3045 2856 3098; x_wconf 75' lang='grc' dir='ltr'>ὲκ</span> <span class='ocrx_word' id='word_1_477' title='bbox 2885 3044 3058 3115; x_wconf 84' lang='grc' dir='ltr'>φυλῆς</span> <span class='ocrx_word' id='word_1_478' title='bbox 3080 3044 3255 3098; x_wconf 81' lang='grc' dir='ltr'>Ἰούδα</span> <span class='ocrx_word' id='word_1_479' title='bbox 3281 3045 3407 3107; x_wconf 81' lang='grc' dir='ltr'>τοὺς</span> <span class='ocrx_word' id='word_1_480' title='bbox 3428 3044 3531 3114; x_wconf 86' lang='grc' dir='ltr'><strong>τῆς</strong></span> <span class='ocrx_word' id='word_1_481' title='bbox 3563 3043 3853 3114; x_wconf 80' lang='grc' dir='ltr'>βασιλείας</span> 
     </span>
    </p>
   </div>
   <div class='ocr_carea' id='block_1_60' title="bbox 2247 3133 3852 3205">
    <p class='ocr_par' dir='ltr' id='par_1_60' title="bbox 2247 3133 3852 3205">
     <span class='ocr_line' id='line_1_60' title="bbox 2247 3133 3852 3205; baseline -0.001 -17"><span class='ocrx_word' id='word_1_482' title='bbox 2247 3135 2451 3189; x_wconf 82' lang='grc' dir='ltr'>διεῖπον</span> <span class='ocrx_word' id='word_1_483' title='bbox 2492 3134 2723 3201; x_wconf 84' lang='grc' dir='ltr'>θώκους,</span> <span class='ocrx_word' id='word_1_484' title='bbox 2762 3135 2812 3189; x_wconf 80' lang='grc' dir='ltr'><strong>οἱ</strong></span> <span class='ocrx_word' id='word_1_485' title='bbox 2854 3135 2913 3189; x_wconf 80' lang='grc' dir='ltr'>δὲ</span> <span class='ocrx_word' id='word_1_486' title='bbox 2945 3134 3043 3204; x_wconf 83' lang='grc' dir='ltr'><strong>τῆς</strong></span> <span class='ocrx_word' id='word_1_487' title='bbox 3075 3133 3221 3189; x_wconf 59' lang='lat' dir='ltr'><strong>Aen?</strong></span> <span class='ocrx_word' id='word_1_488' title='bbox 3243 3134 3484 3188; x_wconf 87' lang='grc' dir='ltr'>τέθειντο</span> <span class='ocrx_word' id='word_1_489' title='bbox 3516 3134 3650 3205; x_wconf 79' lang='grc' dir='ltr'>πρὸς</span> <span class='ocrx_word' id='word_1_490' title='bbox 3684 3136 3852 3204; x_wconf 85' lang='grc' dir='ltr'>ἱερω-</span> 
     </span>
    </p>
   </div>
   <div class='ocr_carea' id='block_1_61' title="bbox 2249 3226 3851 3300">
    <p class='ocr_par' dir='ltr' id='par_1_61' title="bbox 2249 3226 3851 3300">
     <span class='ocr_line' id='line_1_61' title="bbox 2249 3226 3851 3300; baseline 0 -19"><span class='ocrx_word' id='word_1_491' title='bbox 2249 3228 2440 3300; x_wconf 90' lang='grc' dir='ltr'>σύνην,</span> <span class='ocrx_word' id='word_1_492' title='bbox 2486 3228 2747 3300; x_wconf 82' lang='grc' dir='ltr'>ταύτητοι</span> <span class='ocrx_word' id='word_1_493' title='bbox 2792 3228 2981 3296; x_wconf 83' lang='grc' dir='ltr'>σαφῶς</span> <span class='ocrx_word' id='word_1_494' title='bbox 3012 3227 3100 3280; x_wconf 82' lang='grc' dir='ltr'>διὰ</span> <span class='ocrx_word' id='word_1_495' title='bbox 3146 3226 3255 3281; x_wconf 86' lang='grc' dir='ltr'><strong>τῶν</strong></span> <span class='ocrx_word' id='word_1_496' title='bbox 3283 3227 3427 3281; x_wconf 86' lang='grc' dir='ltr'>δυοῖν</span> <span class='ocrx_word' id='word_1_497' title='bbox 3464 3229 3545 3291; x_wconf 81' lang='grc' dir='ltr'><strong>είς</strong></span> <span class='ocrx_word' id='word_1_498' title='bbox 3587 3228 3684 3281; x_wconf 74' lang='grc' dir='ltr'>ἕνα</span> <span class='ocrx_word' id='word_1_499' title='bbox 3708 3244 3851 3297; x_wconf 79' lang='grc' dir='ltr'>μορ-</span> 
     </span>
    </p>
   </div>
   <div class='ocr_carea' id='block_1_62' title="bbox 2250 3318 3851 3392">
    <p class='ocr_par' dir='ltr' id='par_1_62' title="bbox 2250 3318 3851 3392">
     <span class='ocr_line' id='line_1_62' title="bbox 2250 3318 3851 3392; baseline -0.001 -19"><span class='ocrx_word' id='word_1_500' title='bbox 2250 3320 2444 3390; x_wconf 84' lang='grc' dir='ltr'>φοῦται</span> <span class='ocrx_word' id='word_1_501' title='bbox 2467 3320 2691 3392; x_wconf 83' lang='grc' dir='ltr'>Κύριον.</span> <span class='ocrx_word' id='word_1_502' title='bbox 2725 3318 2937 3374; x_wconf 83' lang='grc' dir='ltr'>Οὐκοῦν</span> <span class='ocrx_word' id='word_1_503' title='bbox 2965 3321 3013 3372; x_wconf 83' lang='grc' dir='ltr'>εἰ</span> <span class='ocrx_word' id='word_1_504' title='bbox 3042 3318 3189 3388; x_wconf 85' lang='grc' dir='ltr'>λέγοι</span> <span class='ocrx_word' id='word_1_505' title='bbox 3217 3318 3349 3383; x_wconf 86' lang='grc' dir='ltr'>Θεὸς</span> <span class='ocrx_word' id='word_1_506' title='bbox 3383 3319 3513 3389; x_wconf 75' lang='grc' dir='ltr'>περὶ</span> <span class='ocrx_word' id='word_1_507' title='bbox 3550 3318 3641 3372; x_wconf 86' lang='grc' dir='ltr'><strong>τοῦ</strong></span> <span class='ocrx_word' id='word_1_508' title='bbox 3676 3320 3851 3389; x_wconf 91' lang='grc' dir='ltr'>Ζορο-</span> 
     </span>
    </p>
   </div>
   <div class='ocr_carea' id='block_1_63' title="bbox 2249 3408 3854 3482">
    <p class='ocr_par' dir='ltr' id='par_1_63' title="bbox 2249 3408 3854 3482">
     <span class='ocr_line' id='line_1_63' title="bbox 2249 3408 3854 3482; baseline -0.002 -17"><span class='ocrx_word' id='word_1_509' title='bbox 2249 3412 2442 3479; x_wconf 76' lang='grc' dir='ltr'>ϐάϐελ,</span> <span class='ocrx_word' id='word_1_510' title='bbox 2482 3412 2560 3475; x_wconf 86' lang='grc' dir='ltr'><strong>ὡς</strong></span> <span class='ocrx_word' id='word_1_511' title='bbox 2609 3428 2630 3462; x_wconf 84' lang='grc' dir='ltr'><strong>ι</strong></span> <span class='ocrx_word' id='word_1_512' title='bbox 2662 3412 2727 3463; x_wconf 74' lang='lat' dir='ltr'><strong>Al</strong></span> <span class='ocrx_word' id='word_1_513' title='bbox 2776 3411 2957 3481; x_wconf 88' lang='grc' dir='ltr'>χεῖρες</span> <span class='ocrx_word' id='word_1_514' title='bbox 2990 3408 3301 3482; x_wconf 70' lang='grc' dir='ltr'>Ζοροϐάϐελ</span> <span class='ocrx_word' id='word_1_515' title='bbox 3344 3409 3725 3479; x_wconf 61' lang='grc' dir='ltr'><strong>ἐθειίοελίιιισσινΔ</strong></span> <span class='ocrx_word' id='word_1_516' title='bbox 3752 3410 3854 3462; x_wconf 71' lang='grc' dir='ltr'><strong>τὸν</strong></span> 
     </span>
    </p>
   </div>
   <div class='ocr_carea' id='block_1_64' title="bbox 2248 3501 3869 3580">
    <p class='ocr_par' dir='ltr' id='par_1_64' title="bbox 2248 3501 3869 3580">
     <span class='ocr_line' id='line_1_64' title="bbox 2248 3501 3869 3580; baseline -0.003 -21"><span class='ocrx_word' id='word_1_517' title='bbox 2248 3502 2397 3559; x_wconf 76' lang='grc' dir='ltr'>οἷκον</span> <span class='ocrx_word' id='word_1_518' title='bbox 2427 3504 2635 3570; x_wconf 88' lang='grc' dir='ltr'>τοῦτον,</span> <span class='ocrx_word' id='word_1_519' title='bbox 2668 3503 2763 3557; x_wconf 64' lang='grc' dir='ltr'><strong>καὶ⁵</strong></span> <span class='ocrx_word' id='word_1_520' title='bbox 2804 3504 2860 3556; x_wconf 80' lang='lat' dir='ltr'><strong>al</strong></span> <span class='ocrx_word' id='word_1_521' title='bbox 2891 3505 3073 3574; x_wconf 86' lang='grc' dir='ltr'>χεῖρες</span> <span class='ocrx_word' id='word_1_522' title='bbox 3103 3502 3271 3556; x_wconf 82' lang='grc' dir='ltr'>αὐτοῦ</span> <span class='ocrx_word' id='word_1_523' title='bbox 3302 3501 3710 3556; x_wconf 83' lang='grc' dir='ltr'>ὲπιτελέσουσιν</span> <span class='ocrx_word' id='word_1_524' title='bbox 3742 3502 3869 3580; x_wconf 22' lang='grc' dir='ltr'><strong>αὖον</strong></span> 
     </span>
    </p>
   </div>
   <div class='ocr_carea' id='block_1_65' title="bbox 2247 3594 3850 3667">
    <p class='ocr_par' dir='ltr' id='par_1_65' title="bbox 2247 3594 3850 3667">
     <span class='ocr_line' id='line_1_65' title="bbox 2247 3594 3850 3667; baseline -0.002 -17"><span class='ocrx_word' id='word_1_525' title='bbox 2247 3598 2358 3660; x_wconf 83' lang='grc' dir='ltr'>τὸν,</span> <span class='ocrx_word' id='word_1_526' title='bbox 2394 3616 2412 3649; x_wconf 77' lang='grc' dir='ltr'><strong>ι</strong></span> <span class='ocrx_word' id='word_1_527' title='bbox 2451 3595 2866 3667; x_wconf 83' lang='grc' dir='ltr'>ίστορικώτερον</span> <span class='ocrx_word' id='word_1_528' title='bbox 2903 3596 3002 3666; x_wconf 84' lang='grc' dir='ltr'><strong>μὲν</strong></span> <span class='ocrx_word' id='word_1_529' title='bbox 3036 3596 3122 3648; x_wconf 74' lang='grc' dir='ltr'>ἐπ’</span> <span class='ocrx_word' id='word_1_530' title='bbox 3152 3596 3388 3656; x_wconf 71' lang='grc' dir='ltr'>ἐκείνου,</span> <span class='ocrx_word' id='word_1_531' title='bbox 3414 3595 3631 3665; x_wconf 87' lang='grc' dir='ltr'>νοήσεις</span> <span class='ocrx_word' id='word_1_532' title='bbox 3662 3594 3720 3647; x_wconf 81' lang='grc' dir='ltr'>δὲ</span> <span class='ocrx_word' id='word_1_533' title='bbox 3751 3596 3850 3647; x_wconf 76' lang='grc' dir='ltr'>ἐπὶ</span> 
     </span>
    </p>
   </div>
   <div class='ocr_carea' id='block_1_66' title="bbox 2248 3683 3846 3755">
    <p class='ocr_par' dir='ltr' id='par_1_66' title="bbox 2248 3683 3846 3755">
     <span class='ocr_line' id='line_1_66' title="bbox 2248 3683 3846 3755; baseline -0.001 -18"><span class='ocrx_word' id='word_1_534' title='bbox 2248 3683 2486 3754; x_wconf 81' lang='grc' dir='ltr'>Χριστὸν</span> <span class='ocrx_word' id='word_1_535' title='bbox 2524 3684 2749 3754; x_wconf 87' lang='grc' dir='ltr'>νοητῶς.</span> <span class='ocrx_word' id='word_1_536' title='bbox 2781 3684 2951 3747; x_wconf 79' lang='grc' dir='ltr'>Αὐτὸς</span> <span class='ocrx_word' id='word_1_537' title='bbox 2996 3683 3103 3755; x_wconf 86' lang='grc' dir='ltr'>γὰρ</span> <span class='ocrx_word' id='word_1_538' title='bbox 3153 3684 3310 3754; x_wconf 86' lang='grc' dir='ltr'>ἡμῶν</span> <span class='ocrx_word' id='word_1_539' title='bbox 3352 3683 3544 3753; x_wconf 89' lang='grc' dir='ltr'>γέγονε</span> <span class='ocrx_word' id='word_1_540' title='bbox 3572 3684 3846 3753; x_wconf 85' lang='grc' dir='ltr'>θεμέλιος,</span> 
     </span>
    </p>
   </div>
   <div class='ocr_carea' id='block_1_67' title="bbox 554 3769 2142 3850">
    <p class='ocr_par' dir='ltr' id='par_1_67' title="bbox 554 3774 2141 3850">
     <span class='ocr_line' id='line_1_67' title="bbox 554 3774 2141 3850; baseline 0.008 -24"><span class='ocrx_word' id='word_1_541' title='bbox 554 3774 891 3839; x_wconf 86' lang='lat' dir='ltr'><strong>damentum,</strong></span> <span class='ocrx_word' id='word_1_542' title='bbox 919 3786 974 3830; x_wconf 89' lang='lat' dir='ltr'><strong>et</strong></span> <span class='ocrx_word' id='word_1_543' title='bbox 1028 3792 1195 3847; x_wconf 91' lang='lat' dir='ltr'><strong>super</strong></span> <span class='ocrx_word' id='word_1_544' title='bbox 1230 3778 1403 3845; x_wconf 90' lang='lat' dir='ltr'><strong>ipsum</strong></span> <span class='ocrx_word' id='word_1_545' title='bbox 1437 3794 1628 3835; x_wconf 89' lang='lat' dir='ltr'><strong>omnes</strong></span> <span class='ocrx_word' id='word_1_546' title='bbox 1685 3783 2044 3850; x_wconf 88' lang='lat' dir='ltr'><strong>splritualiter</strong></span> <span class='ocrx_word' id='word_1_547' title='bbox 2090 3784 2141 3838; x_wconf 88' lang='lat' dir='ltr'><strong>in</strong></span> 
     </span>
    </p>
   </div>
   <div class='ocr_carea' id='block_1_68' title="bbox 2248 3769 3847 3850">
    <p class='ocr_par' dir='ltr' id='par_1_68' title="bbox 2250 3772 3847 3844">
     <span class='ocr_line' id='line_1_68' title="bbox 2250 3772 3847 3844; baseline -0.002 -17"><span class='ocrx_word' id='word_1_548' title='bbox 2250 3774 2345 3827; x_wconf 78' lang='grc' dir='ltr'><strong>καὶ</strong></span> <span class='ocrx_word' id='word_1_549' title='bbox 2378 3773 2527 3844; x_wconf 84' lang='grc' dir='ltr'>αὐτῷ</span> <span class='ocrx_word' id='word_1_550' title='bbox 2554 3774 2755 3836; x_wconf 88' lang='grc' dir='ltr'>πάντες</span> <span class='ocrx_word' id='word_1_551' title='bbox 2786 3773 3295 3843; x_wconf 83' lang='grc' dir='ltr'>ὲποικοδομούμεθα</span> <span class='ocrx_word' id='word_1_552' title='bbox 3322 3772 3733 3843; x_wconf 80' lang='grc' dir='ltr'>πνευματικῶς,</span> <span class='ocrx_word' id='word_1_553' title='bbox 3764 3775 3847 3835; x_wconf 87' lang='grc' dir='ltr'><strong>είς</strong></span> 
     </span>
    </p>
   </div>
   <div class='ocr_carea' id='block_1_69' title="bbox 556 3864 2142 3944">
    <p class='ocr_par' dir='ltr' id='par_1_69' title="bbox 556 3865 2137 3944">
     <span class='ocr_line' id='line_1_69' title="bbox 556 3865 2137 3944; baseline 0.008 -26"><span class='ocrx_word' id='word_1_554' title='bbox 556 3865 813 3933; x_wconf 87' lang='lat' dir='ltr'><strong>templum</strong></span> <span class='ocrx_word' id='word_1_555' title='bbox 882 3876 1130 3923; x_wconf 90' lang='lat' dir='ltr'><strong>sanctum</strong></span> <span class='ocrx_word' id='word_1_556' title='bbox 1184 3871 1437 3925; x_wconf 81' lang='lat' dir='ltr'><strong>aedificati</strong></span> <span class='ocrx_word' id='word_1_557' title='bbox 1515 3887 1735 3941; x_wconf 79' lang='lat' dir='ltr'><strong>sumus;</strong></span> <span class='ocrx_word' id='word_1_558' title='bbox 1808 3875 1922 3944; x_wconf 90' lang='lat' dir='ltr'><strong>ipse</strong></span> <span class='ocrx_word' id='word_1_559' title='bbox 1984 3876 2137 3930; x_wconf 92' lang='lat' dir='ltr'><strong>nobis</strong></span> 
     </span>
    </p>
   </div>
   <div class='ocr_carea' id='block_1_70' title="bbox 2248 3864 3847 3944">
    <p class='ocr_par' dir='ltr' id='par_1_70' title="bbox 2248 3864 3847 3937">
     <span class='ocr_line' id='line_1_70' title="bbox 2248 3864 3847 3937; baseline -0.001 -17"><span class='ocrx_word' id='word_1_560' title='bbox 2248 3865 2368 3920; x_wconf 82' lang='grc' dir='ltr'>ναὸν</span> <span class='ocrx_word' id='word_1_561' title='bbox 2402 3864 2578 3934; x_wconf 79' lang='grc' dir='ltr'>ἅγιον·</span> <span class='ocrx_word' id='word_1_562' title='bbox 2630 3865 2794 3928; x_wconf 78' lang='grc' dir='ltr'>αὐτὸς</span> <span class='ocrx_word' id='word_1_563' title='bbox 2819 3864 2978 3935; x_wconf 87' lang='grc' dir='ltr'>ήμῶν</span> <span class='ocrx_word' id='word_1_564' title='bbox 3016 3866 3050 3934; x_wconf 87' lang='grc' dir='ltr'>ἠ</span> <span class='ocrx_word' id='word_1_565' title='bbox 3081 3865 3224 3935; x_wconf 87' lang='grc' dir='ltr'>ἀρχὴ</span> <span class='ocrx_word' id='word_1_566' title='bbox 3255 3865 3349 3919; x_wconf 77' lang='grc' dir='ltr'><strong>καὶ</strong></span> <span class='ocrx_word' id='word_1_567' title='bbox 3381 3864 3443 3917; x_wconf 83' lang='grc' dir='ltr'><strong>τὸ</strong></span> <span class='ocrx_word' id='word_1_568' title='bbox 3475 3864 3668 3935; x_wconf 85' lang='grc' dir='ltr'>πέρας.</span> <span class='ocrx_word' id='word_1_569' title='bbox 3693 3868 3847 3937; x_wconf 87' lang='grc' dir='ltr'>Παρ-</span> 
     </span>
    </p>
   </div>
   <div class='ocr_carea' id='block_1_71' title="bbox 555 3959 2140 4031">
    <p class='ocr_par' dir='ltr' id='par_1_71' title="bbox 555 3959 2140 4031">
     <span class='ocr_line' id='line_1_71' title="bbox 555 3959 2140 4031; baseline 0.004 -17"><span class='ocrx_word' id='word_1_570' title='bbox 555 3959 719 4030; x_wconf 76' lang='lat'><strong>706</strong></span> <span class='ocrx_word' id='word_1_571' title='bbox 745 3961 1067 4031; x_wconf 89' lang='lat' dir='ltr'><strong>principium</strong></span> <span class='ocrx_word' id='word_1_572' title='bbox 1099 3969 1153 4017; x_wconf 88' lang='lat' dir='ltr'><strong>et</strong></span> <span class='ocrx_word' id='word_1_573' title='bbox 1195 3963 1319 4019; x_wconf 80' lang='lat' dir='ltr'><strong>linis</strong></span> <span class='ocrx_word' id='word_1_574' title='bbox 1358 3974 1461 4020; x_wconf 90' lang='lat' dir='ltr'><strong>est.</strong></span> <span class='ocrx_word' id='word_1_575' title='bbox 1530 3965 1637 4022; x_wconf 88' lang='lat' dir='ltr'><strong>Nos</strong></span> <span class='ocrx_word' id='word_1_576' title='bbox 1698 3968 1842 4022; x_wconf 90' lang='lat' dir='ltr'><strong>enim</strong></span> <span class='ocrx_word' id='word_1_577' title='bbox 1893 3969 2140 4023; x_wconf 86' lang='lat' dir='ltr'><strong>sanctili-</strong></span> 
     </span>
    </p>
   </div>
   <div class='ocr_carea' id='block_1_72' title="bbox 554 4052 2139 4125">
    <p class='ocr_par' dir='ltr' id='par_1_72' title="bbox 554 4052 2139 4125">
     <span class='ocr_line' id='line_1_72' title="bbox 554 4052 2139 4125; baseline 0.006 -22"><span class='ocrx_word' id='word_1_578' title='bbox 554 4060 703 4105; x_wconf 81' lang='lat' dir='ltr'><strong>catos</strong></span> <span class='ocrx_word' id='word_1_579' title='bbox 728 4052 779 4105; x_wconf 91' lang='lat' dir='ltr'><strong>in</strong></span> <span class='ocrx_word' id='word_1_580' title='bbox 805 4052 1008 4121; x_wconf 91' lang='lat' dir='ltr'><strong>Spiritu</strong></span> <span class='ocrx_word' id='word_1_581' title='bbox 1031 4092 1046 4116; x_wconf 95' lang='lat'><strong>,</strong></span> <span class='ocrx_word' id='word_1_582' title='bbox 1074 4054 1506 4125; x_wconf 57' lang='lat' dir='ltr'><strong>praeclarumque</strong></span> <span class='ocrx_word' id='word_1_583' title='bbox 1535 4066 1590 4113; x_wconf 89' lang='lat' dir='ltr'><strong>et</strong></span> <span class='ocrx_word' id='word_1_584' title='bbox 1619 4066 1868 4112; x_wconf 87' lang='lat' dir='ltr'><strong>sanctum</strong></span> <span class='ocrx_word' id='word_1_585' title='bbox 1924 4058 2139 4114; x_wconf 85' lang='lat' dir='ltr'><strong>habita-</strong></span> 
     </span>
    </p>
   </div>
   <div class='ocr_carea' id='block_1_73' title="bbox 555 4141 2142 4217">
    <p class='ocr_par' dir='ltr' id='par_1_73' title="bbox 555 4141 2142 4217">
     <span class='ocr_line' id='line_1_73' title="bbox 555 4141 2142 4217; baseline 0.008 -24"><span class='ocrx_word' id='word_1_586' title='bbox 555 4141 732 4195; x_wconf 89' lang='lat' dir='ltr'><strong>culum</strong></span> <span class='ocrx_word' id='word_1_587' title='bbox 788 4143 890 4198; x_wconf 90' lang='lat' dir='ltr'><strong>sibi</strong></span> <span class='ocrx_word' id='word_1_588' title='bbox 948 4155 1005 4199; x_wconf 90' lang='lat' dir='ltr'><strong>et</strong></span> <span class='ocrx_word' id='word_1_589' title='bbox 1069 4145 1239 4212; x_wconf 86' lang='lat' dir='ltr'><strong>Patri,</strong></span> <span class='ocrx_word' id='word_1_590' title='bbox 1282 4148 1458 4203; x_wconf 89' lang='lat' dir='ltr'><strong>deleto</strong></span> <span class='ocrx_word' id='word_1_591' title='bbox 1512 4160 1735 4217; x_wconf 89' lang='lat' dir='ltr'><strong>peccato</strong></span> <span class='ocrx_word' id='word_1_592' title='bbox 1793 4150 2036 4205; x_wconf 89' lang='lat' dir='ltr'><strong>funditus</strong></span> <span class='ocrx_word' id='word_1_593' title='bbox 2087 4158 2142 4205; x_wconf 87' lang='lat' dir='ltr'><strong>ct</strong></span> 
     </span>
    </p>
   </div>
   <div class='ocr_carea' id='block_1_74' title="bbox 498 4237 2141 4313">
    <p class='ocr_par' dir='ltr' id='par_1_74' title="bbox 498 4237 2141 4313">
     <span class='ocr_line' id='line_1_74' title="bbox 498 4237 2141 4313; baseline 0.006 -26"><span class='ocrx_word' id='word_1_594' title='bbox 498 4309 503 4313; x_wconf 25' lang='lat'><strong><em>‘</em></strong></span> <span class='ocrx_word' id='word_1_595' title='bbox 554 4237 899 4305; x_wconf 87' lang='lat' dir='ltr'><strong>corruptione</strong></span> <span class='ocrx_word' id='word_1_596' title='bbox 931 4237 1153 4303; x_wconf 90' lang='lat' dir='ltr'><strong>abolita,</strong></span> <span class='ocrx_word' id='word_1_597' title='bbox 1198 4239 1462 4295; x_wconf 75' lang='lat' dir='ltr'><strong>exhibuit.</strong></span> <span class='ocrx_word' id='word_1_598' title='bbox 1498 4240 1616 4310; x_wconf 88' lang='lat' dir='ltr'><strong>Ipse</strong></span> <span class='ocrx_word' id='word_1_599' title='bbox 1658 4242 1803 4295; x_wconf 88' lang='lat' dir='ltr'><strong>enim</strong></span> <span class='ocrx_word' id='word_1_600' title='bbox 1856 4252 1940 4297; x_wconf 85' lang='lat' dir='ltr'><strong>est</strong></span> <span class='ocrx_word' id='word_1_601' title='bbox 1982 4240 2141 4297; x_wconf 83' lang='lat' dir='ltr'><strong>Jesus</strong></span> 
     </span>
    </p>
   </div>
   <div class='ocr_carea' id='block_1_75' title="bbox 555 4328 2139 4405">
    <p class='ocr_par' dir='ltr' id='par_1_75' title="bbox 555 4328 2139 4405">
     <span class='ocr_line' id='line_1_75' title="bbox 555 4328 2139 4405; baseline 0.006 -26"><span class='ocrx_word' id='word_1_602' title='bbox 555 4328 811 4381; x_wconf 81' lang='lat' dir='ltr'><strong>sacerdos</strong></span> <span class='ocrx_word' id='word_1_603' title='bbox 842 4344 1087 4399; x_wconf 85' lang='lat' dir='ltr'><strong>magnus,</strong></span> <span class='ocrx_word' id='word_1_604' title='bbox 1126 4340 1181 4385; x_wconf 90' lang='lat' dir='ltr'><strong>et</strong></span> <span class='ocrx_word' id='word_1_605' title='bbox 1203 4343 1358 4387; x_wconf 89' lang='lat' dir='ltr'><strong>sonat</strong></span> <span class='ocrx_word' id='word_1_606' title='bbox 1384 4335 1601 4403; x_wconf 89' lang='lat' dir='ltr'><strong>quidem</strong></span> <span class='ocrx_word' id='word_1_607' title='bbox 1636 4332 1797 4390; x_wconf 82' lang='lat' dir='ltr'><strong>Jesus</strong></span> <span class='ocrx_word' id='word_1_608' title='bbox 1826 4336 1972 4389; x_wconf 78' lang='lat' dir='ltr'><strong>salus</strong></span> <span class='ocrx_word' id='word_1_609' title='bbox 2039 4352 2139 4405; x_wconf 88' lang='lat' dir='ltr'><strong>p0—</strong></span> 
     </span>
    </p>
   </div>
   <div class='ocr_carea' id='block_1_76' title="bbox 555 4417 2140 4499">
    <p class='ocr_par' dir='ltr' id='par_1_76' title="bbox 555 4417 2140 4499">
     <span class='ocr_line' id='line_1_76' title="bbox 555 4417 2140 4499; baseline 0.011 -32"><span class='ocrx_word' id='word_1_610' title='bbox 555 4417 687 4484; x_wconf 84' lang='lat' dir='ltr'><strong>puli.</strong></span> <span class='ocrx_word' id='word_1_611' title='bbox 714 4418 804 4473; x_wconf 91' lang='lat' dir='ltr'><strong>Sic</strong></span> <span class='ocrx_word' id='word_1_612' title='bbox 828 4436 1063 4491; x_wconf 88' lang='lat' dir='ltr'><strong>namque</strong></span> <span class='ocrx_word' id='word_1_613' title='bbox 1117 4423 1331 4481; x_wconf 90' lang='lat' dir='ltr'><strong>divinus</strong></span> <span class='ocrx_word' id='word_1_614' title='bbox 1393 4426 1613 4483; x_wconf 89' lang='lat' dir='ltr'><strong>Gabriel</strong></span> <span class='ocrx_word' id='word_1_615' title='bbox 1677 4428 1744 4482; x_wconf 90' lang='lat' dir='ltr'><strong>ad</strong></span> <span class='ocrx_word' id='word_1_616' title='bbox 1802 4426 2140 4499; x_wconf 72' lang='lat' dir='ltr'><strong>Virginem:</strong></span> 
     </span>
    </p>
   </div>
   <div class='ocr_carea' id='block_1_77' title="bbox 564 4510 2145 4589">
    <p class='ocr_par' dir='ltr' id='par_1_77' title="bbox 564 4510 2145 4589">
     <span class='ocr_line' id='line_1_77' title="bbox 564 4510 2145 4589; baseline 0.009 -28"><span class='ocrx_word' id='word_1_617' title='bbox 564 4527 583 4560; x_wconf 78' lang='grc' dir='ltr'><strong>ι</strong></span> <span class='ocrx_word' id='word_1_618' title='bbox 625 4510 688 4564; x_wconf 85' lang='lat' dir='ltr'><strong>Et</strong></span> <span class='ocrx_word' id='word_1_619' title='bbox 736 4525 885 4579; x_wconf 89' lang='lat' dir='ltr'><strong>ecce,</strong></span> <span class='ocrx_word' id='word_1_620' title='bbox 938 4516 1212 4585; x_wconf 88' lang='lat' dir='ltr'><strong>concipics</strong></span> <span class='ocrx_word' id='word_1_621' title='bbox 1254 4518 1305 4573; x_wconf 90' lang='lat' dir='ltr'><strong>in</strong></span> <span class='ocrx_word' id='word_1_622' title='bbox 1350 4530 1527 4583; x_wconf 88' lang='lat' dir='ltr'><strong>utero,</strong></span> <span class='ocrx_word' id='word_1_623' title='bbox 1551 4530 1605 4575; x_wconf 87' lang='lat' dir='ltr'><strong>et</strong></span> <span class='ocrx_word' id='word_1_624' title='bbox 1635 4521 1816 4589; x_wconf 83' lang='lat' dir='ltr'><strong>paries</strong></span> <span class='ocrx_word' id='word_1_625' title='bbox 1846 4521 2037 4585; x_wconf 85' lang='lat' dir='ltr'><strong>filium,</strong></span> <span class='ocrx_word' id='word_1_626' title='bbox 2088 4530 2145 4575; x_wconf 89' lang='lat' dir='ltr'><strong>et</strong></span> 
     </span>
    </p>
   </div>
   <div class='ocr_carea' id='block_1_78' title="bbox 556 4602 2145 4681">
    <p class='ocr_par' dir='ltr' id='par_1_78' title="bbox 556 4602 2145 4681">
     <span class='ocr_line' id='line_1_78' title="bbox 556 4602 2145 4681; baseline 0.006 -27"><span class='ocrx_word' id='word_1_627' title='bbox 556 4602 779 4657; x_wconf 87' lang='lat' dir='ltr'><strong>vocabis</strong></span> <span class='ocrx_word' id='word_1_628' title='bbox 801 4619 1000 4659; x_wconf 90' lang='lat' dir='ltr'><strong>nomen</strong></span> <span class='ocrx_word' id='word_1_629' title='bbox 1032 4606 1147 4674; x_wconf 89' lang='lat' dir='ltr'><strong>ejus</strong></span> <span class='ocrx_word' id='word_1_630' title='bbox 1167 4607 1352 4664; x_wconf 86' lang='lat' dir='ltr'><strong>Jesum</strong></span> <span class='ocrx_word' id='word_1_631' title='bbox 1390 4608 1436 4641; x_wconf 79' lang='grc'><strong>⁸⁰</strong></span> <span class='ocrx_word' id='word_1_632' title='bbox 1461 4628 1475 4677; x_wconf 92' lang='grc'>;</span> <span class='ocrx_word' id='word_1_633' title='bbox 1508 4612 1623 4681; x_wconf 91' lang='lat' dir='ltr'><strong>ipse</strong></span> <span class='ocrx_word' id='word_1_634' title='bbox 1653 4612 1797 4666; x_wconf 88' lang='lat' dir='ltr'><strong>enim</strong></span> <span class='ocrx_word' id='word_1_635' title='bbox 1823 4611 2032 4666; x_wconf 85' lang='lat' dir='ltr'><strong>salvum</strong></span> <span class='ocrx_word' id='word_1_636' title='bbox 2066 4610 2145 4664; x_wconf 81' lang='lat' dir='ltr'><strong>fa-</strong></span> 
     </span>
    </p>
   </div>
   <div class='ocr_carea' id='block_1_79' title="bbox 558 4694 2148 4771">
    <p class='ocr_par' dir='ltr' id='par_1_79' title="bbox 558 4694 2148 4771">
     <span class='ocr_line' id='line_1_79' title="bbox 558 4694 2148 4771; baseline 0.006 -23"><span class='ocrx_word' id='word_1_637' title='bbox 558 4694 667 4748; x_wconf 91' lang='lat' dir='ltr'><strong>ciet</strong></span> <span class='ocrx_word' id='word_1_638' title='bbox 696 4697 948 4764; x_wconf 89' lang='lat' dir='ltr'><strong>populum</strong></span> <span class='ocrx_word' id='word_1_639' title='bbox 982 4714 1137 4755; x_wconf 90' lang='lat' dir='ltr'><strong>suum</strong></span> <span class='ocrx_word' id='word_1_640' title='bbox 1174 4717 1201 4755; x_wconf 89' lang='lat' dir='ltr'><strong>a</strong></span> <span class='ocrx_word' id='word_1_641' title='bbox 1254 4704 1492 4771; x_wconf 87' lang='lat' dir='ltr'><strong>peccatis</strong></span> <span class='ocrx_word' id='word_1_642' title='bbox 1541 4719 1729 4758; x_wconf 89' lang='lat' dir='ltr'><strong>eorum</strong></span> <span class='ocrx_word' id='word_1_643' title='bbox 1768 4704 1834 4757; x_wconf 70' lang='grc' dir='ltr'>δι.</span> <span class='ocrx_word' id='word_1_644' title='bbox 1868 4722 1887 4755; x_wconf 69' lang='grc' dir='ltr'><strong>ι</strong></span> <span class='ocrx_word' id='word_1_645' title='bbox 1921 4700 2148 4757; x_wconf 80' lang='lat' dir='ltr'><strong>Josedec</strong></span> 
     </span>
    </p>
   </div>
   <div class='ocr_carea' id='block_1_80' title="bbox 561 4791 2144 4862">
    <p class='ocr_par' dir='ltr' id='par_1_80' title="bbox 561 4791 2144 4862">
     <span class='ocr_line' id='line_1_80' title="bbox 561 4791 2144 4862; baseline 0.006 -23"><span class='ocrx_word' id='word_1_646' title='bbox 561 4796 741 4842; x_wconf 84' lang='lat' dir='ltr'><strong>autem</strong></span> <span class='ocrx_word' id='word_1_647' title='bbox 787 4791 1029 4845; x_wconf 87' lang='lat' dir='ltr'><strong>redditur</strong></span> <span class='ocrx_word' id='word_1_648' title='bbox 1072 4793 1286 4862; x_wconf 74' lang='lat' dir='ltr'><strong>justitia</strong></span> <span class='ocrx_word' id='word_1_649' title='bbox 1340 4796 1453 4849; x_wconf 89' lang='lat' dir='ltr'><strong>Dei.</strong></span> <span class='ocrx_word' id='word_1_650' title='bbox 1510 4793 1806 4849; x_wconf 79' lang='lat' dir='ltr'><strong>Justilicati</strong></span> <span class='ocrx_word' id='word_1_651' title='bbox 1870 4796 2016 4848; x_wconf 90' lang='lat' dir='ltr'><strong>enim</strong></span> <span class='ocrx_word' id='word_1_652' title='bbox 2093 4795 2144 4848; x_wconf 90' lang='lat' dir='ltr'><strong>in</strong></span> 
     </span>
    </p>
   </div>
   <div class='ocr_carea' id='block_1_81' title="bbox 2244 3955 3847 4028">
    <p class='ocr_par' dir='ltr' id='par_1_81' title="bbox 2244 3955 3847 4028">
     <span class='ocr_line' id='line_1_81' title="bbox 2244 3955 3847 4028; baseline 0 -19"><span class='ocrx_word' id='word_1_653' title='bbox 2244 3956 2423 4027; x_wconf 87' lang='grc' dir='ltr'>ίστησι</span> <span class='ocrx_word' id='word_1_654' title='bbox 2454 3957 2561 4027; x_wconf 81' lang='grc' dir='ltr'><strong>γὰρ</strong></span> <span class='ocrx_word' id='word_1_655' title='bbox 2595 3957 2743 4027; x_wconf 80' lang='grc' dir='ltr'>ἡμᾶς</span> <span class='ocrx_word' id='word_1_656' title='bbox 2772 3955 3140 4026; x_wconf 85' lang='grc' dir='ltr'>ήγιασμένους</span> <span class='ocrx_word' id='word_1_657' title='bbox 3171 3956 3228 4008; x_wconf 86' lang='grc' dir='ltr'><strong>έν</strong></span> <span class='ocrx_word' id='word_1_658' title='bbox 3263 3955 3559 4026; x_wconf 86' lang='grc' dir='ltr'>πνεύματι,</span> <span class='ocrx_word' id='word_1_659' title='bbox 3594 3956 3847 4028; x_wconf 83' lang='grc' dir='ltr'>λαμπρόν</span> 
     </span>
    </p>
   </div>
   <div class='ocr_carea' id='block_1_82' title="bbox 2241 4047 3846 4120">
    <p class='ocr_par' dir='ltr' id='par_1_82' title="bbox 2241 4047 3846 4120">
     <span class='ocr_line' id='line_1_82' title="bbox 2241 4047 3846 4120; baseline -0.001 -18"><span class='ocrx_word' id='word_1_660' title='bbox 2241 4065 2301 4101; x_wconf 87' lang='grc' dir='ltr'><strong>τε</strong></span> <span class='ocrx_word' id='word_1_661' title='bbox 2351 4049 2446 4102; x_wconf 76' lang='grc' dir='ltr'><strong>καὶ</strong></span> <span class='ocrx_word' id='word_1_662' title='bbox 2499 4048 2641 4118; x_wconf 76' lang='grc' dir='ltr'>ἱερὸν</span> <span class='ocrx_word' id='word_1_663' title='bbox 2695 4047 3020 4118; x_wconf 79' lang='grc' dir='ltr'>ἐνδιαίτημα</span> <span class='ocrx_word' id='word_1_664' title='bbox 3068 4047 3248 4117; x_wconf 81' lang='grc' dir='ltr'>ἐαυτῷ</span> <span class='ocrx_word' id='word_1_665' title='bbox 3295 4065 3355 4101; x_wconf 90' lang='grc' dir='ltr'><strong>τε</strong></span> <span class='ocrx_word' id='word_1_666' title='bbox 3405 4048 3503 4101; x_wconf 75' lang='grc' dir='ltr'><strong>καὶ</strong></span> <span class='ocrx_word' id='word_1_667' title='bbox 3534 4047 3612 4115; x_wconf 84' lang='grc' dir='ltr'><strong>τῷ</strong></span> <span class='ocrx_word' id='word_1_668' title='bbox 3646 4050 3846 4120; x_wconf 79' lang='grc' dir='ltr'>Πατρὶ,</span> 
     </span>
    </p>
   </div>
   <div class='ocr_carea' id='block_1_83' title="bbox 2244 4140 3847 4213">
    <p class='ocr_par' dir='ltr' id='par_1_83' title="bbox 2244 4140 3847 4213">
     <span class='ocr_line' id='line_1_83' title="bbox 2244 4140 3847 4213; baseline -0.002 -17"><span class='ocrx_word' id='word_1_669' title='bbox 2244 4142 2662 4213; x_wconf 81' lang='grc' dir='ltr'>περιῃρημένης</span> <span class='ocrx_word' id='word_1_670' title='bbox 2694 4143 2775 4205; x_wconf 77' lang='grc' dir='ltr'><strong>εἰς</strong></span> <span class='ocrx_word' id='word_1_671' title='bbox 2807 4141 2956 4195; x_wconf 71' lang='grc' dir='ltr'>ἅπαν</span> <span class='ocrx_word' id='word_1_672' title='bbox 2982 4140 3084 4210; x_wconf 85' lang='grc' dir='ltr'><strong>τῆς</strong></span> <span class='ocrx_word' id='word_1_673' title='bbox 3107 4142 3404 4212; x_wconf 84' lang='grc' dir='ltr'>ἁμαρτίας,</span> <span class='ocrx_word' id='word_1_674' title='bbox 3434 4142 3528 4195; x_wconf 77' lang='grc' dir='ltr'>καὶ</span> <span class='ocrx_word' id='word_1_675' title='bbox 3558 4159 3811 4213; x_wconf 84' lang='grc' dir='ltr'>κατηργη</span> <span class='ocrx_word' id='word_1_676' title='bbox 3832 4172 3847 4183; x_wconf 85' lang='grc'><strong>-</strong></span> 
     </span>
    </p>
   </div>
   <div class='ocr_carea' id='block_1_84' title="bbox 2244 4233 3849 4305">
    <p class='ocr_par' dir='ltr' id='par_1_84' title="bbox 2244 4233 3849 4305">
     <span class='ocr_line' id='line_1_84' title="bbox 2244 4233 3849 4305; baseline 0 -18"><span class='ocrx_word' id='word_1_677' title='bbox 2244 4234 2414 4305; x_wconf 82' lang='grc' dir='ltr'>μένης</span> <span class='ocrx_word' id='word_1_678' title='bbox 2456 4235 2555 4305; x_wconf 89' lang='grc' dir='ltr'><strong>τῆς</strong></span> <span class='ocrx_word' id='word_1_679' title='bbox 2585 4234 2821 4303; x_wconf 73' lang='grc' dir='ltr'>φθορᾶς.</span> <span class='ocrx_word' id='word_1_680' title='bbox 2841 4233 3012 4295; x_wconf 82' lang='grc' dir='ltr'>Αὐτὸς</span> <span class='ocrx_word' id='word_1_681' title='bbox 3046 4234 3155 4302; x_wconf 84' lang='grc' dir='ltr'>γάρ</span> <span class='ocrx_word' id='word_1_682' title='bbox 3187 4234 3335 4286; x_wconf 77' lang='grc' dir='ltr'>ἐστιν</span> <span class='ocrx_word' id='word_1_683' title='bbox 3374 4233 3579 4303; x_wconf 89' lang='grc' dir='ltr'>Ἰησοῦς</span> <span class='ocrx_word' id='word_1_684' title='bbox 3610 4234 3792 4305; x_wconf 73' lang='grc' dir='ltr'>ἱερεὺς</span> <span class='ocrx_word' id='word_1_685' title='bbox 3820 4236 3849 4287; x_wconf 85' lang='grc' dir='ltr'>ὀ</span> 
     </span>
    </p>
   </div>
   <div class='ocr_carea' id='block_1_85' title="bbox 2248 4323 3844 4398">
    <p class='ocr_par' dir='ltr' id='par_1_85' title="bbox 2248 4323 3844 4398">
     <span class='ocr_line' id='line_1_85' title="bbox 2248 4323 3844 4398; baseline -0.001 -18"><span class='ocrx_word' id='word_1_686' title='bbox 2248 4328 2439 4398; x_wconf 85' lang='grc' dir='ltr'>μέγας,</span> <span class='ocrx_word' id='word_1_687' title='bbox 2478 4327 2573 4379; x_wconf 78' lang='grc' dir='ltr'><strong>καὶ</strong></span> <span class='ocrx_word' id='word_1_688' title='bbox 2604 4324 2973 4396; x_wconf 80' lang='grc' dir='ltr'>ἑρμηνεύεται</span> <span class='ocrx_word' id='word_1_689' title='bbox 3010 4324 3107 4394; x_wconf 83' lang='grc' dir='ltr'>μὲν</span> <span class='ocrx_word' id='word_1_690' title='bbox 3133 4323 3340 4393; x_wconf 87' lang='grc' dir='ltr'>Ἰησοῦς</span> <span class='ocrx_word' id='word_1_691' title='bbox 3371 4325 3633 4393; x_wconf 81' lang='grc' dir='ltr'>σωτηρία</span> <span class='ocrx_word' id='word_1_692' title='bbox 3663 4324 3844 4378; x_wconf 73' lang='grc' dir='ltr'>λαοῦ.</span> 
     </span>
    </p>
   </div>
   <div class='ocr_carea' id='block_1_86' title="bbox 2245 4414 3849 4487">
    <p class='ocr_par' dir='ltr' id='par_1_86' title="bbox 2245 4414 3849 4487">
     <span class='ocr_line' id='line_1_86' title="bbox 2245 4414 3849 4487; baseline -0.004 -15"><span class='ocrx_word' id='word_1_693' title='bbox 2245 4418 2402 4472; x_wconf 73' lang='grc' dir='ltr'>Οὕτω</span> <span class='ocrx_word' id='word_1_694' title='bbox 2429 4417 2538 4487; x_wconf 77' lang='grc' dir='ltr'><strong>γὰρ</strong></span> <span class='ocrx_word' id='word_1_695' title='bbox 2568 4419 2665 4470; x_wconf 75' lang='grc' dir='ltr'>καὶ</span> <span class='ocrx_word' id='word_1_696' title='bbox 2692 4419 2720 4468; x_wconf 89' lang='grc' dir='ltr'><strong>ὁ</strong></span> <span class='ocrx_word' id='word_1_697' title='bbox 2750 4415 3040 4478; x_wconf 84' lang='grc' dir='ltr'>θεσπέσιος</span> <span class='ocrx_word' id='word_1_698' title='bbox 3066 4414 3307 4485; x_wconf 77' lang='grc' dir='ltr'>Γαϐριὴλ</span> <span class='ocrx_word' id='word_1_699' title='bbox 3349 4414 3483 4485; x_wconf 83' lang='grc' dir='ltr'>πρὸς</span> <span class='ocrx_word' id='word_1_700' title='bbox 3512 4414 3611 4485; x_wconf 85' lang='grc' dir='ltr'><strong>τὴν</strong></span> <span class='ocrx_word' id='word_1_701' title='bbox 3633 4414 3849 4484; x_wconf 74' lang='grc' dir='ltr'>Παρθέο</span> 
     </span>
    </p>
   </div>
   <div class='ocr_carea' id='block_1_87' title="bbox 2246 4506 3849 4581">
    <p class='ocr_par' dir='ltr' id='par_1_87' title="bbox 2246 4506 3849 4581">
     <span class='ocr_line' id='line_1_87' title="bbox 2246 4506 3849 4581; baseline -0.003 -18"><span class='ocrx_word' id='word_1_702' title='bbox 2246 4527 2336 4565; x_wconf 89' lang='grc' dir='ltr'><strong>νον</strong></span> <span class='ocrx_word' id='word_1_703' title='bbox 2371 4509 2537 4581; x_wconf 88' lang='grc' dir='ltr'>φησίν</span> <span class='ocrx_word' id='word_1_704' title='bbox 2557 4525 2569 4537; x_wconf 83' lang='lat'><strong><em>°</em></strong></span> <span class='ocrx_word' id='word_1_705' title='bbox 2608 4527 2626 4559; x_wconf 84' lang='grc' dir='ltr'><strong>ι</strong></span> <span class='ocrx_word' id='word_1_706' title='bbox 2662 4509 2772 4561; x_wconf 80' lang='grc' dir='ltr'>Καὶ</span> <span class='ocrx_word' id='word_1_707' title='bbox 2807 4507 2916 4561; x_wconf 78' lang='grc' dir='ltr'>ἰδοὺ</span> <span class='ocrx_word' id='word_1_708' title='bbox 2948 4506 3192 4578; x_wconf 78' lang='grc' dir='ltr'>συλλήψῃ</span> <span class='ocrx_word' id='word_1_709' title='bbox 3224 4508 3283 4559; x_wconf 86' lang='grc' dir='ltr'><strong>έν</strong></span> <span class='ocrx_word' id='word_1_710' title='bbox 3313 4506 3533 4576; x_wconf 76' lang='grc' dir='ltr'>γαστρὶ.</span> <span class='ocrx_word' id='word_1_711' title='bbox 3557 4507 3650 4558; x_wconf 78' lang='grc' dir='ltr'>καὶ</span> <span class='ocrx_word' id='word_1_712' title='bbox 3671 4506 3849 4571; x_wconf 84' lang='grc' dir='ltr'>τέξεις</span> 
     </span>
    </p>
   </div>
   <div class='ocr_carea' id='block_1_88' title="bbox 2246 4596 3850 4669">
    <p class='ocr_par' dir='ltr' id='par_1_88' title="bbox 2246 4596 3850 4669">
     <span class='ocr_line' id='line_1_88' title="bbox 2246 4596 3850 4669; baseline -0.004 -13"><span class='ocrx_word' id='word_1_713' title='bbox 2246 4603 2382 4667; x_wconf 78' lang='grc' dir='ltr'>υἱὸν,</span> <span class='ocrx_word' id='word_1_714' title='bbox 2414 4604 2509 4656; x_wconf 70' lang='grc' dir='ltr'><strong>καὶ</strong></span> <span class='ocrx_word' id='word_1_715' title='bbox 2538 4601 2788 4665; x_wconf 78' lang='grc' dir='ltr'>καλέσεις</span> <span class='ocrx_word' id='word_1_716' title='bbox 2816 4601 2878 4653; x_wconf 84' lang='grc' dir='ltr'><strong>τὸ</strong></span> <span class='ocrx_word' id='word_1_717' title='bbox 2904 4600 3076 4669; x_wconf 72' lang='grc' dir='ltr'>ὄνομα</span> <span class='ocrx_word' id='word_1_718' title='bbox 3104 4596 3269 4651; x_wconf 80' lang='grc' dir='ltr'>αὑτοῦ</span> <span class='ocrx_word' id='word_1_719' title='bbox 3295 4597 3523 4667; x_wconf 60' lang='grc' dir='ltr'>Ἰησοῦν</span> <span class='ocrx_word' id='word_1_720' title='bbox 3556 4597 3718 4660; x_wconf 81' lang='grc' dir='ltr'>αὐτὸς</span> <span class='ocrx_word' id='word_1_721' title='bbox 3737 4600 3850 4668; x_wconf 78' lang='grc' dir='ltr'>γὰρ</span> 
     </span>
    </p>
   </div>
   <div class='ocr_carea' id='block_1_89' title="bbox 2249 4689 3839 4761">
    <p class='ocr_par' dir='ltr' id='par_1_89' title="bbox 2249 4689 3839 4761">
     <span class='ocr_line' id='line_1_89' title="bbox 2249 4689 3839 4761; baseline -0.006 -12"><span class='ocrx_word' id='word_1_722' title='bbox 2249 4696 2411 4749; x_wconf 83' lang='grc' dir='ltr'>σώσει</span> <span class='ocrx_word' id='word_1_723' title='bbox 2460 4695 2551 4747; x_wconf 83' lang='grc' dir='ltr'><strong>τὸν</strong></span> <span class='ocrx_word' id='word_1_724' title='bbox 2590 4694 2715 4747; x_wconf 85' lang='grc' dir='ltr'>λαὸν</span> <span class='ocrx_word' id='word_1_725' title='bbox 2747 4692 2910 4746; x_wconf 83' lang='grc' dir='ltr'>αὑτοῦ</span> <span class='ocrx_word' id='word_1_726' title='bbox 2935 4693 3044 4745; x_wconf 78' lang='grc' dir='ltr'><strong>ἀπὸ</strong></span> <span class='ocrx_word' id='word_1_727' title='bbox 3092 4691 3203 4745; x_wconf 87' lang='grc' dir='ltr'><strong>τῶν</strong></span> <span class='ocrx_word' id='word_1_728' title='bbox 3250 4689 3534 4761; x_wconf 84' lang='grc' dir='ltr'>ἁμαρτιῶν</span> <span class='ocrx_word' id='word_1_729' title='bbox 3584 4690 3779 4743; x_wconf 81' lang='grc' dir='ltr'>αὑτοῦ.</span> <span class='ocrx_word' id='word_1_730' title='bbox 3822 4710 3839 4740; x_wconf 74' lang='grc' dir='ltr'><strong>ι</strong></span> 
     </span>
    </p>
   </div>
   <div class='ocr_carea' id='block_1_90' title="bbox 2261 4782 3848 4852">
    <p class='ocr_par' dir='ltr' id='par_1_90' title="bbox 2261 4782 3848 4852">
     <span class='ocr_line' id='line_1_90' title="bbox 2261 4782 3848 4852; baseline -0.003 -12"><span class='ocrx_word' id='word_1_731' title='bbox 2261 4788 2508 4841; x_wconf 83' lang='grc' dir='ltr'>Ἰωσεδὲκ</span> <span class='ocrx_word' id='word_1_732' title='bbox 2536 4787 2593 4839; x_wconf 81' lang='grc' dir='ltr'>δὲ</span> <span class='ocrx_word' id='word_1_733' title='bbox 2623 4788 2824 4839; x_wconf 85' lang='grc' dir='ltr'>νοεῖται</span> <span class='ocrx_word' id='word_1_734' title='bbox 2850 4785 3207 4851; x_wconf 79' lang='grc' dir='ltr'>δικαιοσύνη</span> <span class='ocrx_word' id='word_1_735' title='bbox 3240 4782 3411 4837; x_wconf 86' lang='grc' dir='ltr'>Θεοῦ.</span> <span class='ocrx_word' id='word_1_736' title='bbox 3434 4782 3848 4852; x_wconf 78' lang='grc' dir='ltr'>Δεδικαιιῖ›μεθα</span> 
     </span>
    </p>
   </div>
   <div class='ocr_carea' id='block_1_91' title="bbox 561 4873 2142 4954">
    <p class='ocr_par' dir='ltr' id='par_1_91' title="bbox 561 4879 2142 4954">
     <span class='ocr_line' id='line_1_91' title="bbox 561 4879 2142 4954; baseline 0.005 -24"><span class='ocrx_word' id='word_1_737' title='bbox 561 4879 677 4946; x_wconf 89' lang='lat' dir='ltr'><strong>ipso</strong></span> <span class='ocrx_word' id='word_1_738' title='bbox 720 4896 813 4948; x_wconf 89' lang='lat' dir='ltr'><strong>per</strong></span> <span class='ocrx_word' id='word_1_739' title='bbox 838 4881 993 4937; x_wconf 75' lang='lat' dir='ltr'><strong>{idem</strong></span> <span class='ocrx_word' id='word_1_740' title='bbox 1014 4884 1083 4950; x_wconf 77' lang='lat'><strong>&quot;,</strong></span> <span class='ocrx_word' id='word_1_741' title='bbox 1105 4894 1157 4939; x_wconf 91' lang='lat' dir='ltr'><strong>et</strong></span> <span class='ocrx_word' id='word_1_742' title='bbox 1175 4900 1205 4939; x_wconf 86' lang='lat' dir='ltr'><strong>a</strong></span> <span class='ocrx_word' id='word_1_743' title='bbox 1238 4887 1489 4941; x_wconf 87' lang='lat' dir='ltr'><strong>sordibus</strong></span> <span class='ocrx_word' id='word_1_744' title='bbox 1513 4897 1757 4939; x_wconf 83' lang='lat' dir='ltr'><strong>veterum</strong></span> <span class='ocrx_word' id='word_1_745' title='bbox 1796 4894 2142 4954; x_wconf 86' lang='lat' dir='ltr'><strong>peccatorum</strong></span> 
     </span>
    </p>
   </div>
   <div class='ocr_carea' id='block_1_92' title="bbox 2248 4873 3849 4954">
    <p class='ocr_par' dir='ltr' id='par_1_92' title="bbox 2249 4873 3849 4949">
     <span class='ocr_line' id='line_1_92' title="bbox 2249 4873 3849 4949; baseline -0.005 -18"><span class='ocrx_word' id='word_1_746' title='bbox 2249 4878 2358 4949; x_wconf 87' lang='grc' dir='ltr'>γὰρ</span> <span class='ocrx_word' id='word_1_747' title='bbox 2384 4879 2442 4930; x_wconf 83' lang='grc' dir='ltr'>ὲν</span> <span class='ocrx_word' id='word_1_748' title='bbox 2470 4877 2619 4947; x_wconf 79' lang='grc' dir='ltr'>αὐτῷ</span> <span class='ocrx_word' id='word_1_749' title='bbox 2651 4876 2741 4929; x_wconf 84' lang='grc' dir='ltr'>διὰ</span> <span class='ocrx_word' id='word_1_750' title='bbox 2772 4877 3031 4939; x_wconf 86' lang='grc' dir='ltr'>πίστεως,</span> <span class='ocrx_word' id='word_1_751' title='bbox 3057 4875 3152 4927; x_wconf 77' lang='grc' dir='ltr'><strong>καὶ</strong></span> <span class='ocrx_word' id='word_1_752' title='bbox 3175 4873 3282 4926; x_wconf 90' lang='grc' dir='ltr'><strong>τῶν</strong></span> <span class='ocrx_word' id='word_1_753' title='bbox 3313 4874 3559 4943; x_wconf 84' lang='grc' dir='ltr'>ἀρχαίων</span> <span class='ocrx_word' id='word_1_754' title='bbox 3587 4874 3849 4943; x_wconf 85' lang='grc' dir='ltr'>αἰτιαμά-</span> 
     </span>
    </p>
   </div>
   <div class='ocr_carea' id='block_1_93' title="bbox 561 4965 2142 5046">
    <p class='ocr_par' dir='ltr' id='par_1_93' title="bbox 561 4971 2142 5046">
     <span class='ocr_line' id='line_1_93' title="bbox 561 4971 2142 5046; baseline 0.008 -24"><span class='ocrx_word' id='word_1_755' title='bbox 561 4971 726 5025; x_wconf 87' lang='lat' dir='ltr'><strong>abluti</strong></span> <span class='ocrx_word' id='word_1_756' title='bbox 772 4989 976 5029; x_wconf 89' lang='lat' dir='ltr'><strong>sumus.</strong></span> <span class='ocrx_word' id='word_1_757' title='bbox 1019 4976 1141 5045; x_wconf 85' lang='lat' dir='ltr'><strong>Ipse</strong></span> <span class='ocrx_word' id='word_1_758' title='bbox 1195 4992 1294 5032; x_wconf 88' lang='lat' dir='ltr'><strong>nos</strong></span> <span class='ocrx_word' id='word_1_759' title='bbox 1324 4979 1565 5046; x_wconf 88' lang='lat' dir='ltr'><strong>captivos</strong></span> <span class='ocrx_word' id='word_1_760' title='bbox 1613 4977 1861 5032; x_wconf 86' lang='lat' dir='ltr'><strong>liberavit</strong></span> <span class='ocrx_word' id='word_1_761' title='bbox 1915 4975 1984 5040; x_wconf 81' lang='grc'><strong>⁸³,</strong></span> <span class='ocrx_word' id='word_1_762' title='bbox 2012 4988 2065 5030; x_wconf 85' lang='grc' dir='ltr'><strong>ει</strong></span> <span class='ocrx_word' id='word_1_763' title='bbox 2118 4992 2142 5030; x_wconf 82' lang='lat' dir='ltr'><strong>a</strong></span> 
     </span>
    </p>
   </div>
   <div class='ocr_carea' id='block_1_94' title="bbox 2248 4965 3841 5046">
    <p class='ocr_par' dir='ltr' id='par_1_94' title="bbox 2248 4965 3841 5041">
     <span class='ocr_line' id='line_1_94' title="bbox 2248 4965 3841 5041; baseline -0.004 -17"><span class='ocrx_word' id='word_1_764' title='bbox 2248 4988 2355 5025; x_wconf 89' lang='grc' dir='ltr'><strong>των</strong></span> <span class='ocrx_word' id='word_1_765' title='bbox 2394 4971 2487 5023; x_wconf 82' lang='grc' dir='ltr'><strong>τὸν</strong></span> <span class='ocrx_word' id='word_1_766' title='bbox 2534 4970 2704 5041; x_wconf 76' lang='grc' dir='ltr'>ῥύπον</span> <span class='ocrx_word' id='word_1_767' title='bbox 2735 4967 3144 5038; x_wconf 77' lang='grc' dir='ltr'>ἀπενιψάμεθα.</span> <span class='ocrx_word' id='word_1_768' title='bbox 3180 4967 3351 5029; x_wconf 78' lang='grc' dir='ltr'>Αὐτὸς</span> <span class='ocrx_word' id='word_1_769' title='bbox 3387 4967 3533 5036; x_wconf 80' lang='grc' dir='ltr'>ἡμᾶς</span> <span class='ocrx_word' id='word_1_770' title='bbox 3560 4965 3841 5034; x_wconf 74' lang='grc' dir='ltr'>αἰχμαλώο</span> 
     </span>
    </p>
   </div>
   <div class='ocr_carea' id='block_1_95' title="bbox 560 5056 2142 5139">
    <p class='ocr_par' dir='ltr' id='par_1_95' title="bbox 560 5063 2142 5139">
     <span class='ocr_line' id='line_1_95' title="bbox 560 5063 2142 5139; baseline 0.005 -24"><span class='ocrx_word' id='word_1_771' title='bbox 560 5063 836 5130; x_wconf 83' lang='lat' dir='ltr'><strong>servitute,</strong></span> <span class='ocrx_word' id='word_1_772' title='bbox 904 5083 1064 5137; x_wconf 89' lang='lat' dir='ltr'><strong>quam</strong></span> <span class='ocrx_word' id='word_1_773' title='bbox 1128 5078 1309 5123; x_wconf 89' lang='lat' dir='ltr'><strong>mente</strong></span> <span class='ocrx_word' id='word_1_774' title='bbox 1357 5070 1603 5139; x_wconf 86' lang='lat' dir='ltr'><strong>capimus</strong></span> <span class='ocrx_word' id='word_1_775' title='bbox 1653 5083 1751 5124; x_wconf 89' lang='lat' dir='ltr'><strong>nos</strong></span> <span class='ocrx_word' id='word_1_776' title='bbox 1811 5070 2029 5135; x_wconf 79' lang='lat' dir='ltr'><strong>exemit,</strong></span> <span class='ocrx_word' id='word_1_777' title='bbox 2093 5080 2142 5123; x_wconf 92' lang='lat' dir='ltr'><strong>et</strong></span> 
     </span>
    </p>
   </div>
   <div class='ocr_carea' id='block_1_96' title="bbox 2248 5056 3847 5139">
    <p class='ocr_par' dir='ltr' id='par_1_96' title="bbox 2249 5056 3847 5131">
     <span class='ocr_line' id='line_1_96' title="bbox 2249 5056 3847 5131; baseline -0.005 -16"><span class='ocrx_word' id='word_1_778' title='bbox 2249 5081 2377 5125; x_wconf 85' lang='grc' dir='ltr'>τους</span> <span class='ocrx_word' id='word_1_779' title='bbox 2412 5062 2571 5124; x_wconf 74' lang='grc' dir='ltr'>ὄντας</span> <span class='ocrx_word' id='word_1_780' title='bbox 2616 5060 2903 5131; x_wconf 77' lang='grc' dir='ltr'>ἐρρύσατο,</span> <span class='ocrx_word' id='word_1_781' title='bbox 2936 5060 3029 5111; x_wconf 81' lang='grc' dir='ltr'><strong>καὶ</strong></span> <span class='ocrx_word' id='word_1_782' title='bbox 3063 5058 3162 5127; x_wconf 86' lang='grc' dir='ltr'><strong>τῆς</strong></span> <span class='ocrx_word' id='word_1_783' title='bbox 3194 5056 3392 5127; x_wconf 86' lang='grc' dir='ltr'>νοητῆς</span> <span class='ocrx_word' id='word_1_784' title='bbox 3426 5056 3671 5118; x_wconf 88' lang='grc' dir='ltr'>δουλείας</span> <span class='ocrx_word' id='word_1_785' title='bbox 3702 5056 3847 5122; x_wconf 79' lang='grc' dir='ltr'>ὲξεί·</span> 
     </span>
    </p>
   </div>
   <div class='ocr_carea' id='block_1_97' title="bbox 564 5144 2142 5231">
    <p class='ocr_par' dir='ltr' id='par_1_97' title="bbox 564 5161 2141 5231">
     <span class='ocr_line' id='line_1_97' title="bbox 564 5161 2141 5231; baseline 0.004 -24"><span class='ocrx_word' id='word_1_786' title='bbox 564 5170 819 5224; x_wconf 82' lang='lat' dir='ltr'><strong>tanquam</strong></span> <span class='ocrx_word' id='word_1_787' title='bbox 865 5175 929 5214; x_wconf 87' lang='lat' dir='ltr'><strong>ex</strong></span> <span class='ocrx_word' id='word_1_788' title='bbox 978 5164 1263 5229; x_wconf 84' lang='lat' dir='ltr'><strong>peregrina</strong></span> <span class='ocrx_word' id='word_1_789' title='bbox 1333 5172 1389 5216; x_wconf 91' lang='lat' dir='ltr'><strong>et</strong></span> <span class='ocrx_word' id='word_1_790' title='bbox 1445 5161 1868 5231; x_wconf 88' lang='lat' dir='ltr'><strong>alienigenarum</strong></span> <span class='ocrx_word' id='word_1_791' title='bbox 1902 5162 2141 5231; x_wconf 82' lang='lat' dir='ltr'><strong>regione,</strong></span> 
     </span>
    </p>
   </div>
   <div class='ocr_carea' id='block_1_98' title="bbox 2248 5144 3848 5231">
    <p class='ocr_par' dir='ltr' id='par_1_98' title="bbox 2255 5144 3848 5222">
     <span class='ocr_line' id='line_1_98' title="bbox 2255 5144 3848 5222; baseline -0.007 -15"><span class='ocrx_word' id='word_1_792' title='bbox 2255 5155 2397 5217; x_wconf 83' lang='grc' dir='ltr'>λετο,</span> <span class='ocrx_word' id='word_1_793' title='bbox 2435 5154 2529 5206; x_wconf 76' lang='grc' dir='ltr'>καὶ</span> <span class='ocrx_word' id='word_1_794' title='bbox 2556 5148 2756 5222; x_wconf 78' lang='grc' dir='ltr'>οἷάπερ</span> <span class='ocrx_word' id='word_1_795' title='bbox 2808 5151 2868 5215; x_wconf 81' lang='grc' dir='ltr'><strong>ἐξ</strong></span> <span class='ocrx_word' id='word_1_796' title='bbox 2915 5149 3222 5219; x_wconf 81' lang='grc' dir='ltr'>ἀλλοδαπῆς</span> <span class='ocrx_word' id='word_1_797' title='bbox 3251 5148 3345 5201; x_wconf 75' lang='grc' dir='ltr'><strong>καὶ</strong></span> <span class='ocrx_word' id='word_1_798' title='bbox 3384 5146 3486 5216; x_wconf 88' lang='grc' dir='ltr'><strong>τῆς</strong></span> <span class='ocrx_word' id='word_1_799' title='bbox 3527 5144 3848 5211; x_wconf 80' lang='grc' dir='ltr'>ἀλλοφύλων</span> 
     </span>
    </p>
   </div>
   <div class='ocr_carea' id='block_1_99' title="bbox 560 5235 2142 5324">
    <p class='ocr_par' dir='ltr' id='par_1_99' title="bbox 560 5252 2142 5324">
     <span class='ocr_line' id='line_1_99' title="bbox 560 5252 2142 5324; baseline 0.004 -21"><span class='ocrx_word' id='word_1_800' title='bbox 560 5266 629 5304; x_wconf 74' lang='lat' dir='ltr'><strong>ex</strong></span> <span class='ocrx_word' id='word_1_801' title='bbox 686 5252 948 5307; x_wconf 87' lang='lat' dir='ltr'><strong>diabolica</strong></span> <span class='ocrx_word' id='word_1_802' title='bbox 1011 5256 1325 5310; x_wconf 88' lang='lat' dir='ltr'><strong>seductione</strong></span> <span class='ocrx_word' id='word_1_803' title='bbox 1376 5257 1442 5310; x_wconf 90' lang='lat' dir='ltr'><strong>ad</strong></span> <span class='ocrx_word' id='word_1_804' title='bbox 1496 5255 1593 5310; x_wconf 90' lang='lat' dir='ltr'><strong>Dei</strong></span> <span class='ocrx_word' id='word_1_805' title='bbox 1647 5255 2030 5324; x_wconf 88' lang='lat' dir='ltr'><strong>cognitionem,</strong></span> <span class='ocrx_word' id='word_1_806' title='bbox 2091 5262 2142 5309; x_wconf 87' lang='lat' dir='ltr'><strong>et</strong></span> 
     </span>
    </p>
   </div>
   <div class='ocr_carea' id='block_1_100' title="bbox 2248 5235 3845 5324">
    <p class='ocr_par' dir='ltr' id='par_1_100' title="bbox 2252 5235 3845 5316">
     <span class='ocr_line' id='line_1_100' title="bbox 2252 5235 3845 5316; baseline -0.006 -17"><span class='ocrx_word' id='word_1_807' title='bbox 2252 5248 2353 5316; x_wconf 88' lang='grc' dir='ltr'><strong>τῆς</strong></span> <span class='ocrx_word' id='word_1_808' title='bbox 2379 5242 2763 5315; x_wconf 84' lang='grc' dir='ltr'>δαιμονιώδους</span> <span class='ocrx_word' id='word_1_809' title='bbox 2807 5240 3025 5312; x_wconf 83' lang='grc' dir='ltr'>ἀπάτης</span> <span class='ocrx_word' id='word_1_810' title='bbox 3075 5240 3475 5308; x_wconf 82' lang='grc' dir='ltr'>ἅνακεκόμικεν</span> <span class='ocrx_word' id='word_1_811' title='bbox 3506 5239 3586 5299; x_wconf 86' lang='grc' dir='ltr'>εἰς</span> <span class='ocrx_word' id='word_1_812' title='bbox 3610 5235 3845 5302; x_wconf 87' lang='grc' dir='ltr'>θεογνω-</span> 
     </span>
    </p>
   </div>
   <div class='ocr_carea' id='block_1_101' title="bbox 563 5325 2142 5413">
    <p class='ocr_par' dir='ltr' id='par_1_101' title="bbox 563 5344 2142 5413">
     <span class='ocr_line' id='line_1_101' title="bbox 563 5344 2142 5413; baseline 0.005 -20"><span class='ocrx_word' id='word_1_813' title='bbox 563 5350 872 5397; x_wconf 86' lang='lat' dir='ltr'><strong>sanctorum</strong></span> <span class='ocrx_word' id='word_1_814' title='bbox 912 5344 1184 5401; x_wconf 84' lang='lat' dir='ltr'><strong>civitatem</strong></span> <span class='ocrx_word' id='word_1_815' title='bbox 1219 5347 1497 5413; x_wconf 85' lang='lat' dir='ltr'><strong>eximiam,</strong></span> <span class='ocrx_word' id='word_1_816' title='bbox 1539 5361 1665 5402; x_wconf 85' lang='lat' dir='ltr'><strong>vere</strong></span> <span class='ocrx_word' id='word_1_817' title='bbox 1746 5355 1986 5401; x_wconf 84' lang='lat' dir='ltr'><strong>sanctam</strong></span> <span class='ocrx_word' id='word_1_818' title='bbox 2049 5345 2142 5401; x_wconf 84' lang='lat' dir='ltr'><strong>Je-</strong></span> 
     </span>
    </p>
   </div>
   <div class='ocr_carea' id='block_1_102' title="bbox 2248 5325 3847 5413">
    <p class='ocr_par' dir='ltr' id='par_1_102' title="bbox 2251 5325 3847 5406">
     <span class='ocr_line' id='line_1_102' title="bbox 2251 5325 3847 5406; baseline -0.007 -17"><span class='ocrx_word' id='word_1_819' title='bbox 2251 5339 2396 5399; x_wconf 86' lang='grc' dir='ltr'>σίαν,</span> <span class='ocrx_word' id='word_1_820' title='bbox 2432 5335 2529 5389; x_wconf 78' lang='grc' dir='ltr'>καὶ</span> <span class='ocrx_word' id='word_1_821' title='bbox 2571 5337 2651 5398; x_wconf 85' lang='grc' dir='ltr'><strong>είς</strong></span> <span class='ocrx_word' id='word_1_822' title='bbox 2683 5335 2782 5406; x_wconf 86' lang='grc' dir='ltr'><strong>τὴν</strong></span> <span class='ocrx_word' id='word_1_823' title='bbox 2816 5334 2923 5386; x_wconf 88' lang='grc' dir='ltr'><strong>τῶν</strong></span> <span class='ocrx_word' id='word_1_824' title='bbox 2962 5333 3132 5402; x_wconf 84' lang='grc' dir='ltr'>ἁγίων</span> <span class='ocrx_word' id='word_1_825' title='bbox 3167 5330 3504 5392; x_wconf 85' lang='grc' dir='ltr'>καλλίπολιν,</span> <span class='ocrx_word' id='word_1_826' title='bbox 3536 5328 3637 5398; x_wconf 84' lang='grc' dir='ltr'><strong>τὴν</strong></span> <span class='ocrx_word' id='word_1_827' title='bbox 3679 5325 3847 5394; x_wconf 82' lang='grc' dir='ltr'>ἁγίαν</span> 
     </span>
    </p>
   </div>
   <div class='ocr_carea' id='block_1_103' title="bbox 567 5417 2142 5507">
    <p class='ocr_par' dir='ltr' id='par_1_103' title="bbox 567 5433 2142 5507">
     <span class='ocr_line' id='line_1_103' title="bbox 567 5433 2142 5507; baseline 0.003 -22"><span class='ocrx_word' id='word_1_828' title='bbox 567 5433 825 5500; x_wconf 86' lang='lat' dir='ltr'><strong>rusalem,</strong></span> <span class='ocrx_word' id='word_1_829' title='bbox 893 5451 1012 5505; x_wconf 68' lang='lat' dir='ltr'><strong>quae</strong></span> <span class='ocrx_word' id='word_1_830' title='bbox 1064 5448 1149 5492; x_wconf 91' lang='lat' dir='ltr'><strong>est</strong></span> <span class='ocrx_word' id='word_1_831' title='bbox 1206 5437 1470 5503; x_wconf 85' lang='lat' dir='ltr'><strong>Ecclesia,</strong></span> <span class='ocrx_word' id='word_1_832' title='bbox 1536 5438 1770 5494; x_wconf 85' lang='lat' dir='ltr'><strong>reduxit.</strong></span> <span class='ocrx_word' id='word_1_833' title='bbox 1806 5439 2142 5507; x_wconf 84' lang='lat' dir='ltr'><strong>Quapropter</strong></span> 
     </span>
    </p>
   </div>
   <div class='ocr_carea' id='block_1_104' title="bbox 2248 5417 3846 5507">
    <p class='ocr_par' dir='ltr' id='par_1_104' title="bbox 2255 5417 3846 5499">
     <span class='ocr_line' id='line_1_104' title="bbox 2255 5417 3846 5499; baseline -0.007 -17"><span class='ocrx_word' id='word_1_834' title='bbox 2255 5429 2470 5499; x_wconf 88' lang='grc' dir='ltr'>ἀληθῶς</span> <span class='ocrx_word' id='word_1_835' title='bbox 2506 5426 2893 5499; x_wconf 82' lang='grc' dir='ltr'>Ἰερουσαλὴμ,</span> <span class='ocrx_word' id='word_1_836' title='bbox 2936 5428 3058 5497; x_wconf 77' lang='grc' dir='ltr'>ἥτις</span> <span class='ocrx_word' id='word_1_837' title='bbox 3102 5425 3248 5478; x_wconf 71' lang='grc' dir='ltr'>ἐστὶν</span> <span class='ocrx_word' id='word_1_838' title='bbox 3299 5425 3333 5494; x_wconf 81' lang='grc' dir='ltr'>ἡ</span> <span class='ocrx_word' id='word_1_839' title='bbox 3372 5420 3690 5489; x_wconf 86' lang='grc' dir='ltr'>Ἐκκλησία.</span> <span class='ocrx_word' id='word_1_840' title='bbox 3747 5417 3846 5472; x_wconf 76' lang='grc' dir='ltr'><strong>Διὰ</strong></span> 
     </span>
    </p>
   </div>
   <div class='ocr_carea' id='block_1_105' title="bbox 567 5513 2142 5598">
    <p class='ocr_par' dir='ltr' id='par_1_105' title="bbox 567 5528 2142 5598">
     <span class='ocr_line' id='line_1_105' title="bbox 567 5528 2142 5598; baseline 0.001 -19"><span class='ocrx_word' id='word_1_841' title='bbox 567 5534 714 5580; x_wconf 83' lang='lat' dir='ltr'><strong>recta</strong></span> <span class='ocrx_word' id='word_1_842' title='bbox 765 5536 821 5583; x_wconf 89' lang='lat' dir='ltr'><strong>et</strong></span> <span class='ocrx_word' id='word_1_843' title='bbox 880 5528 1152 5598; x_wconf 84' lang='lat' dir='ltr'><strong>inculpata</strong></span> <span class='ocrx_word' id='word_1_844' title='bbox 1204 5529 1328 5594; x_wconf 81' lang='lat' dir='ltr'><strong>ﬁde,</strong></span> <span class='ocrx_word' id='word_1_845' title='bbox 1374 5538 1429 5585; x_wconf 90' lang='lat' dir='ltr'><strong>et</strong></span> <span class='ocrx_word' id='word_1_846' title='bbox 1493 5531 1753 5586; x_wconf 88' lang='lat' dir='ltr'><strong>virtutum</strong></span> <span class='ocrx_word' id='word_1_847' title='bbox 1808 5528 2142 5584; x_wconf 83' lang='lat' dir='ltr'><strong>ornamentis</strong></span> 
     </span>
    </p>
   </div>
   <div class='ocr_carea' id='block_1_106' title="bbox 2248 5513 3845 5598">
    <p class='ocr_par' dir='ltr' id='par_1_106' title="bbox 2254 5513 3845 5592">
     <span class='ocr_line' id='line_1_106' title="bbox 2254 5513 3845 5592; baseline -0.008 -14"><span class='ocrx_word' id='word_1_848' title='bbox 2254 5524 2413 5578; x_wconf 86' lang='grc' dir='ltr'>τοῦτο</span> <span class='ocrx_word' id='word_1_849' title='bbox 2436 5521 2793 5592; x_wconf 86' lang='grc' dir='ltr'>στεφανοῦται</span> <span class='ocrx_word' id='word_1_850' title='bbox 2821 5520 2958 5591; x_wconf 82' lang='grc' dir='ltr'>πρὸς</span> <span class='ocrx_word' id='word_1_851' title='bbox 2986 5518 3143 5589; x_wconf 89' lang='grc' dir='ltr'>ήμῶν</span> <span class='ocrx_word' id='word_1_852' title='bbox 3168 5516 3303 5589; x_wconf 80' lang='grc' dir='ltr'>ὀρθῇ</span> <span class='ocrx_word' id='word_1_853' title='bbox 3329 5516 3425 5570; x_wconf 71' lang='grc' dir='ltr'><strong>καὶ</strong></span> <span class='ocrx_word' id='word_1_854' title='bbox 3450 5513 3845 5584; x_wconf 82' lang='grc' dir='ltr'>ἀνεπιπλήκτῳ</span> 
     </span>
    </p>
   </div>
   <div class='ocr_carea' id='block_1_107' title="bbox 567 5609 2142 5690">
    <p class='ocr_par' dir='ltr' id='par_1_107' title="bbox 567 5613 2142 5690">
     <span class='ocr_line' id='line_1_107' title="bbox 567 5613 2142 5690; baseline 0.001 -20"><span class='ocrx_word' id='word_1_855' title='bbox 567 5613 897 5686; x_wconf 74' lang='lat' dir='ltr'><strong>Itymnisque</strong></span> <span class='ocrx_word' id='word_1_856' title='bbox 916 5619 1117 5687; x_wconf 86' lang='lat' dir='ltr'><strong>gratias</strong></span> <span class='ocrx_word' id='word_1_857' title='bbox 1151 5620 1437 5690; x_wconf 86' lang='lat' dir='ltr'><strong>agentibus</strong></span> <span class='ocrx_word' id='word_1_858' title='bbox 1470 5637 1499 5676; x_wconf 88' lang='lat' dir='ltr'><strong>a</strong></span> <span class='ocrx_word' id='word_1_859' title='bbox 1522 5622 1683 5677; x_wconf 86' lang='lat' dir='ltr'><strong>nobis</strong></span> <span class='ocrx_word' id='word_1_860' title='bbox 1707 5629 2023 5677; x_wconf 87' lang='lat' dir='ltr'><strong>coronatur.</strong></span> <span class='ocrx_word' id='word_1_861' title='bbox 2082 5617 2142 5672; x_wconf 87' lang='lat' dir='ltr'><strong>Et</strong></span> 
     </span>
    </p>
   </div>
   <div class='ocr_carea' id='block_1_108' title="bbox 2248 5609 3840 5690">
    <p class='ocr_par' dir='ltr' id='par_1_108' title="bbox 2257 5609 3840 5685">
     <span class='ocr_line' id='line_1_108' title="bbox 2257 5609 3840 5685; baseline -0.008 -14"><span class='ocrx_word' id='word_1_862' title='bbox 2257 5618 2459 5681; x_wconf 87' lang='grc' dir='ltr'>πίστει,</span> <span class='ocrx_word' id='word_1_863' title='bbox 2494 5617 2589 5670; x_wconf 72' lang='grc' dir='ltr'><strong>καὶ</strong></span> <span class='ocrx_word' id='word_1_864' title='bbox 2633 5618 2747 5679; x_wconf 87' lang='grc' dir='ltr'>τοῖς</span> <span class='ocrx_word' id='word_1_865' title='bbox 2795 5614 2876 5677; x_wconf 84' lang='grc' dir='ltr'>εἰς</span> <span class='ocrx_word' id='word_1_866' title='bbox 2915 5613 3119 5685; x_wconf 77' lang='grc' dir='ltr'>ἀρετὴν</span> <span class='ocrx_word' id='word_1_867' title='bbox 3167 5613 3502 5684; x_wconf 85' lang='grc' dir='ltr'>αὐχήμασιν,</span> <span class='ocrx_word' id='word_1_868' title='bbox 3540 5609 3731 5679; x_wconf 74' lang='grc' dir='ltr'>ὕμνοις</span> <span class='ocrx_word' id='word_1_869' title='bbox 3783 5622 3840 5658; x_wconf 80' lang='grc' dir='ltr'><strong>τε</strong></span> 
     </span>
    </p>
   </div>
   <div class='ocr_carea' id='block_1_109' title="bbox 573 5701 2142 5785">
    <p class='ocr_par' dir='ltr' id='par_1_109' title="bbox 573 5708 2142 5785">
     <span class='ocr_line' id='line_1_109' title="bbox 573 5708 2142 5785; baseline 0.003 -25"><span class='ocrx_word' id='word_1_870' title='bbox 573 5722 788 5763; x_wconf 62' lang='lat' dir='ltr'><strong>corona:</strong></span> <span class='ocrx_word' id='word_1_871' title='bbox 816 5708 1031 5778; x_wconf 90' lang='lat' dir='ltr'><strong>quidem</strong></span> <span class='ocrx_word' id='word_1_872' title='bbox 1060 5710 1163 5765; x_wconf 86' lang='lat' dir='ltr'><strong>illac</strong></span> <span class='ocrx_word' id='word_1_873' title='bbox 1222 5727 1399 5769; x_wconf 67' lang='lat' dir='ltr'><strong>aureae</strong></span> <span class='ocrx_word' id='word_1_874' title='bbox 1445 5724 1500 5769; x_wconf 92' lang='lat' dir='ltr'><strong>et</strong></span> <span class='ocrx_word' id='word_1_875' title='bbox 1555 5722 1820 5785; x_wconf 67' lang='lat' dir='ltr'><strong>argentea:</strong></span> <span class='ocrx_word' id='word_1_876' title='bbox 1865 5720 2043 5775; x_wconf 87' lang='lat' dir='ltr'><strong>erant,</strong></span> <span class='ocrx_word' id='word_1_877' title='bbox 2093 5717 2142 5765; x_wconf 90' lang='lat' dir='ltr'><strong>ct</strong></span> 
     </span>
    </p>
   </div>
   <div class='ocr_carea' id='block_1_110' title="bbox 2248 5701 3845 5785">
    <p class='ocr_par' dir='ltr' id='par_1_110' title="bbox 2252 5701 3845 5784">
     <span class='ocr_line' id='line_1_110' title="bbox 2252 5701 3845 5784; baseline -0.007 -20"><span class='ocrx_word' id='word_1_878' title='bbox 2252 5714 2365 5776; x_wconf 82' lang='grc' dir='ltr'>τοῖς</span> <span class='ocrx_word' id='word_1_879' title='bbox 2392 5710 2788 5783; x_wconf 84' lang='grc' dir='ltr'>χαριστηρίοις.</span> <span class='ocrx_word' id='word_1_880' title='bbox 2835 5709 2945 5763; x_wconf 78' lang='grc' dir='ltr'>Καὶ</span> <span class='ocrx_word' id='word_1_881' title='bbox 2983 5708 3033 5760; x_wconf 88' lang='grc' dir='ltr'>οἱ</span> <span class='ocrx_word' id='word_1_882' title='bbox 3071 5707 3167 5779; x_wconf 87' lang='grc' dir='ltr'><strong>μὲν</strong></span> <span class='ocrx_word' id='word_1_883' title='bbox 3197 5706 3258 5761; x_wconf 82' lang='grc' dir='ltr'><strong>τδ</strong></span> <span class='ocrx_word' id='word_1_884' title='bbox 3286 5704 3541 5776; x_wconf 80' lang='grc' dir='ltr'>τηνικάδε</span> <span class='ocrx_word' id='word_1_885' title='bbox 3586 5701 3845 5784; x_wconf 55' lang='grc' dir='ltr'>στέφανιι</span> 
     </span>
    </p>
   </div>
   <div class='ocr_carea' id='block_1_111' title="bbox 642 5876 2142 5963">
    <p class='ocr_par' dir='ltr' id='par_1_111' title="bbox 642 5883 2142 5963">
     <span class='ocr_line' id='line_1_111' title="bbox 642 5883 2142 5963; baseline 0.005 -22"><span class='ocrx_word' id='word_1_886' title='bbox 642 5883 690 5919; x_wconf 82' lang='grc'><strong>⁷⁸</strong></span> <span class='ocrx_word' id='word_1_887' title='bbox 729 5886 890 5943; x_wconf 83' lang='lat' dir='ltr'><strong>Ilcbt&#39;.</strong></span> <span class='ocrx_word' id='word_1_888' title='bbox 940 5905 1032 5957; x_wconf 81' lang='lat' dir='ltr'><strong>vlt,</strong></span> <span class='ocrx_word' id='word_1_889' title='bbox 1074 5893 1159 5946; x_wconf 74' lang='lat'><strong>26.</strong></span> <span class='ocrx_word' id='word_1_890' title='bbox 1239 5894 1281 5924; x_wconf 78' lang='grc'><strong>⁷⁹</strong></span> <span class='ocrx_word' id='word_1_891' title='bbox 1325 5893 1548 5951; x_wconf 83' lang='lat' dir='ltr'><strong>Zachar.</strong></span> <span class='ocrx_word' id='word_1_892' title='bbox 1588 5911 1659 5957; x_wconf 85' lang='grc' dir='ltr'><strong>ιν,</strong></span> <span class='ocrx_word' id='word_1_893' title='bbox 1696 5895 1743 5949; x_wconf 78' lang='lat'><strong>9.</strong></span> <span class='ocrx_word' id='word_1_894' title='bbox 1825 5895 1867 5923; x_wconf 66' lang='grc' dir='ltr'><strong>⁸ο</strong></span> <span class='ocrx_word' id='word_1_895' title='bbox 1903 5892 2031 5949; x_wconf 85' lang='lat' dir='ltr'><strong>Luc.</strong></span> <span class='ocrx_word' id='word_1_896' title='bbox 2078 5896 2142 5963; x_wconf 72' lang='lat'><strong>1,2</strong></span> 
     </span>
    </p>
   </div>
   <div class='ocr_carea' id='block_1_112' title="bbox 2248 5876 3840 5963">
    <p class='ocr_par' dir='ltr' id='par_1_112' title="bbox 2302 5876 3840 5954">
     <span class='ocr_line' id='line_1_112' title="bbox 2302 5876 3840 5954; baseline -0.009 -11"><span class='ocrx_word' id='word_1_897' title='bbox 2302 5893 2343 5924; x_wconf 69' lang='grc'><strong>⁸³</strong></span> <span class='ocrx_word' id='word_1_898' title='bbox 2380 5890 2567 5946; x_wconf 74' lang='lat' dir='ltr'><strong>Matth.</strong></span> <span class='ocrx_word' id='word_1_899' title='bbox 2609 5903 2648 5954; x_wconf 86' lang='grc' dir='ltr'><strong>ι,</strong></span> <span class='ocrx_word' id='word_1_900' title='bbox 2684 5889 2771 5941; x_wconf 67' lang='lat'><strong>2|.</strong></span> <span class='ocrx_word' id='word_1_901' title='bbox 2852 5888 2895 5916; x_wconf 78' lang='lat'><strong>&quot;</strong></span> <span class='ocrx_word' id='word_1_902' title='bbox 2938 5886 3091 5939; x_wconf 76' lang='lat' dir='ltr'><strong>Rom.</strong></span> <span class='ocrx_word' id='word_1_903' title='bbox 3130 5899 3179 5951; x_wconf 89' lang='lat' dir='ltr'><strong>v,</strong></span> <span class='ocrx_word' id='word_1_904' title='bbox 3208 5884 3253 5936; x_wconf 89' lang='lat' dir='ltr'><strong>l.</strong></span> <span class='ocrx_word' id='word_1_905' title='bbox 3334 5882 3379 5913; x_wconf 84' lang='grc'><strong>⁸³</strong></span> <span class='ocrx_word' id='word_1_906' title='bbox 3421 5879 3595 5937; x_wconf 65' lang='grc' dir='ltr'>ϐειιοι.</span> <span class='ocrx_word' id='word_1_907' title='bbox 3643 5893 3711 5945; x_wconf 87' lang='lat' dir='ltr'><strong>tv,</strong></span> <span class='ocrx_word' id='word_1_908' title='bbox 3755 5876 3840 5931; x_wconf 71' lang='lat'><strong>3|.</strong></span> 
     </span>
    </p>
   </div>
  </div>
