4130 6482
271 297 340 350 07
1137 285 1703 344 COMMENTARIUS
1744 285 1810 340 ΙΝ
1854 287 2262 344 ZACHARIAM
2306 289 2755 346 PBOPllETAM.
3508 295 3580 353 98
3657 365 3672 372 γ,

270 412 471 484 χρυσοῖ
499 425 559 462 τε
592 404 761 479 ἦσαν,
785 409 879 461 καὶ
902 407 1160 479 ἀργυροῖ,
1188 407 1285 460 καὶ
1312 405 1372 471 ἐξ
1396 405 1534 475 ὕλης
1559 407 1891 460 κατεσκευά-

1999 423 2064 462 ex
2097 408 2321 463 materia
2347 410 2585 478 peritura
2614 410 2835 464 ﬁebant.
2863 411 3065 479 Atquze
3087 426 3115 464 a
3155 412 3310 468 nobis
3339 417 3584 482 plectun-

268 508 428 569 ζοντο
456 504 556 574 τῆς
593 502 864 574 φθαρτῆς.
891 499 955 554 Ui.
988 500 1043 553 δέ
1077 517 1143 569 γε
1176 501 1312 572 πρὸς
1336 498 1498 570 ἡμῶν
1525 497 1892 568 πεπλεγμένοι

170 607 178 614 ‘
268 612 325 649 τε
365 595 462 647 καὶ
492 590 881 662 ἀνημ[μ]ένοι,
915 593 1104 662 γήϊνον
1130 590 1232 660 μὲν
1253 589 1469 660 ἔχουσιν
1485 589 1664 642 οὐδέν’
1704 588 1891 643 συντέ-

269 689 480 738 θεινται
512 685 571 737 δὲ
605 682 809 754 μᾶλλον
841 684 907 735 ὲκ
940 681 1040 752 τῆς
1073 681 1153 753 τῷ
1185 681 1306 752 Θεῷ
1349 681 1675 753 πρεπούσης
1710 681 1889 753 δόξης.

280 775 642 846 Ἀνατίθεμεν
663 775 772 845 γὰρ
794 773 946 844 αὐτῷ
961 775 1044 842 ὡς,
1059 773 1260 846 χρυσὸν
1284 774 1403 846 μὲν,
1432 774 1542 828 τῶν
1571 774 1704 842 περὶ
1726 774 1890 827 αὐτοῦ

265 869 560 939 δογμάτων
594 867 700 938 τὴν
731 866 953 937 ἀπλανῆ
986 865 1255 937 Θεωρίαν·
1293 866 1370 930 ὡς
1407 866 1654 938 ἄργυρον
1680 864 1892 936 δὲ,,τὴν

267 962 326 1028 ἐξ
353 962 543 1032 ἔργων
592 961 822 1030 ἀγαθῶν
849 959 1189 1030 φαιδρότητα
1234 959 1456 1029 νοητήν.
1483 959 1640 1012 Ἔστι
1697 957 1756 1012 δὲ
1796 957 1890 1010 καὶ

269 1055 472 1126 ἑτέρως
505 1054 853 1122 στέφανόςτε
878 1054 973 1107 καὶ
995 1052 1122 1119 δόξα
1152 1050 1416 1124 Χριστοῦ,
1437 1051 1545 1105 τῶν
1570 1053 1701 1122 παρ’
1719 1049 1887 1104 αὐτοῦ

270 1143 640 1213 σεσωσμένων
673 1145 708 1214 ἡ
743 1141 1007 1213 σωτηρία.
1037 1141 1316 1196 Σέσωσται
1345 1142 1454 1214 γὰρ
1489 1142 1590 1196 οὐκ
1615 1141 1766 1206 ἔθνος
1803 1140 1884 1207 ἓν,

268 1232 528 1304 καθάπερ
576 1233 776 1304 ἀμέλει
833 1233 928 1286 xa‘t
981 1233 1153 1289 πάλαι
1201 1234 1290 1288 διὰ
1315 1234 1562 1298 Μωσέως
1589 1237 1616 1288 ὁ
1644 1233 1886 1307 Ἰσραὴλ,

269 1323 379 1376 ἀλλ’
427 1323 531 1393 ὅλη
569 1323 762 1376 λοιπὸν
798 1323 889 1377 ὑπ’
917 1324 1148 1396 οὐρανόν
1169 1341 1183 1356 ⁸
1218 1324 1427 1397 ἔπρεπε
1459 1327 1570 1396 γὰρ
1598 1327 1692 1379 καὶ
1725 1326 1886 1379 τοῦτο

269 1417 344 1487 τῷ
365 1416 828 1489 Χριστῷ.Ἀθρει
857 1417 937 1486 δὲ,
970 1419 1120 1483 ὅπως
1153 1419 1304 1492 παρὰ
1333 1419 1442 1474 τῶν
1469 1419 1761 1491 χρησίμων
1784 1423 1884 1474 αὐ-

267 1508 365 1577 τῆς
407 1508 505 1560 καὶ
552 1506 664 1560 τῶν
718 1508 1117 1576 ὲπεγνωκότων
1169 1510 1348 1582 ,αὐτὴν
1393 1511 1461 1564 τά
1519 1512 1600 1574 εἰς
1645 1509 1744 1582 τὴν
1774 1511 1883 1566 τῶν

267 1601 559 1669 στεφάνων
588 1603 941 1673 κατασκευήν
975 1603 1463 1674 προσκομίζονται.
1497 1605 1560 1657 Οἱ
1599 1603 1708 1676 γὰρ
1738 1603 1882 1658 λαῶν

268 1693 404 1763 ήγού
413 1710 593 1762 μενοι,
618 1695 714 1747 καὶ
734 1695 816 1758 είς
836 1694 1009 1768 ἀρχὰς
1031 1695 1341 1766 τεθειμένοι
1362 1696 1462 1760 τὰς
1486 1696 1700 1752 τοιάσδε
1730 1696 1884 1769 παρά

2000 499 2597 570 turimponnnturque,
2649 512 2922 556 terrenum
2979 503 3114 557 nihil
3158 507 3394 560 habent:
3451 510 3582 578 quin

1995 591 2176 659 potius
2210 607 2277 647 ex
2311 592 2478 661 gloria
2515 596 2625 650 Deo
2652 595 2811 666 digna
2841 597 3151 666 composita:
3195 609 3340 653 sunt.
3370 600 3580 654 Etenim

1995 681 2115 739 loco
2148 685 2266 738 auri
2317 685 2630 756 dogmatum
2661 689 2728 742 de
2768 688 2886 756 ipso
2910 704 3096 743 veram
3129 698 3445 762 certamque
3493 693 3580 746 in-

1995 774 2379 846 telligentiam,
2428 778 2638 848 argenti
2673 787 2853 833 autem
2875 794 2940 833 ex
2969 780 3126 835 bonis
3163 783 3420 851 Operibus
3443 783 3584 837 nito-

1992 880 2107 921 rem
2133 869 2316 922 animo
2335 868 2715 937 aSpectabilem
2743 869 3044 926 oderimus.
3076 871 3172 926 Est
3199 874 3356 928 aliter
3383 889 3582 929 corona

1991 967 2046 1011 et
2075 958 2246 1028 gloria
2273 957 2477 1014 Christi
2515 959 2846 1016 salvatorum
2877 966 2944 1018 ab
2986 964 3105 1033 ipso
3166 965 3335 1020 salus.
3365 965 3581 1019 Salvata

1990 1058 2076 1105 est
2094 1053 2238 1106 enim
2263 1067 2370 1107 non
2406 1067 2512 1106 una
2537 1068 2693 1123 gens,
2727 1055 3183 1124 quemadmodum
3217 1058 3428 1112 scilicet
3451 1057 3580 1112 olim

1989 1154 2091 1208 per
2118 1140 2304 1196 Mosen
2335 1141 2522 1215 Israel,
2582 1145 2677 1198 sed
2711 1145 2976 1214 quidquid
3017 1149 3178 1202 etiam
3205 1152 3446 1218 gentimn
3480 1153 3583 1205 sub

1995 1231 2137 1286 crelo
2171 1243 2292 1287 est:
2321 1233 2423 1289 hoc
2441 1235 2643 1305 quippe
2664 1234 2942 1291 Christum
2978 1237 3228 1294 decebat.
3271 1239 3389 1295 Jam
3438 1259 3584 1299 nunc

1991 1322 2135 1388 vide,
2175 1329 2449 1394 quomodo
2470 1327 2538 1382 ab
2567 1327 2787 1381 utilibus
2846 1329 2985 1398 ejus,
3037 1340 3092 1384 et
3146 1332 3230 1386 his
3266 1333 3358 1401 qui
3385 1350 3583 1403 cogno-

1989 1427 2184 1472 verunt
2207 1434 2326 1473 eam
2349 1421 2416 1473 ad
2452 1435 2707 1475 coronam
2731 1422 3068 1477 eﬁiciendam
3120 1429 3425 1482 necessaria
3455 1444 3584 1484 con-

1984 1510 2257 1565 ferantur.
2286 1509 2568 1581 Principes
2594 1514 2740 1568 enim
2771 1515 2986 1584 populi,
3013 1527 3068 1570 et
3098 1517 3151 1571 in
3175 1517 3582 1588 inagistratibus

1984 1601 2298 1672 bujusmodi
2345 1618 2374 1656 a
2407 1602 2518 1658 Deo
2536 1603 2722 1669 locati,
2781 1615 2836 1661 et
2891 1605 3089 1676 quibus
3140 1608 3380 1678 antiqua:
3410 1612 3584 1678 capti-

1984 1695 2170 1752 vitatis
2206 1704 2404 1751 nostrre
2433 1697 2572 1752 ratio
2599 1707 2726 1754 nota
2757 1710 2861 1762 est,
2895 1699 3100 1769 quique
3161 1702 3320 1757 utiles
3353 1712 3479 1757 sunt
3515 1704 3580 1757 li-

268 1783 429 1849 Θεοῦ,
462 1784 558 1837 καὶ
592 1785 646 1837 οἱ
673 1784 766 1839 τὸν
792 1786 893 1857 τῆς
932 1787 1173 1858 ἀρχαίας
1203 1787 1362 1858 ήμῶν
1393 1788 1773 1860 αἰχμαλωσίας
1809 1790 1882 1842 εἰ·

1995 1789 2190 1844 beratis
2218 1799 2276 1844 ut
2307 1789 2495 1854 duces,
2520 1799 2588 1859 .et
2616 1791 2862 1860 magistri
2891 1793 2957 1846 ad
2975 1794 3372 1849 admonendum
3403 1805 3456 1850 et
3487 1798 3583 1850 de-

267 1876 422 1940 δότες
472 1876 702 1947 τρόπον,
737 1877 1004 1948 χρήσιμοί
1051 1895 1110 1931 τε
1159 1882 1273 1944 τοῖς
1322 1880 1773 1952 λελυτρωμένοις,
1803 1883 1880 1947 ὼς

269 1966 612 2038 καθηγηταὶ,
639 1967 736 2021 καὶ
759 1967 1074 2022 διδάσκαλοι
1120 1971 1215 2024 καὶ
1246 1971 1518 2024 νουθετεῖν
1547 1972 1641 2026 καὶ
1666 1973 1878 2026 ἀποκο-

271 2061 455 2130 μίζειν
495 2056 558 2114 εὖ
596 2060 745 2132 μάλα
790 2061 929 2132 πρὸς
980 2062 1366 2134 ὲννομωτάτην
1415 2064 1584 2137 ζωὴν,
1614 2065 1768 2119 αὐτοὶ
1809 2065 1880 2120 τά

269 2155 412 2226 ὑπὲρ
450 2153 714 2208 ἀπάντων
761 2153 1101 2226 προσάγουσι
1146 2154 1318 2226 δῶρα,
1350 2157 1420 2210 τὰ
1459 2156 1570 2211 τῶν
1601 2158 1881 2211 ἀδυνάτων

267 2247 639 2319 ἀσθενήματα
688 2247 1033 2318 πληροῦντες
1075 2247 1143 2301 δι’
1175 2249 1404 2303 ἑαυτῶν.
1424 2249 1881 2321 Ἐπιτεθειμένων

267 2340 324 2394 δὲ
357 2340 476 2394 τῶν
512 2339 800 2410 στεφάνων
853 2341 949 2394 ἐπὶ
1001 2339 1100 2411 τὴν
1145 2341 1391 2413 κεφαλὴν
1424 2342 1627 2414 Ἰησοῦ,
1660 2344 1880 2414 λέγεται

271 2435 412 2506 πρὸς
461 2434 630 2489 αὐτὸν
675 2435 806 2506 περὶ
839 2434 933 2488 τοῦ
969 2435 1297 2506 Ζοροϐάϐελ·
1335 2456 1354 2490 ι
1377 2437 1509 2492 Ἰδοὺ
1546 2440 1884 2512 ἀνὴρ,Ἀνα-

270 2527 398 2600 τολὴ
435 2527 614 2597 ὄνομα
645 2525 818 2598 αὐτῷ,
849 2526 944 2580 καὶ
975 2527 1329 2582 ὑποκάτωθεν
1362 2528 1529 2582 αὐτοῦ
1556 2517 1824 2586 ἀνατελεῖ.
1857 2550 1876 2583 ι

272 2620 548 2675 τεθέαται
595 2618 690 2674 τὸν
714 2619 928 2692 Ἰησοῦν
964 2621 1404 2693 στεφανούμενον
1454 2621 1531 2686 ὡς
1581 2623 1751 2695 ἱερέα,
1787 2625 1884 2679 καὶ

275 2713 592 2787 προῦχοντα
607 2712 664 2766 δὲ
681 2715 785 2786 ὁρᾷ
801 2713 966 2769 πάλιν
989 2714 1152 2768 αὑτὸν
1173 2715 1250 2778 ὡς
1280 2714 1337 2767 έν
1363 2732 1428 2785 γε
1453 2715 1531 2788 τῷ
1553 2716 1882 2788 Ζοροϐάϐελ,

278 2809 368 2862 καὶ
393 2810 455 2862 ὲν
475 2805 611 2880 δόξῃ
625 2809 694 2878 τῇ
724 2805 1002 2878 βασιλικῇ.
1038 2806 1206 2871 Σύνες
1234 2806 1322 2879 δὴ,
1353 2808 1436 2861 ὃτι
1460 2807 1629 2872 αὑτός
1662 2810 1815 2862 ἐστιν
1847 2811 1882 2881 ἡ

292 2900 580 2971 Ἀνατολὴ,
616 2899 888 2970 τουτέστι,
923 2900 984 2954 τὸ
1031 2899 1342 2972 βλάστημα,
1379 2902 1510 2972 περὶ
1553 2893 1614 2954 οῦ
1660 2919 1828 2973 φησιν
1857 2904 1888 2957 ὁ

278 2994 574 3059 θεσπέσιος
620 2993 886 3058 Ἡσαΐας·
925 3012 944 3046 ι
966 2993 1245 3047 ’Δνατελεῖ
1271 2993 1468 3068 ῥάϐδος
1491 2995 1557 3048 ὲκ
1585 2994 1686 3064 τῆς
1730 2993 1885 3066 ῥίζης

291 3089 514 3153 Ἰεσσαὶ,
535 3087 636 3142 καὶ
655 3086 819 3150 ἄνθος
843 3087 910 3140 ὲκ
933 3085 1034 3158 τῆς
1059 3086 1216 3158 ῥίζης
1245 3085 1602 3158 ἀναϐήσεται.
1630 3103 1650 3140 ι
1673 3087 1888 3144 Ἀνεθά-

278 3176 445 3246 λομεν
475 3176 537 3230 δὲ
574 3179 744 3248 ἡμεῖς
782 3176 1045 3232 ὑποκάτω
1072 3175 1260 3231 αὐτοῦ.
1278 3176 1432 3242 Ῥίζα
1471 3176 1582 3259 γὰρ
1610 3177 1836 3248 γέγονεν
1863 3180 1894 3232 ό

280 3267 522 3337 Χριστὸς
571 3265 678 3335 τῆς
732 3264 1178 3337 ἀνθρωπότητος,
1209 3268 1331 3340 ήτοι
1362 3268 1472 3326 τῶν
1520 3269 1609 3324 διὰ
1657 3271 1894 3336 πίστεως

281 3357 647 3429 κεκλημένων
685 3356 942 3429 δευτέρα,
969 3359 1068 3412 καὶ
1117 3357 1180 3412 οὑ
1235 3358 1380 3412 κατά
1423 3375 1487 3429 γε
1517 3359 1618 3431 τὴν
1645 3359 1892 3434 πρώτην,

281 3452 428 3522 φημὶ
476 3450 542 3523 δὴ
573 3451 667 3505 τὸν
692 3450 890 3522 ’Δδάμ,
921 3450 1038 3505 ἀλλ’
1073 3453 1131 3505 ὲν
1171 3452 1454 3523 ἀμείνοσιν
1502 3454 1854 3525 ἀσυγκρίτως
1875 3469 1892 3486 °

280 3543 624 3614 ἀνεθάλομεν
673 3542 785 3616 γὰρ
831 3546 910 3608 είς
946 3543 1157 3616 φθορὰν
1197 3545 1383 3598 οὐκέτι
1429 3546 1526 3600 καὶ
1553 3548 1635 3610 είς
1664 3547 1896 3602 θάνατον

281 3635 370 3689 διὰ
393 3635 498 3706 τὴν
526 3635 692 3706 ἀρὰν,
731 3635 850 3690 ἀλλ’
880 3638 959 3700 είς
984 3635 1130 3708 ζωήν
1157 3653 1219 3689 τε
1247 3637 1338 3690 καὶ
1371 3636 1704 3711 ἀφθαρσίαν,
1739 3639 1897 3710 ῥίζαν

282 3728 506 3800 ἔχοντες
557 3727 659 3799 τὴν
708 3727 877 3798 ζωὴν,
927 3726 1198 3792 τουτέστι,
1247 3727 1503 3798 Χριστόν.
1551 3728 1662 3782 Καὶ
1708 3727 1898 3801 ὥσπερ

221 3861 228 3868 .
283 3821 436 3874 ἐστὶν
472 3819 641 3884 αὐτὸς
688 3817 792 3891 μὲν
839 3820 873 3888 ή
920 3817 1188 3890 ἄμπελος,
1223 3821 1386 3890 ἡμεῖς
1425 3819 1481 3873 δὲ
1518 3819 1586 3872 τά
1619 3819 1895 3892 κλήματα,

287 3911 748 3983 προσπεφυκότες
771 3909 922 3981 αὐτῷ
949 3911 1036 3966 διὰ
1063 3910 1164 3982 τῆς
1193 3913 1252 3964 ὲν
1277 3911 1558 3983 Πνεύματι
1583 3913 1892 3986 κοινωνίας

283 4004 430 4060 οὕτω
483 4004 580 4058 καὶ
620 4004 821 4074 ῥάϐδος
865 4005 962 4058 καὶ
1015 4004 1304 4076 βλάστημα
1359 4005 1458 4075 μὲν
1508 4004 1694 4072 αὐτὸς,
1731 4006 1899 4076 ἧγουν

286 4099 418 4170 φυὴ,
439 4098 540 4151 καὶ
561 4097 820 4169 ἀνατολὴ,
851 4099 1014 4169 ἡμεῖς
1041 4097 1097 4152 δὲ
1121 4098 1209 4152 ἐπ’
1237 4097 1389 4169 αὐτῷ
1420 4097 1896 4170 βεϐλαστήκαμεν,

287 4191 380 4242 καὶ
413 4189 762 4265 ἁνεθάλομεν
810 4191 891 4253 είς
920 4189 1258 4262 ἀφθαρσίαν,
1289 4190 1365 4254 ὼς
1402 4189 1562 4260 ἔφην,
1596 4191 1691 4245 καὶ
1725 4188 1896 4264 ζωήν.

284 4281 462 4346 Αὐτὸς
512 4280 840 4352 ᾠκοδόμησε
897 4283 992 4336 τὸν
1036 4279 1186 4337 οἷκον
1227 4282 1457 4356 Κυρίου.
1493 4284 1654 4337 Ἔστι
1698 4284 1756 4338 δὲ
1802 4284 1900 4339 καὶ

286 4373 510 4446 ἀπάσης
563 4372 822 4444 ἔμπλεως
874 4373 1101 4446 ἀρετῆς,
1146 4374 1449 4439 τουτέστιν,
1503 4375 1754 4440 εὐκλείας
1797 4375 1899 4448 τῆς

1984 1882 2291 1937 ducendum
2334 1883 2648 1939 rectissimo
2673 1884 2871 1939 itinere
2905 1886 2972 1940 ad
3005 1885 3174 1941 vitam
3207 1887 3419 1955 legibus
3445 1903 3582 1944 cono

1983 1972 2450 2043 gruentissimam,
2507 1973 2608 2042 ipsi
2665 1973 2810 2027 dona
2876 1975 3260 2044 prnomnibus
3317 1974 3578 2038 oll'erunt,

1984 2064 2330 2120 inﬁrmitates
2352 2065 2702 2122 imbecillium
2735 2081 2834 2135 per
2867 2081 2926 2122 se
2953 2068 3262 2138 explentes.
3296 2070 3580 2140 [inpositis

1985 2165 2164 2210 autem
2203 2156 2424 2212 coronis
2482 2171 2650 2227 super
2703 2169 2871 2228 caput
2929 2158 3079 2226 Jesu,
3130 2161 3197 2216 de
3247 2160 3583 2217 Zorobabele

1985 2247 2060 2301 illi
2091 2248 2292 2328 dicitur
2321 2263 2333 2300 :
2367 2267 2385 2299 ι
2421 2248 2562 2303 Ecce
2594 2249 2698 2316 vir,
2726 2248 2923 2306 Oriens
2951 2266 3144 2307 nomen
3179 2253 3280 2318 illi,
3309 2263 3362 2306 et
3391 2253 3582 2309 subter

1984 2353 2107 2394 eum
2141 2340 2436 2395 exorietur.
2471 2360 2490 2394 ›
2519 2339 2669 2396 Vidit
2699 2341 2887 2398 Jesum
2911 2355 3227 2400 coronatum
3255 2355 3312 2400 ut
3334 2349 3584 2402 sacerdo-

1989 2439 2118 2494 tem,
2151 2438 2206 2484 et
2240 2446 2430 2487 rursus
2459 2431 2711 2487 eumdem
2759 2433 3178 2501 praecellentem,
3203 2419 3206 2423 ’
3231 2445 3287 2490 et
3326 2437 3380 2490 in
3407 2437 3584 2506 gloria

1986 2523 2151 2593 regali
2178 2524 2346 2589 videt,
2378 2533 2436 2578 ut
2470 2525 2521 2578 in
2552 2523 2872 2580 Zorobabel.
2905 2526 3069 2597 707
3128 2529 3375 2598 lntellige
3422 2531 3585 2601 igitur

1987 2616 2162 2686 ipsum
2195 2632 2320 2673 esse
2342 2617 2649 2683 Orientem,
2726 2619 2828 2673 hoc
2860 2629 2965 2684 est,
2990 2635 3237 2689 germen,
3274 2623 3340 2676 de
3362 2639 3472 2694 quo
3501 2627 3584 2679 di-

1987 2711 2147 2765 vinus
2175 2707 2342 2765 Isaias
2375 2728 2390 2766 :
2427 2729 2446 2762 ι
2472 2709 2768 2767 Exorietur
2790 2711 2940 2782 virga
2973 2713 3042 2768 de
3067 2714 3252 2770 radice
3293 2716 3469 2784 Jesse,
3527 2730 3585 2775 et

1986 2800 2087 2858 ﬂos
2110 2803 2178 2858 de
2205 2803 2386 2858 radice
2415 2803 2532 2875 ejus
2560 2805 2821 2861 ascendet
2855 2804 2926 2858 ⁸³.
2986 2823 3006 2856 ι
3064 2803 3583 2877 Regerminavimus

1987 2891 2135 2947 enim
2174 2907 2274 2948 nos
2306 2891 2495 2948 subter
2517 2909 2667 2948 eum.
2727 2892 2898 2948 Radix
2947 2894 3150 2964 quippe
3186 2894 3288 2948 fuit
3333 2894 3586 2954 Christus

1989 2983 2242 3040 humanae
2266 2993 2493 3050 naturae,
2522 2986 2637 3040 sive
2675 3000 2774 3056 per
2829 2985 2994 3040 ﬁdem
3046 2998 3360 3042 vocatorum
3389 2989 3585 3055 altera,

1995 3091 2104 3132 non
2129 3075 2426 3130 secundum
2464 3077 2696 3146 primam
2735 3077 3154 3142 humanitatem,
3209 3077 3474 3134 Adamum
3509 3081 3589 3134 vi-

1997 3167 2214 3234 delicet,
2238 3169 2334 3224 sed
2361 3167 2502 3223 citra
2529 3169 2994 3238 comparationem
3055 3171 3402 3238 praestamior
3437 3189 3452 3226 :
3501 3188 3589 3226 re-

1997 3259 2426 3332 germinavimus
2481 3261 2748 3330 siquidem
2771 3276 2878 3317 non
2913 3259 3147 3330 amplius
3175 3261 3228 3316 in
3271 3263 3586 3332 corruptio-

1998 3365 2123 3407 nem
2151 3359 2207 3407 et
2254 3361 2487 3406 mortem
2523 3360 2746 3422 propter
2793 3350 3256 3418 maledictionem,
3294 3354 3390 3410 sed
3425 3356 3478 3410 in
3512 3358 3592 3412 vi-

1999 3452 2110 3499 tam
2143 3453 2200 3500 et
2229 3443 2732 3514 incorruptionem,
2769 3443 3010 3499 radicem
3079 3445 3343 3502 habentes
3389 3447 3592 3518 vitam,

1998 3536 2102 3593 hoc
2131 3546 2236 3604 est,
2265 3535 2565 3592 Christum.
2604 3535 2674 3591 Et
2699 3537 2840 3592 sicut
2889 3537 3005 3608 ipse
3028 3546 3113 3591 est
3139 3537 3286 3599 vitis.
3332 3555 3431 3595 nos
3489 3556 3590 3594 au-

2001 3639 2109 3685 tem
2145 3629 2486 3702 palmites“,
2544 3630 2732 3704 agnati
2798 3628 2876 3686 illi
2930 3635 3479 3701 percommunionem
3536 3638 3591 3691 in

2001 3722 2247 3793 Spiritu:
2283 3722 2358 3777 ita
2383 3720 2633 3794 etvirga,
2659 3732 2716 3778 et
2736 3737 2962 3795 germen
2993 3725 3130 3795 ipse,
3156 3727 3273 3780 sive
3301 3727 3592 3795 productio

1999 3821 2056 3869 et
2082 3813 2290 3880 oriens,
2315 3828 2414 3870 nos
2438 3823 2621 3871 autem
2644 3830 2810 3886 super
2859 3810 2980 3886 ipso
3027 3817 3481 3887 germinavimus,
3537 3829 3594 3876 et

2002 3904 2348 3964 relloruimtts
2400 3907 2453 3962 in
2507 3907 2972 3978 incorruptionem
3017 3917 3073 3964 et
3101 3909 3307 3977 vitam,
3349 3919 3408 3965 ut
3457 3911 3592 3970 dixi.

2001 3997 2671 4069 lpseaediﬁcavitdomum
2723 3998 2959 4056 Domini.
3026 3999 3124 4058 Est
3172 4017 3334 4072 porro
3360 4013 3414 4056 et
3443 4005 3593 4060 omni

2001 4094 2204 4150 virtute
2229 4095 2441 4166 plenus,
2471 4095 2574 4152 hoc
2607 4105 2712 4162 est,
2764 4095 2937 4166 gloria
2990 4096 3100 4152 Deo
3129 4098 3365 4152 maxime
3391 4112 3594 4154 conve-

2001 4183 2207 4240 niente.
2251 4203 2271 4237 ι
2311 4181 2704 4256 Operuitenim
2766 4183 2935 4240 ctelos
2979 4185 3153 4240 virtus
3182 4187 3320 4257 ejus,
3346 4189 3593 4246 etlaudis

2001 4276 2120 4347 ejus
2141 4277 2297 4348 plena
2328 4288 2415 4334 est
2439 4287 2610 4346 terra,
2635 4296 2654 4330 ι
2674 4285 2732 4332 ιιι
2756 4276 2922 4334 habet
2950 4279 3216 4349 propheta
3245 4279 3505 4338 Habacuc
3522 4282 3590 4337 ⁸⁸.

2003 4366 2207 4424 Scribit
2247 4369 2374 4423 item
2409 4366 2606 4422 alicubi
2645 4367 2866 4437 sapiens
2928 4365 3211 4423 Joannes:
3278 4387 3296 4420 ι
3351 4367 3596 4424 Vidimus

287 4466 406 4538 Θεῷ
456 4465 953 4538 πρεπωδεστάτης.
995 4483 1015 4518 ι
1061 4466 1333 4537 Ἐκάλυψε
1369 4466 1479 4537 γὰρ
1508 4467 1772 4539 οὐρανοὺς
1805 4470 1891 4523 καὶ

2004 4459 2237 4532 gloriam
2285 4459 2424 4529 eius,
2447 4459 2675 4530 gloriam
2708 4459 2863 4529 quasi
2906 4457 3185 4527 Unigeniti
3209 4474 3240 4514 a
3265 4459 3446 4529 Patre,
3481 4462 3597 4532 ple-

287 4557 458 4630 ἀρετὴ
491 4556 683 4623 αὑτοῦ,
717 4558 939 4628 καὶτῆς
971 4558 1235 4622 αἰνέσεως
1265 4559 1434 4613 αὐτοῦ
1461 4559 1734 4631 πλήρηςή
1765 4558 1893 4630 ﬁt,»

291 4649 433 4703 καθά
466 4666 636 4721 φησιν
667 4651 694 4703 ό
721 4650 1013 4722 προφήτης
1041 4649 1382 4722 Ἀϐϐακούμ.
1423 4651 1676 4723 Γέγραφε
1702 4653 1762 4707 δέ
1794 4670 1900 4706 που

289 4743 384 4796 καὶ
433 4744 464 4796 ὁ
515 4742 683 4811 σοφὸς
713 4741 997 4814 Ἰωάννης,
1030 4743 1114 4796 ὅτι
1172 4762 1190 4795 ι
1220 4743 1543 4814 Τεθεάμεθα
1594 4744 1695 4817 τὴν
1741 4743 1903 4811 δόξαν

290 4833 482 4898 αὑτοῦ,
535 4832 697 4900 δόξαν
731 4833 808 4898 ὼς
842 4832 1187 4903 Μονογενοῦς
1217 4835 1371 4906 παρὰ
1405 4835 1643 4907 Πατρὸς,
1686 4836 1903 4908 πλήρης

288 4926 516 4998 χάριτος
546 4926 640 4978 καὶ
675 4925 962 4997 ἀληθείας.
994 4945 1014 4978 ι
1070 4916 1380 4982 Κεκάθιιίεν
1412 4927 1508 4980 ἐπὶ
1549 4927 1766 4998 θρόνου,
1807 4927 1900 4998 βε-

289 5017 619 5071 ϐασίλευκεν
649 5017 726 5081 ὼς
752 5018 906 5083 Θεὸς,
935 5018 1031 5072 καὶ
1058 5017 1176 5072 ἔστι
1203 5018 1459 5091 σύνεδρος
1501 5018 1582 5091 τῷ
1628 5017 1744 5091 ιδίῳ
1783 5020 1898 5074 Πα-

286 5114 400 5184 τρὶἾ
431 5113 534 5167 καὶ
564 5111 942 5184 συγκατάρχει
968 5111 1079 5165 τῶν
1104 5111 1395 5166 ὃλων.’¹οτι
1423 5111 1479 5165 δὲ
1507 5111 1818 5185 Ζοροϐάϐελ
1836 5129 1898 5166 τε

290 5206 385 5260 καὶ
418 5204 639 5270 Ἰησοῦς
669 5205 926 5277 ἀλλήλοις
951 5202 1144 5276 ὥσπερ
1189 5205 1271 5268 είς
1304 5203 1536 5278 ἑνότητα
1563 5203 1902 5276 συνημμέναι

294 5299 753 5370 κατασημήνειαν
782 5294 841 5352 εὖ
863 5298 1022 5369 ,μάλα
1063 5297 1320 5368 Χριστὸν,
1353 5296 1522 5363 ἔδειξε
1564 5298 1902 5370 προστιθεὶς,

289 5393 362 5456 ὡς
407 5392 541 5464 περί
570 5410 637 5462 γε
665 5391 763 5446 τοῦ
794 5391 1132 5462 Ζοροϐάϐελ·
1189 5411 1208 5444 ι
1240 5391 1348 5446 Καὶ
1383 5391 1535 5446 ἔσται
1566 5393 1596 5446 ὀ
1626 5393 1804 5464 ἱερεὺς
1838 5395 1904 5446 ὲκ

289 5483 482 5547 δεξιῶν
514 5482 707 5549 αὑτοῦ,
744 5501 764 5536 ›
799 5483 1100 5552 τουτέστιν,
1120 5484 1179 5538 ὲν
1207 5486 1342 5556 τιμῇ
1370 5501 1430 5540 τε
1455 5483 1552 5538 καὶ
1580 5483 1725 5556 δόξῃ.
1752 5502 1771 5536 ι
1792 5485 1905 5539 Καὶ

296 5575 458 5648 βουλὴ
487 5575 748 5648 εἰρηνικὴ
777 5575 932 5631 ἔσται
974 5576 1078 5630 ἀνά
1112 5576 1278 5648 μέσον
1310 5576 1661 5648 ἀμφοτέρων.
1694 5596 1713 5628 ι
1745 5577 1903 5630 Ἔστι

363 5755 409 5788 ⁸⁵
447 5753 552 5814 lsa.
599 5772 674 5820 ιιι,
721 5756 776 5812 1.
851 5756 900 5790 ⁸⁵
931 5755 1090 5812 Joan.
1134 5773 1221 5822 xv,
1254 5759 1308 5814 5.
1384 5758 1430 5790 "
1466 5757 1667 5814 llahac.
1717 5774 1796 5824 Ill,
1841 5759 1892 5812 3.

2003 4571 2131 4610 num
2158 4553 2348 4624 gratia:
2389 4563 2445 4609 et
2486 4552 2730 4608 veritatis
2779 4553 2847 4606 θ’.
2914 4573 2933 4606 ι
2981 4551 3128 4608 Sedit
3180 4569 3344 4624 super
3380 4555 3596 4620 throno,
3668 4585 3683 4597 ρ

2004 4647 2253 4718 regnavit
2286 4645 2529 4710 utDeus,
2565 4653 2622 4699 et
2655 4645 2859 4700 assidet
2890 4643 3002 4700 Deo
3032 4645 3198 4708 Patri,
3219 4656 3273 4700 et
3305 4646 3463 4700 simul
3495 4647 3596 4701 im-

2006 4747 2159 4808 perat
2186 4736 2462 4791 onmibus.
2499 4733 2802 4789 Zorobabel
2824 4742 3004 4788 autem
3057 4742 3112 4788 et
3143 4731 3328 4788 Jesum
3360 4733 3503 4788 inter
3537 4748 3598 4789 se

2007 4839 2064 4885 ut
2119 4828 2186 4884 ad
2230 4827 2492 4883 unitatem
2549 4825 2867 4898 conjunctos
2937 4826 3223 4896 aptissime
3290 4826 3599 4898 signiﬁcare

2004 4921 2283 4978 Christum
2311 4934 2494 4992 posse,
2549 4920 2789 4976 ostendit
2843 4921 2987 4989 quod
3046 4919 3198 4974 addit
3228 4927 3491 4992 tanquam
3526 4921 3596 4978 de

2004 5015 2306 5073 Zorobabel
2333 5032 2347 5070 :
2383 5034 2402 5068 ι
2448 5014 2516 5070 Et
2541 5015 2646 5070 erit
2679 5013 2939 5070 sacerdos
2964 5027 2995 5069 a
3025 5014 3235 5070 dextris
3264 5012 3404 5084 ejus,
3444 5033 3464 5068 ι
3497 5016 3601 5084 hoc

2006 5118 2112 5174 est,
2161 5109 2215 5164 in
2249 5110 2456 5165 honore
2474 5116 2528 5162 et
2553 5106 2750 5176 gloria.
2802 5127 2822 5161 ι
2861 5109 2931 5165 Et
2979 5110 3267 5166 consilium
3313 5112 3599 5181 paciﬁcum

2008 5200 2277 5255 eritinter
2325 5208 2639 5269 utrumque.
2673 5217 2692 5252 ι
2727 5198 2826 5256 Est
2861 5201 3006 5257 enim
3037 5201 3250 5268 ipse,ut
3281 5200 3397 5271 jam
3417 5203 3599 5266 docui,

2014 5309 2108 5350 rex
2142 5292 2302 5350 simul
2334 5301 2389 5348 et
2417 5308 2664 5350 summus
2697 5294 2976 5361 sacerdos,
3003 5303 3062 5349 ut
3087 5309 3184 5363 per
3209 5295 3345 5350 duos
3364 5308 3462 5364 pro
3492 5309 3602 5349 uno

2012 5385 2735 5448 Emmanuelenumeratus.
2783 5385 3169 5448 Verumtamen
3212 5401 3318 5441 non
3391 5384 3604 5441 carebit

2012 5481 2264 5537 mercede
2294 5478 2450 5536 labor
2479 5479 2760 5535 Christum
2795 5479 3210 5535 coronantium:
3263 5475 3358 5532 sed
3387 5465 3598 5532 [ructus

2013 5572 2138 5628 inde
2173 5583 2464 5643 perceptus
2490 5572 2697 5630 creabit
2725 5570 3142 5628 cismemeriam
3177 5568 3597 5639 sempiternam.

2005 5756 2047 5788 ⁸⁷
2088 5755 2244 5811 Joan.
2290 5773 2325 5824 ι,
2377 5758 2460 5810 Η.
2513 5810 2518 5814 .
