4130 6480
525 309 591 364 99
1553 283 1614 338 S.
1653 278 1928 336 CYRlLLl
1969 275 2439 331 ALEXANDRlNl
2480 273 2800 330 ARCHIEP.

3691 274 3796 332 100

529 423 668 478 Vera
701 431 864 488 porro
920 427 981 468 se
1029 411 1214 465 dicere
1261 402 1570 467 conﬁrmat,
1630 414 1753 454 cum
1799 395 2044 466 adjungit
2087 411 2099 448 :

2224 395 2317 465 γὰρ
2354 393 2630 458 αὐτὸς,ὼς
2665 392 2766 464 ήδη
2811 390 3096 462 προεῖπον,
3145 385 3400 458 βασιλεὺς
3419 405 3480 441 τε
3529 389 3642 460 ἅμα
3699 392 3794 442 iui

533 533 552 566 ι
587 512 800 568 Corona
834 515 1014 560 autem
1039 501 1143 556 erit
1167 494 1630 568 exspectantibus,
1649 501 1702 546 et
1727 490 1948 544 utilibus
1969 488 2106 556 ejus,

529 615 584 660 et
612 601 706 672 qui
729 600 1097 668 cognoverunt
1126 607 1271 654 eam,
1305 599 1361 642 et
1393 588 1445 641 in
1483 585 1710 654 gratiam
1746 582 1870 636 filiis
1898 579 2112 648 Sopho-

532 670 654 755 riiaa,
681 688 814 742 etin
873 683 1139 755 psalmum
1187 679 1238 732 in
1300 679 1458 730 domo
1486 673 1722 728 Domini.
1759 690 1779 724 ι
1815 670 1930 724 Erit
1965 671 2108 722 enim

533 784 586 838 in
615 779 844 851 gratiam
901 777 968 829 iis
1011 773 1102 843 qui
1139 764 1802 827 consecraverintoblata,
1857 771 1912 814 et
1951 765 2113 814 erunt

532 876 624 931 illa
654 871 872 928 occasio
896 867 1110 920 laudum
1135 857 1790 923 divinarum.Principum
1824 853 1967 908 enim
2001 851 2113 920 pie-

537 975 622 1019 tas
650 960 862 1016 caneris
894 959 976 1011 via
1012 955 1295 1010 charitatis
1345 967 1473 1020 erga
1503 951 1667 1003 Deum
1731 945 1977 999 ellicitur.
2009 943 2113 997 Co-

535 1065 730 1112 ronato
763 1062 941 1105 autem
974 1064 1003 1101 a
1032 1049 1186 1101 nobis
1213 1045 1456 1106 Christo,
1493 1053 1619 1095 tunc
1657 1041 1820 1094 etiam
1873 1037 2112 1105 gentium

536 1146 826 1200 multitudo
856 1143 921 1194 ad
956 1140 1288 1207 agnitionem
1310 1137 1427 1203 ejus
1455 1132 1786 1202 proper-abit,
1806 1139 1858 1183 ct
1880 1130 1970 1197 qui
1993 1142 2116 1196 pro.

537 1235 623 1290 cal
645 1244 772 1288 sunt
799 1239 1020 1300 propter
1043 1241 1307 1285 errorem,
1337 1239 1430 1291 per
1457 1222 1615 1273 Iidem
1651 1221 2038 1277 vorabunttir,t
2061 1223 2115 1269 et

535 1325 880 1380 asdilicabunt
922 1321 974 1372 in
1020 1321 1181 1371 domo
1239 1314 1473 1368 Dmnitti.
1511 1330 1530 1362 ι
1568 1313 1822 1376 Quaenam
1871 1308 2118 1360 .tcdilica-

535 1415 712 1472 bunt?
739 1415 959 1480 Scipsos
986 1409 1258 1469 videlicet,
1284 1411 1602 1473 coaptantes
1636 1400 1865 1462 sanctis,
1889 1409 1939 1453 et
1975 1413 2118 1451 com-

534 1518 801 1581 ponentes
825 1505 991 1576 708
1026 1503 1078 1556 in
1118 1503 1219 1554 lidc
1244 1502 1308 1552 ad
1343 1499 1604 1552 unitatem
1641 1510 1764 1548 cntn
1788 1493 1854 1544 iis
1871 1495 1961 1560 qui
1990 1499 2118 1545 sunt

2209 486 2521 557 ἀρχιερεὺς,
2550 485 2628 548 ὡς
2659 484 2746 538 διὰ
2767 484 2913 537 δυοῖν
2937 483 3017 545 είς
3044 480 3140 533 ἕνα
3169 479 3518 550 γραφόμενος
3543 481 3634 534 τὸν
3667 482 3795 552 Ἐμ-

2215 579 2477 649 μανουήλ,
2511 578 2660 649 Πλὴν
2685 578 2786 630 οὐκ
2816 575 3047 646 ἄμισθος
3075 574 3104 625 6
3133 572 3292 634 πόνος
3331 576 3445 636 τοῖς
3473 575 3796 642 στεφανοῦσι

2210 670 2465 742 Χριστὸν,
2497 670 2614 724 ἀλλ’
2644 671 2725 732 είς
2754 667 3108 736 ἀτελεύτητον
3143 665 3325 727 αὐτοῖς
3347 663 3634 734 δραμεῖται
3664 667 3799 736 μνή-

2217 777 2324 830 μην
2356 763 2389 829 ή
2425 757 2925 830 καρποφορία.”οτι
2951 756 3008 809 δὲ
3029 753 3268 826 ἀτρεκὴς
3308 754 3338 804 6
3365 754 3542 824 λόγος,
3575 753 3801 824 ἐμπεδοῖ

2212 841 2552 924 θυστιθείςο
2603 869 2622 902 ι
2646 851 2703 902 '0
2730 849 2787 901 δὲ
2817 849 3081 916 στέφανος
3120 847 3274 904 ἔσται
3304 853 3416 912 τοῖς
3443 844 3794 916 ὑπομένωσι,

2214 951 2307 1000 καὶ
2337 948 2448 1007 τοῖς
2479 942 2767 1014 χρησίμοις
2801 941 2990 1009 αὐτῆς,
3021 941 3117 994 καὶ
3155 945 3270 1006 τοῖς
3298 941 3668 1010 ὲπεγνωκόσιν
3699 939 3792 991 αὑ·

2213 1034 2336 1104 τὴν,
2367 1033 2462 1086 καὶ
2486 1034 2565 1094 είς
2587 1031 2786 1102 χάριτα
2815 1032 2928 1093 τοῖς
2961 1032 3100 1093 υἱοῖς
3125 1031 3402 1100 Σοφονίου,
3433 1032 3526 1084 καλ⁵
3559 1034 3639 1094 εἰς
3663 1027 3801 1098 ψαλ-

2219 1127 2317 1197 μὸν
2371 1127 2430 1177 ὲν
2480 1125 2612 1194 οἴκῳ
2661 1123 2886 1194 Κυρίου.
2919 1141 2938 1174 ι
2971 1122 3164 1176 Ἔσται
3208 1125 3317 1196 γὰρ
3356 1126 3436 1186 είς
3484 1124 3644 1192 χάριν
3689 1122 3805 1184 τοῖς

2215 1215 2586 1270 ἀνατεθεικόσι
2614 1216 2681 1268 τὰ
2716 1217 3255 1286 προσκεκομισμένα,
3283 1217 3607 1284 γενήσονται
3630 1213 3686 1265 δὲ
3710 1212 3804 1265 καὶ

2215 1308 2522 1375 δοξολογίας
2569 1308 2946 1379 πρόφασις.Ἦ
2993 1307 3104 1378 γὰρ
3149 1308 3258 1360 τῶν
3296 1307 3613 1378 ἡγουμένων
3650 1305 3808 1358 εὐσέο

2217 1401 2364 1462 ϐεια,
2393 1401 2494 1469 τῆς
2520 1402 2599 1463 εἰς
2626 1399 2758 1453 Θεὸν
2781 1401 3002 1472 ἀγάπης
3034 1401 3149 1464 όδὸς
3182 1405 3293 1464 τοῖς
3328 1401 3539 1470 ἑτέροις
3569 1399 3802 1467 γίνεται.

2217 1492 2664 1562 Στεφανουμένου
2693 1492 2749 1545 δὲ
2784 1495 2924 1563 πρὸς
2954 1492 3112 1563 ἡμῶν
3146 1493 3240 1546 τοῦ
3271 1492 3534 1564 Χριστοῦ,
3566 1492 3685 1544 τότε
3712 1492 3806 1543 καὶ

537 1614 605 1654 es
627 1597 812 1660 Israel,
845 1598 1065 1649 Christo
1094 1604 1306 1644 summo
1340 1586 1582 1655 angnlari
1617 1584 1792 1653 lapide
1808 1581 1874 1643 ⁸⁸,
1909 1592 1965 1634 et
1989 1597 2120 1635 con-

541 1697 791 1743 nectente
824 1687 874 1738 in
909 1681 1254 1738 concordiam
1275 1694 1368 1747 per
1385 1692 1465 1742 se,
1497 1689 1616 1742 qua:
1663 1673 1792 1725 olim
1849 1669 2115 1736 disiuncta

2218 1584 2252 1652 ή
2284 1583 2393 1637 τῶν
2421 1584 2589 1636 ἐθνῶν
2617 1585 2786 1655 ἀγέλη
2816 1585 3104 1656 δραμεῖται
3139 1585 3275 1654 πρὸς
3299 1584 3595 1651 ἐπίγνωσιν
3615 1581 3805 1645 αὐτοῦ,

2219 1675 2314 1727 καὶ
2344 1677 2392 1727 oi
2431 1677 2651 1746 μακρὰν
2683 1676 2836 1740 ὄντες
2864 1677 2954 1730 διὰ
2987 1676 3085 1748 τὴν
3129 1677 3419 1746 πλάνησιν,
3449 1674 3808 1744 κεκλήσονται

542 1780 780 1834 fuerant.
821 1795 839 1827 ι
867 1774 1120 1830 Condidit
1150 1773 1293 1825 enim
1325 1771 1460 1822 duos
1513 1765 1737 1835 populos
1759 1765 1812 1815 in
1843 1777 2008 1815 unum
2029 1775 2120 1814 no-

2224 1765 2308 1816 διὰ
2351 1765 2610 1829 πίστεως,
2660 1787 2679 1818 ι
2713 1768 2818 1820 Καὶ
2839 1768 3286 1840 οἱκοδομήσουσιν
3335 1771 3392 1819 ὲν
3434 1765 3510 1835 τῷ
3551 1766 3684 1834 οἴκῳ
3712 1761 3808 1816 τοῦ

538 1886 664 1924 vum
693 1871 982 1930 hominem,
1037 1863 1245 1916 faciens
1301 1874 1512 1928 pacem,
1558 1865 1614 1909 et
1657 1851 2018 1908 reconcilians
2061 1848 2115 1903 iu

2224 1858 2378 1913 Θεοῦ.
2434 1877 2452 1909 ι
2491 1859 2627 1912 Τίνα
2678 1859 2737 1912 δὲ
2777 1862 3252 1932 οίκοδομήσουσινς
3299 1860 3527 1920 ἑαυτοὺς
3568 1856 3811 1928 δηλονότι

540 1979 772 2033 corpore
813 1978 912 2015 suo
948 1958 1096 2012 Patri
1133 1957 1313 2010 omnia
1341 1955 1408 2008 ⁸³.
1455 1971 1474 2005 ι
1508 1951 1637 2016 Qtne
1665 1962 1787 2002 cum
1837 1947 2119 2000 evenerint

2228 1951 2759 2021 συναρμολογοῡντες
2791 1957 2903 2017 τοῖς
2931 1956 3127 2022 ἁγίοις,
3154 1957 3246 2008 καὶ
3274 1951 3610 2013 συντιθέντες
3635 1950 3694 2002 ἐν
3721 1948 3816 2001 πίε

535 2055 670 2126 jam,
698 2054 900 2106 sanctis
929 2048 1204 2117 prophetis
1229 2044 1544 2107 sun'raginm
1569 2038 1812 2094 veritatis
1849 2036 2120 2101 dabimus,

2229 2057 2344 2093 στει
2367 2043 2503 2113 πρὸς
2529 2043 2722 2096 ἕνωσιν
2746 2047 2860 2107 τοῖς
2889 2043 2948 2110 ἐξ
2970 2047 3211 2118 Ἰσραὴλ,
3239 2047 3390 2108 ὄντος
3413 2041 3814 2114 ἀκρογωνιαίου
3870 2062 3886 2076 υ

542 2147 830 2200 manifeste
883 2151 1302 2209 cognoscentes,
1358 2137 1524 2190 Deum
1579 2133 1818 2187 locutum
1875 2143 1997 2184 esse
2063 2127 2120 2181 in

2226 2134 2485 2204 Χριστοῦ,
2524 2137 2620 2190 καὶ
2654 2138 2988 2210 συνείροντος
3041 2140 3121 2202 είς
3178 2137 3480 2208 όμοψυχίαν
3525 2135 3590 2188 δι’
3616 2133 3814 2188 ἑαυτοῦ

540 2239 694 2309 ipsis,
743 2245 798 2292 et
855 2234 1168 2306 mysterium
1211 2228 1413 2285 Christi
1442 2224 1595 2282 nobis
1635 2223 2045 2298 prwiiutitiasse.

2226 2226 2296 2278 τὰ
2331 2227 2499 2281 πάλαι
2527 2229 2853 2302 διῃρημένα.
2886 2231 3144 2285 «Ἐκτισε
3189 2234 3298 2302 γὰρ
3341 2232 3469 2293 τοὺς
3511 2228 3606 2282 δύο
3651 2226 3818 2289 λαοὺς

2228 2313 2309 2375 είς
2334 2313 2432 2368 ἕνα
2447 2316 2632 2370 καινὸν
2649 2319 2955 2387 ἄνθρωπον,
2982 2321 3152 2374 ποιῶν
3181 2323 3428 2392 εἰρήνην,
3458 2320 3552 2373 καὶ
3581 2319 3821 2371 ἀποκατ·
3909 2355 3916 2365 .

545 2416 832 2473 αλλάσσων
860 2415 920 2469 ὲν
947 2413 1026 2484 τῷ
1064 2413 1276 2483 σώματι
1305 2406 1471 2463 αὐτοῦ
1518 2406 1588 2461 τὰ
1627 2405 1810 2460 πάντα
1874 2401 2013 2474 πρὸς
2048 2401 2142 2454 τὸν
2179 2404 2423 2477 Πατέρα.
2453 2401 2582 2462 »⁷ον
2603 2411 2684 2473 είς
2741 2413 2914 2481 πέρας
2939 2411 3342 2482 ὲκὸεὗηκότων,
3364 2407 3818 2481 ὲπιψηφιούμεθα

544 2510 657 2570 τοῖς
686 2507 858 2574 ἁγίοις
885 2504 1192 2574 προφήταις
1217 2500 1278 2552 τδ
1307 2497 1558 2570 ἀτρεκὲςν
1587 2495 1888 2566 ἐγνωκότες
1949 2491 2160 2562 σαφῶς,
2198 2493 2276 2558 ὡς
2322 2492 2391 2567 ἦν
2436 2497 2569 2563 Θεὸς
2611 2499 2670 2555 ὲν
2718 2503 2902 2566 αὐτοῖς
2946 2505 2976 2556 6
3043 2503 3222 2558 λαλῶν
3267 2503 3361 2557 καὶ
3409 2500 3819 2576 προαναφωνῶν

546 2605 682 2676 ἡμῖν
711 2603 772 2656 τὸ
809 2598 1044 2672 Χριστοῦ
1077 2600 1393 2669 μυστήριον.

1171 2689 1326 2746 CAP.
1361 2687 1474 2742 VII.

2841 2681 3096 2738 ΚΕΦΑΛ.
3139 2685 3212 2740 Z'.

615 2786 781 2842 Vens.
807 2784 920 2838 1-5.
951 2780 1012 2835 Ει
1049 2781 1244 2851 {actum
1266 2790 1337 2832 est
1364 2781 1417 2831 in
1454 2786 1640 2847 quarto
1657 2772 1928 2840 anno,sub
1959 2771 2125 2835 Dario

2302 2772 2412 2827 Kal
2447 2773 2686 2843 ἐγένετο
2709 2774 2788 2829 ἐν
2830 2774 2912 2841 τῷ
2957 2775 3210 2844 τετάρτῳ
3259 2776 3398 2840 ἔτει,
3432 2777 3532 2832 ἐπὶ
3571 2782 3820 2849 Δαρείου

547 2895 685 2948 rege,
709 2878 882 2944 [actus
909 2882 985 2926 est
1014 2887 1184 2924 sermo
1215 2868 1423 2922 Domini
1460 2868 1527 2920 ad
1555 2864 1874 2919 Zachariam
1926 2871 2126 2930 quarta

2229 2863 2337 2917 τοῦ
2362 2865 2691 2930 βασιλέως,
2721 2865 2961 2935 ἐγένετο
2987 2868 3171 2937 λόγος
3199 2867 3424 2936 Κυρίου
3455 2872 3606 2938 πρὸς
3628 2876 3822 2943 laxa-

546 2972 738 3032 mensis
763 2969 906 3032 noni,
934 2970 1020 3036 qui
1039 2975 1112 3019 est
1139 2963 1385 3018 Chasleu.
1414 2958 1479 3013 Et
1502 2961 1644 3012 misit
1674 2959 1728 3010 in
1759 2955 1938 3010 Betltel
1958 2953 2125 3008 Sara-

549 3080 658 3126 sar,
683 3071 730 3116 et
759 3060 979 3114 Arseber
1001 3072 1096 3111 rex
1117 3066 1164 3109 et
1186 3054 1284 3106 uiri
1307 3053 1446 3122 ejus,
1476 3059 1533 3104 at
1571 3049 1917 3120 proiiitiarent
1949 3044 2128 3098 Domi-

551 3171 699 3218 num,
734 3152 948 3222 loquens
981 3151 1048 3202 ad
1079 3149 1377 3202 sacerdotes
1401 3146 1565 3214 quiin
1597 3147 1754 3194 domo
1779 3139 1988 3192 Domini
2020 3153 2128 3191 om-

2222 2955 2368 3022 ρίαν
2417 2953 2649 3022 τετράδι
2702 2957 2808 3011 τοῦ
2850 2957 3047 3027 μηνὸς
3099 2959 3206 3014 τοῦ
3264 2952 3542 3029 ἐννάτου,
3584 2965 3652 3032 ὅς
3687 2968 3821 3022 ἐστι

2231 3045 2494 3099 Χασλεῦ.
2532 3047 2643 3099 Καὶ
2671 3047 3105 3113 ἐξαπέστειλεν
3136 3053 3224 3116 εὶς
3254 3054 3480 3120 Baiani
3515 3059 3816 3126 Σαρασὰρ,

2233 3137 2332 3192 καὶ
2378 3139 2646 3208 Ἀρσεὸὲρ
2694 3144 2728 3194 ὁ
2768 3143 3092 3210 βασιλεὺς,
3121 3145 3221 3198 καί
3267 3149 3322 3198 οι
3361 3146 3579 3214 ἄνδρες
3629 3151 3819 3204 αὐτοῦ

552 3196 854 3311 nipot’enti's,
875 3251 920 3294 et
955 3242 1021 3292 ad
1047 3239 1348 3306 praphetas,
1371 3196 1588 3290 dicens:
1624 3230 1872 3301 [agressa
1919 3240 1992 3281 est
2025 3227 2126 3279 huc

2229 3230 2627 3294 ἐξιλάσασθαι
2657 3232 2765 3286 τὸν
2801 3196 3822 3310 detorsdéyvurvrroiic—‘toi‘bcvisae};

552 3337 608 3391 in
639 3337 820 3405 quinto
856 3348 1028 3386 mense
1083 3330 1454 3397 sanctiﬁcatio,
1489 3325 1646 3395 juxta
1688 3325 1827 3393 quod
1893 3323 2129 3392 fecerant

545 3430 662 3500 jam
686 3427 922 3497 pluribus
951 3424 1125 3478 annis.

626 3711 869 3768 XXXIV.
895 3709 1022 3765 Post
1052 3709 1417 3763 ostensionem
1485 3704 1752 3759 visionum
1803 3702 1966 3756 verba
2027 3699 2132 3752 alia

551 3823 584 3863 a
623 3807 728 3862 Deo
770 3807 905 3860 facta
925 3813 1072 3864 sunt,
1131 3801 1276 3854 brevi
1331 3808 1570 3867 tempore
1631 3796 1949 3864 interlapso.
1995 3797 2135 3848 Ante

555 3901 791 3954 visiones
828 3898 972 3950 enim
1004 3895 1262 3962 scriptum
1290 3901 1371 3945 est
1402 3907 1417 3945 :
1472 3909 1490 3942 ι
1527 3889 1581 3942 In
1613 3897 1805 3958 quarta
1858 3898 1912 3940 et
1939 3885 2135 3940 vicesi-

555 4007 644 4048 ma
676 3987 943 4044 undecimi
977 3985 1197 4046 mensis,
1225 3984 1315 4051 qui
1343 3993 1427 4036 est
1492 3981 1697 4035 mensis
1745 3978 1936 4044 Sabat,
1993 3989 2135 4030 anno

555 4083 794 4139 secundo
829 4080 992 4141 Darii,
1036 4078 1234 4131 factum
1269 4085 1350 4129 est
1390 4076 1612 4129 verbum
1647 4070 1859 4125 Domini
1915 4069 1980 4122 ad
2031 4068 2138 4122 Za-

555 4174 797 4231 chariam
821 4172 989 4226 lilium
1025 4168 1094 4222 Ba
1107 4168 1320 4229 racliiaa,
1350 4166 1514 4219 lilium
1543 4163 1696 4217 Addo
1721 4162 2016 4233 propheta,
2050 4160 2136 4213 di-

557 4280 691 4323 cens
715 4265 785 4318 '°.
829 4281 848 4314 ι
881 4260 938 4314 In
973 4261 1221 4314 adductis
1247 4269 1426 4312 autem
1459 4254 1806 4308 theorematis
1831 4254 1972 4306 aliud
1999 4263 2137 4307 tem-

559 4369 662 4424 pus
687 4361 808 4421 post
857 4351 987 4403 illud
1036 4347 1380 4417 exprimitur.
1436 4343 1494 4397 In
1546 4352 1741 4411 quarto
1795 4343 1939 4395 enim
1971 4356 2138 4404 anno,

2231 3321 2373 3386 τοὺς
2399 3322 2470 3375 ἐν
2496 3321 2577 3388 τῷ
2602 3323 2747 3389 οἴκῳ
2777 3327 2998 3391 Κυρίου
3026 3326 3638 3394 παντοκράτορος,καί
3670 3331 3822 3397 πρὸς

2232 3412 2375 3477 τοὺς
2411 3413 2744 3482 προφήτας,
2784 3415 2980 3485 λέγων
2999 3431 3014 3446 ο
3052 3417 3468 3484 Είσελήλυθεν
3492 3414 3609 3472 ὦδε
3639 3420 3708 3472 ἐν
3738 3419 3821 3487 τῷ

2233 3504 2378 3571 αηνὶ
2425 3503 2506 3569 τῷ
2544 3505 2792 3573 πέμπτῳ
2834 3507 2901 3560 τὸ
2950 3508 3232 3578 ἁγίασμα,
3279 3511 3484 3564 καθότι
3523 3511 3826 3580 ἐποίησαν·

2233 3593 2354 3661 ἤδη
2387 3596 2566 3649 ἱκανὰ
2597 3596 2726 3664 ἐτη.

2306 3687 2424 3738 ΛΔ’.
2467 3689 2620 3740 Μετὰ
2650 3688 2747 3758 τὴν
2772 3688 2880 3741 τῶν
2903 3690 3145 3761 όράσεων
3172 3691 3448 3758 ἀπόδειξιν
3471 3694 3648 3766 ἕτεροι
3671 3696 3825 3765 παρὰ

2235 3776 2370 3829 Θεου
2405 3779 2660 3845 γεγόνασι
2710 3780 2877 3848 λόγοι,
2915 3783 3113 3852 μικροῦ
3152 3783 3356 3854 μεταξὺ
3399 3785 3822 3852 διιππεύσαντος

2235 3869 2452 3939 χρόνου.
2486 3871 2599 3942 Πρὸ
2647 3873 2746 3942 μὲν
2793 3874 2904 3943 γὰρ
2951 3875 3058 3927 τῶν
3089 3877 3334 3946 ὁράσεων
3366 3877 3704 3947 γέγραπται,
3739 3878 3825 3930 ὅτι

2243 3961 2374 4014 (Ἐν
2407 3965 2472 4034 τῇ
2521 3964 2739 4034 τετράδι
2775 3966 2868 4016 καὶ
2920 3966 3096 4019 εἰκάδι
3142 3967 3236 4020 τοῦ
3291 3967 3580 4020 ἑνδεκάτου
3633 3967 3823 4038 μηνός,

2237 4052 2392 4119 οὗτός
2427 4058 2576 4129 ἐστιν
2606 4057 2633 4108 6
2669 4057 2774 4128 μὴν
2810 4059 2838 4110 6
2875 4057 3075 4123 Σαὸάτ,
3106 4059 3164 4109 ὲν
3195 4057 3274 4128 τῷ
3305 4059 3541 4130 δευτέρῳ
3576 4058 3685 4111 ἔτει
3722 4061 3828 4110 Δα-

2240 4148 2408 4221 ρείου,
2443 4149 2660 4217 ἐγένετο
2696 4149 2855 4217 λόγος
2885 4151 3089 4221 Κυρίου
3129 4150 3269 4220 πρὸς
3301 4151 3578 4221 Ζαχαρίαν
3607 4152 3697 4202 τὸν
3729 4149 3826 4202 τοῦ

2239 4240 2539 4311 Βαραχίου,
2581 4242 2696 4294 υίὸν
2725 4237 2893 4294 Ἀδόὼ
2923 4241 3017 4294 τοῦ
3045 4243 3346 4312 προφήτου,
3375 4242 3565 4308 λέγων.
3599 4260 3616 4292 ι
3653 4242 3738 4294 Ἐν
3765 4241 3828 4294 δέ

2239 4346 2305 4398 γε
2336 4334 2450 4394 τοῖς
2483 4331 2864 4402 προκειμένοις
2893 4335 3023 4403 ἡμῖν
3071 4332 3424 4404 θεωρήμασιν
3474 4333 3660 4402 ἕτερος
3697 4332 3830 4402 μετ’

560 4455 754 4517 quarta
779 4442 980 4497 mensis
1007 4442 1157 4504 noni,
1185 4440 1278 4506 qui
1305 4447 1388 4490 est
1410 4435 1664 4497 Chasleu,
1690 4447 1822 4486 voce
1874 4431 2126 4486 Hebraica

2242 4423 2449 4517 ἐκεῖνον
2480 4423 2722 4493 ὁρίζεται
2751 4424 2959 4494 χρόνος.
2980 4425 3068 4477 Ἐν
3098 4424 3206 4495 γὰρ
3238 4423 3315 4494 τῷ
3346 4426 3590 4497 τετάρτῳ
3617 4423 3728 4475 ἔτει
3756 4426 3827 4495 τῇ

562 4514 835 4598 videlicet,
873 4530 1410 4603 prophetmquaidani
1439 4527 1620 4579 divina
1651 4523 1790 4578 visio
1809 4522 1988 4577 oblata
2029 4531 2126 4578 est.

2241 4514 2464 4584 τετράδι
2491 4515 2586 4567 τοῦ
2625 4517 2792 4586 μηνὸς
2817 4517 2912 4570 τοῦ
2943 4518 3263 4583 ὲννάτου,ὅς
3286 4519 3402 4569 ἐστι
3423 4514 3658 4578 Χασλεῦ,
3684 4515 3831 4569 κατὰ

559 4628 914 4684 Occasionem
941 4623 1180 4679 narratio
1211 4619 1453 4673 historiae
1478 4617 1640 4669 etiam
1666 4624 1829 4683 atque
1846 4613 2008 4666 etiam
2038 4611 2126 4665 de-

2235 4605 2334 4678 τὴν
2378 4607 2644 4678 Ἐϐραίων
2691 4611 2875 4679 φωνὴν
2921 4609 3198 4677 δηλονότι,
3255 4607 3692 4680 μεταπεφοίτηκε
3747 4606 3831 4679 τῷ

557 4719 807 4775 clarabit.
841 4716 956 4770 Non
987 4713 1132 4768 enim
1181 4710 1338 4764 aliter
1383 4707 1628 4776 quidam,
1685 4704 1787 4758 nisi
1834 4705 1934 4757 hoc
1975 4703 2126 4757 modo

2239 4701 2493 4771 προφήτῃ
2525 4701 2626 4771 τῆς
2661 4702 2917 4764 Θεοπτίας
2945 4702 2974 4753 6
3002 4701 3218 4772 τρόπος.
3253 4702 3348 4765 Τίς
3374 4701 3432 4754 δὲ
3467 4703 3498 4772 ή
3526 4703 3827 4770 στρόφασις,

561 4811 964 4882 prepositorum
988 4805 1275 4858 verborum
1309 4798 1636 4853 sententiam
1665 4792 2126 4861 concipieiit.0m-

2240 4793 2276 4863 ἡ
2307 4793 2406 4863 τῆς
2441 4793 2680 4864 ἱστορίας
2709 4794 2989 4865 ἀφήγησις
3021 4789 3081 4846 εὖ
3115 4794 3260 4864 μάλα
3301 4796 3576 4864 σαφηνιεῖ.
3610 4789 3829 4843 Συνεῖεν

560 4904 688 4956 nino
705 4902 851 4956 enim
883 4899 1102 4967 quinam
1135 4889 1610 4955 fuerintSarasar,
1644 4898 1702 4944 et
1730 4889 1968 4943 Arseber
2014 4903 2126 4951 rex,

2240 4885 2350 4955 γὰρ
2386 4886 2485 4954 οὐχ
2514 4885 2718 4954 ἑτέρως
2741 4886 2883 4946 τινὲς
2914 4885 3054 4956 πλὴν
3081 4887 3161 4938 ὅτι
3191 4887 3334 4939 κατὰ
3355 4886 3566 4937 τουτονὶ
3588 4884 3679 4936 τὸν
3699 4883 3830 4953 τρόο

555 5005 614 5047 et
643 4993 872 5046 comites
903 4989 1042 5055 ejus,
1079 4992 1205 5038 ante
1233 4981 1338 5034 alia
1367 4979 1654 5034 dicendum
1710 4986 1814 5032 est.
1867 4976 2126 5030 Praiterea

2243 4991 2346 5028 πον
2369 4973 2478 5027 τῶν
2507 4974 2887 5043 προκειμένων
2913 4975 3004 5026 τὸν
3037 4974 3184 5029 νοῦν.
3209 4973 3364 5036 Τίνες
3392 4975 3500 5044 γάρ
3532 4973 3688 5034 ὅλως,
3718 4973 3746 5023 ὅ
3769 4987 3830 5022 τε

553 5085 687 5154 quid
727 5077 1085 5137 sanctiﬁcatio
1120 5076 1174 5129 in
1207 5074 1396 5142 quinto
1417 5087 1606 5126 mense
1643 5087 1655 5123 :
1710 5071 1837 5125 item
1905 5070 2126 5123 interro-

2237 5065 2498 5136 Σαρασέῳ
2533 5065 2627 5118 καὶ
2656 5065 2918 5136 Ἀρσεδὲρ
2952 5069 2981 5120 6
3013 5066 3289 5136 βασιλεὺς,
3321 5065 3415 5118 καὶ
3463 5067 3514 5117 oi
3553 5063 3746 5134 ἄνδρες
3778 5063 3830 5114 oi

553 5175 793 5244 gationis
830 5171 1022 5226 modus
1045 5181 1280 5236 quonam
1319 5165 1589 5235 respiciat,
1614 5162 1825 5233 etquod
1861 5161 1934 5217 sit
1965 5162 2126 5216 inter-

2241 5163 2358 5230 μετ’
2373 5159 2562 5226 αὐτοῦ,
2580 5160 2700 5224 πῶς
2719 5161 2821 5213 οὐκ
2847 5162 3144 5229 ἀναγκαῖον
3169 5161 3268 5214 καὶ
3301 5160 3407 5231 πρό
3431 5175 3493 5228 γε
3521 5157 3630 5211 τῶν
3654 5155 3832 5209 ἄλλων

556 5267 860 5339 rogantium
901 5261 1210 5316 consilium.

2239 5253 2570 5324 ἀνιμαθεῖνο
2608 5252 2660 5306 τί
2687 5271 2748 5306 τε
2768 5255 2831 5308 τὸ
2856 5253 3105 5323 ἁγίασμα
3134 5254 3194 5305 τὸ
3215 5255 3271 5305 ἐν
3299 5253 3377 5322 τῷ
3398 5252 3634 5322 πέμπτῳ
3660 5246 3790 5320 μηνί
3809 5274 3827 5289 ο

555 5359 652 5415 καὶ
701 5357 809 5429 μὴν
853 5355 945 5408 καὶ
997 5351 1217 5416 αὐτὸςό
1251 5351 1352 5422 τῆς
1399 5350 1719 5422 ἐρωτήσεως
1750 5347 1986 5419 τρόπος,
2050 5345 2174 5400 ὅποι
2214 5347 2344 5400 ποτὲ
2391 5346 2600 5415 βλέπει,
2669 5348 2762 5401 καὶ
2808 5346 2893 5412 τίς
2943 5345 3010 5400 ἃν
3059 5347 3270 5415 γένοιτο
3317 5345 3428 5398 τῶν
3472 5345 3751 5414 ἐρομένων
3799 5343 3833 5398 6

439 5450 448 5459 ’
558 5455 784 5516 σκοπόςς

632 5547 909 5616 ιιεςηδηω
938 5543 1099 5612 igitur
1129 5541 1268 5596 Osee
1294 5539 1403 5595 ﬁlio
1423 5539 1514 5594 Ela
1539 5552 1698 5607 super
1723 5535 1906 5590 decem
1960 5534 2126 5590 tribus

2313 5529 2695 5592 Βασιλεύοντος
2721 5531 2900 5584 τοίνυν
2929 5529 3088 5598 Ὠσηὲ
3127 5527 3222 5582 τοῦ
3250 5528 3369 5582 υἱοῦ
3399 5527 3539 5582 Ἦλᾶ
3565 5525 3674 5582 τῶν
3695 5527 3826 5584 δέκα

626 5721 676 5753 ⁸⁸
713 5719 908 5790 Eplies.
951 5735 1012 5783 It,
1053 5718 1139 5772 ΞΟ.
1251 5715 1296 5749 ⁹⁹
1317 5716 1446 5771 ibid.
1494 5714 1578 5779 15,
1622 5712 1710 5766 l6.
1791 5712 1840 5743 "
1882 5710 2048 5767 Zach.
2096 5729 2134 5779 t,
2181 5713 2232 5767 l.
