4130 6478
321 296 420 351 Illi

1187 290 1746 349 COMMENTARIUS
1786 290 1851 347 IN
1893 289 2299 349 ZACIIARIAM
2342 291 2790 350 PROPHETAM.

3543 293 3648 351 Ilii!

319 411 509 483 φυλῶν
539 409 652 464 τῶν
689 411 749 464 ὲν
781 412 848 480 τῇ
883 410 1194 482 Σαμαρείᾳ,
1225 412 1320 464 καὶ
1362 411 1498 464 πολὺ
1529 409 1938 474 διανενευκότος

2045 411 2100 466 in
2128 409 2401 476 Samaria,
2432 412 2630 483 insigni
2685 413 2987 478 desertore,
3016 431 3034 464 ι
3076 412 3299 467 servivit
3315 412 3460 467 enim
3524 412 3648 467 idou

303 505 386 562 εἰς
408 504 720 559 ἀπόστασιν
743 502 1097 574 (λελάτρευκε
1124 503 1235 574 γὰρ
1265 502 1550 574 εἰδώλοις),
1572 503 1939 575 παροξύνεται

320 595 458 658 Θεὸς
481 595 577 648 ἐπὶ
598 595 694 647 τὸν
719 595 965 665 Ἰσραήλ.
991 590 1128 648 Εἶτα
1155 595 1599 666 κατεστράτευσε
1632 595 1732 664 τῆς
1753 594 1942 667 χώρας

319 691 351 746 ὁ
381 688 761 760 Σαλμανασὰρ
810 687 1067 758 βασιλεὺς
1099 688 1428 760 Ἀσσυρίων,
1463 682 1578 742 εἷλε
1612 689 1714 760 τὴν
1754 690 1942 759 Σαμά-

325 799 506 854 ρειαν,
536 781 635 835 καὶ
687 781 959 852 άπῴκησε
1005 782 1105 852 μὶν
1147 781 1242 835 τὸν
1279 781 1520 854 Ἰσραὴλ,
1555 781 1940 852 παρεσκεύασε

321 874 381 928 δέ
409 891 566 938 τινας
592 873 706 927 τῶν
733 876 801 927 ὲκ
830 877 930 944 τῆς
960 873 1247 928 Χαλδαίων
1271 873 1457 945 χώρας
1486 873 1817 944 κατοικῆσαι
1839 859 1944 944 ἢν

321 970 455 1039 γῆν,
495 968 582 1021 ἵνα
614 967 680 1040 δὴ
715 967 926 1036 γένοιτο
958 967 1206 1039 Περσῶν,
1240 968 1318 1038 ὡς
1351 968 1560 1022 ἐκεῖθεν
1598 967 1796 1038 ἔχουσα
1831 966 1942 1021 λοι-

325 1063 431 1115 πὸν
448 1063 580 1126 τοὺς
605 1062 1118 1133 οἰκήτορας.Ἔχεις
1138 1062 1240 1134 τὴν
1269 1062 1512 1134 ἱστορίαν
1531 1064 1588 1114 ὲν
1615 1065 1680 1132 τῇ
1703 1062 1940 1136 τετάρτῃ

325 1153 441 1209 τῶν
495 1155 821 1211 Βασιλειῶν.
857 1155 1176 1226 Γέγραπται
1224 1156 1335 1227 γὰρ
1382 1154 1589 1220 οὕτως·
1648 1156 1779 1209 «Ἐν
1830 1156 1941 1209 ἔτει

325 1247 626 1318 δωδεκάτῳ
645 1248 819 1318 Ἀχὰζ
853 1247 1121 1318 βασιλέως
1151 1247 1344 1312 Ἰούδα,
1389 1248 1744 1302 ἐϐασίλευσεν
1774 1249 1942 1318 Ὠσηὲ

326 1338 449 1401 υἱὸς
482 1336 627 1390 ἰνιλᾶ
657 1338 718 1390 ὲν
753 1338 1043 1410 Σαμαρείᾳ
1086 1338 1179 1390 ἐπὶ
1209 1337 1430 1410 Ἰσραὴλ
1481 1339 1641 1392 ἐννέα
1686 1337 1802 1410 ἐτη.
1834 1340 1942 1394 Καὶ

327 1429 562 1500 εποίησε
594 1429 656 1482 τὺ
687 1430 924 1500 πονηρὸν
967 1432 1025 1484 ὲν
1059 1430 1362 1501 ὀφθαλμοῖς
1400 1423 1636 1502 Κυρίου,
1666 1431 1809 1504 πλὴν
1841 1435 1942 1504 οὐχ

323 1521 404 1584 ὼς
453 1523 501 1574 οἱ
561 1520 803 1592 βασιλεῖς
841 1521 1080 1594 Ἰσραὴλ,
1109 1523 1159 1576 οἳ
1194 1518 1336 1593 ἦσαν
1387 1523 1703 1594 ἔμπροσθεν
1749 1525 1939 1582 αὐτοῦ.

337 1614 459 1667 Ἐπ’
478 1614 632 1685 αὐτῷ
656 1613 826 1686 ἀνέϐη
851 1615 1220 1687 Σαλμανασὰρ
1235 1615 1821 1688 βασιλεὺςἈσσυρίων,
1848 1619 1943 1674 καὶ

322 1710 568 1782 ἐγενήθη
604 1709 757 1781 αύτῷ
780 1711 943 1780 Ὠσηὲ
973 1710 1179 1773 δοῦλος.
1211 1731 1229 1762 ι
1266 1712 1374 1764 Ka‘t
1413 1711 1531 1782 μεθ’
1553 1712 1717 1782 ἕτερα
1744 1714 1938 1767 πάλιν·

2045 504 2133 566 Iis,
2174 523 2192 557 ι
2234 505 2402 576 709
2430 506 2686 561 irascitur
2712 505 3086 562 Deuslsraeli.
3121 506 3324 560 Deinde
3355 506 3645 558 Salmans-

2043 611 2135 653 sar
2164 595 2512 668 Assyriorum
2545 612 2636 651 rex
2663 597 3001 666 provinciam
3037 598 3206 652 armis
3263 595 3488 659 invadit,
3543 591 3648 650 Sa-

2045 693 2276 746 mariam
2320 701 2578 759 occupat,
2619 691 2872 745 lsraelcm
2911 691 3150 760 migrare
3185 691 3349 760 cogit,
3393 699 3442 743 et
3483 703 3646 758 quos-

2043 783 2169 839 dam
2203 785 2268 839 de
2301 785 2522 853 regione
2551 784 2929 838 Chaldaeorum
2977 784 3218 853 vicissim
3273 782 3480 836 incolas
3542 783 3647 834 im-

2045 876 2238 939 mittit,
2277 885 2335 928 ut
2369 852 2659 928 Persarum
2722 877 2937 945 propria
2972 852 3165 940 lieret;
3202 873 3470 942 siquidem
3524 873 3648 924 inde

2045 968 2253 1024 incolas
2285 969 2538 1036 deinceps
2583 969 2830 1022 haberet.
2891 967 3183 1023 Historiam
3257 967 3424 1020 habes
3507 965 3647 1019 libro

2045 1072 2242 1133 quarto
2277 1063 2483 1132 Regum
2521 1061 2572 1114 in
2609 1064 2720 1115 haec
2741 1061 2900 1116 verba
2935 1078 2950 1118 :
3005 1081 3023 1111 ι
3061 1062 3114 1114 In
3149 1076 3292 1115 anno
3323 1059 3648 1114 duodecimo

2043 1152 2231 1208 Acbaz
2297 1156 2450 1222 regis
2484 1155 2619 1208 .Iuda
2655 1156 2905 1222 regnavit
2937 1154 3076 1209 Osee
3103 1155 3244 1209 tilins
3282 1155 3372 1208 Ela
3438 1156 3490 1207 in
3545 1155 3648 1208 Sa-

2048 1246 2220 1300 maria
2251 1262 2416 1312 super
2467 1244 2630 1300 Israel
2674 1263 2867 1302 novem
2894 1248 3072 1300 annis.
3101 1248 3161 1301 Et
3198 1246 3324 1301 fecit
3365 1246 3564 1300 malum
3591 1247 3646 1299 in

2046 1349 2340 1410 conspectu
2377 1339 2628 1406 Domini,
2665 1353 3042 1395 verumtamen
3077 1358 3182 1394 non
3216 1343 3356 1396 sicut
3391 1357 3547 1409 reges
3577 1337 3648 1392 ls—

2047 1435 2186 1496 rael,
2211 1436 2303 1504 qui
2339 1435 2556 1488 fuerunt
2579 1446 2705 1490 ante
2740 1452 2882 1491 cum.
2925 1436 3038 1489 Sub
3074 1451 3140 1489 eo
3162 1436 3404 1489 ascemlit
3434 1433 3648 1486 Salma-

2048 1542 2209 1581 naSar
2261 1543 2350 1582 rex
2404 1530 2773 1598 Assyriorum.
2834 1538 2888 1584 et
2946 1528 3118 1582 fat-tus
3170 1536 3254 1581 est
3280 1526 3328 1580 ei
3359 1525 3497 1581 Osee
3526 1540 3646 1580 ser-

2046 1636 2146 1674 vus
2181 1621 2248 1674 ⁹¹.
2291 1641 2310 1674 ι
2347 1622 2410 1676 Ει
2435 1621 2572 1676 infra
2609 1640 2624 1676 :
2660 1641 2678 1674 ι
2721 1623 2785 1677 Ει
2823 1623 3122 1676 translatus
3153 1634 3235 1678 est
3258 1622 3426 1677 Israel
3457 1624 3508 1675 in
3546 1623 3648 1675 As-

2047 1714 2225 1785 syrios
2251 1731 2418 1782 usque
2453 1717 2504 1768 in
2539 1717 2682 1770 diem
2719 1717 2877 1770 hanc.
2913 1717 2980 1770 Et
3009 1718 3236 1770 adduxit
3271 1731 3363 1770 rex
3397 1715 3648 1787 Assyrio-

330 1822 349 1854 ι
385 1805 499 1857 Ka‘t
545 1804 843 1875 ἀπῳκίσθη
891 1804 1112 1875 Ἰσραὴλ
1182 1805 1262 1867 είς
1309 1805 1629 1874 Ἀσσυρίους
1681 1805 1789 1869 ἕως
1842 1805 1946 1874 τῆς

2052 1823 2170 1860 rum
2194 1808 2262 1861 de
2295 1808 2566 1878 Babylone
2589 1809 2796 1863 Echuta
2832 1811 2898 1863 ab
2931 1809 3058 1871 Aia,
3096 1819 3147 1862 et
3177 1810 3246 1862 ab
3299 1807 3547 1868 Emath,
3594 1816 3648 1861 et

325 1897 550 1968 ἡμέρας
599 1896 831 1966 ταύτης.
872 1898 984 1951 Καὶ
1033 1897 1212 1967 ἤγαγε
1261 1895 1514 1966 βασιλεὺς
1545 1898 1847 1969 Ἀσσυρίων
1879 1901 1943 1952 ὲκ

323 1990 657 2055 Βαϐυλῶνος
686 1991 779 2044 τὸν
815 1994 878 2044 ἐκ
913 1991 1097 2044 Χουθὰ
1124 1991 1233 2045 ἀπὸ
1264 1992 1409 2056 Ἀῖὰ,
1440 1993 1535 2045 καὶ
1580 1993 1688 2046 ἀπὸ
1733 1992 1941 2064 Αίμὰθ,

323 2083 423 2136 καὶ
451 2081 880 2154 Σεπφαρουαῒμ,
915 2084 1008 2136 καὶ
1043 2081 1476 2153 κατῳκίσθησαν
1503 2085 1560 2136 ὲν
1587 2086 1707 2147 ταῖς
1753 2085 1944 2139 πόλεσι

325 2177 674 2248 Σαμαρείας,
707 2178 830 2249 ἀντὶ
860 2176 969 2230 τῶν
1001 2177 1134 2230 υίῶν
1163 2177 1400 2248 Ἰσραὴλ,
1432 2179 1528 2231 καὶ
1566 2177 1942 2249 ἐκληρονόμη-

324 2285 430 2323 σαν
461 2270 561 2342 τὴν
590 2248 933 2342 Σαμάρειαν.
970 2289 990 2323 ι
1031 2263 1192 2324 Οὗτοι
1228 2271 1292 2342 δὴ
1321 2266 1436 2335 οὖν,
1463 2273 1511 2323 οἱ
1543 2269 1746 2340 κλῆρον
1792 2248 1942 2324 ἑλόν-

321 2381 421 2428 τες
453 2364 551 2416 τὸν
584 2365 977 2435 Σαμαρειτῶν,
1001 2366 1097 2420 καὶ
1141 2367 1536 2436 κατῳκηκότες
1560 2365 1659 2436 τὴν
1685 2365 1810 2434 γῆν,
1845 2365 1941 2418 καὶ

322 2458 539 2510 τέκνων
590 2457 734 2528 τάχα
782 2475 887 2511 που
939 2458 1199 2527 γεγόνασι
1234 2459 1491 2528 πατέρες,
1533 2459 1626 2510 καὶ
1667 2460 1775 2520 τοῖς
1804 2458 1943 2510 Ἰου-

322 2549 497 2603 δαίων
532 2549 714 2603 ἑθνεσι
767 2550 1228 2622 προσνενεύκασι,
1261 2551 1361 2614 τὰς
1407 2550 1516 2602 τῶν
1569 2549 1802 2602 λεόντων
1845 2551 1944 2618 ἐφ-

323 2642 485 2716 όδους
519 2644 1066 2715 κατοῤῥωδήσαντες,
1095 2644 1190 2697 καὶ
1244 2643 1427 2697 αὐτῶν
1477 2644 1735 2711 γεγόνασι
1769 2643 1946 2713 Σαρα-

326 2735 456 2807 σὰρ,
515 2736 614 2789 καὶ
677 2736 964 2808 Ἀρϐεσὲρ,
1013 2736 1073 2800 ὃς
1128 2736 1226 2790 καὶ
1283 2735 1602 2806 ὠνόμασται
1663 2734 1940 2805 βασιλεὺς,

323 2827 416 2881 διά
440 2845 526 2882 τοι
559 2829 622 2884 τὸ
653 2827 1016 2899 καθηγεῖσθαι
1057 2828 1118 2881 τὸ
1146 2827 1406 2898 τηνικάδε
1442 2828 1551 2881 τῶν
1583 2829 1641 2880 ὲν
1659 2826 1946 2900 Σαμαρείᾳ

2045 1900 2429 1968 Sepliarvaim,
2460 1912 2514 1956 et
2563 1903 2816 1956 collocati
2849 1912 2976 1956 sunt
3013 1902 3065 1956 in
3105 1903 3334 1956 urbibus
3383 1901 3649 1955 Samaria!

2044 2009 2143 2063 pro
2175 1994 2299 2048 ﬁliis
2333 1991 2522 2056 Israel,
2559 2007 2612 2049 et
2644 1997 3004 2064 possederunt
3063 1994 3372 2049 Samariam
3399 1993 3468 2048 ”.
3507 2011 3526 2044 ι
3579 1991 3644 2046 Hi

2043 2086 2496 2156 suntigitnr,qui
2556 2087 2954 2141 Samaritarum
3031 2097 3233 2140 sortem
3297 2087 3650 2155 regionemve

2045 2181 2386 2243 insederunt,
2417 2189 2471 2234 et
2503 2183 2871 2244 incoluerunt,
2904 2195 2969 2235 ac
3031 2180 3235 2232 liberos
3273 2179 3412 2234 forte
3448 2193 3650 2247 genue-

2050 2282 2275 2340 runt,et
2306 2273 2370 2326 ad
2407 2271 2718 2327 Iuda-orum
2766 2288 2946 2327 mores
2979 2287 3072 2325 seu
3111 2275 3247 2326 ritus
3287 2270 3649 2331 inclinarunt.

2050 2367 2547 2423 Iconmniucursus
2583 2367 2958 2431 formidantes,
3045 2381 3077 2420 e
3131 2380 3364 2436 quorum
3419 2378 3650 2418 numero

2047 2458 2268 2511 fuerunt
2294 2457 2548 2520 Sarasar,
2581 2467 2634 2512 et
2664 2457 2925 2521 Arbeser,
2950 2457 3043 2527 qui
3087 2465 3142 2511 et
3191 2471 3282 2510 rex
3339 2457 3651 2508 nominatus

2045 2563 2150 2619 est,
2187 2553 2331 2621 quod
2364 2553 2469 2605 dux
2509 2567 2721 2615 eorum,
2753 2567 2816 2606 ac
2869 2552 3122 2621 princeps
3148 2559 3316 2613 esset,
3346 2550 3435 2618 qui
3467 2551 3517 2602 in
3548 2549 3654 2602 Sa-

2049 2646 2278 2699 mariam
2331 2661 2397 2698 ex
2440 2645 2622 2699 Persis
2680 2645 2983 2698 habitatura
3075 2645 3526 2714 commigrarunt.
3581 2641 3650 2694 Et

2050 2737 2166 2791 Itzt-c
2205 2739 2422 2806 quidem
2456 2738 2522 2790 de
2573 2737 2724 2790 viris.
2793 2737 2865 2790 De
2887 2735 3322 2790 sanctiﬁcatione
3375 2749 3504 2789 vero
3550 2747 3654 2806 age

2048 2841 2196 2882 num:
2222 2827 2534 2882 verisimilia
2568 2829 2838 2881 dicamus.

324 2922 794 2977 κατοικισθέντων
824 2923 890 2974 ὲκ
920 2922 1024 2992 τῆς
1063 2921 1315 2994 Περσῶν.
1342 2920 1455 2975 Καὶ
1513 2921 1689 2974 ταῦτα
1756 2921 1856 2993 μὲν
1884 2921 2014 2992 περὶ
2051 2920 2164 2974 τῶν
2210 2919 2443 2993 ἀνδρῶν.
2481 2921 2620 2991 Περὶ
2656 2919 2715 2972 δέ
2760 2936 2825 2989 γε
2868 2917 2964 2972 τοῦ
3009 2920 3374 2991 άγιάσματος,
3406 2918 3538 2990 φέρε
3583 2911 3654 2983 δὴ

326 3016 496 3070 πάλιν
520 3017 593 3070 τὰ
624 3017 814 3070 είκότα
846 3015 1119 3087 λέγωμεν.

399 3112 618 3168 Οὐκοῦν
653 3113 786 3183 πρὶν
818 3112 1023 3165 ἁλῶναι
1051 3114 1151 3185 τὴν
1190 3113 1457 3169 Ἰουδαίαν
1496 3111 1646 3184 παρὰ
1685 3109 1781 3165 τοῦ
1826 3109 1947 3164 Να-

2123 3102 2310 3174 Itaque
2333 3112 2625 3173 antequam
2659 3101 2841 3158 Juda’a
2876 3119 2907 3159 a
2937 3103 3468 3161 Nabuchodonosore
3514 3109 3650 3163 sub-

323 3205 746 3278 6δυχοδονόσορ,
800 3207 829 3258 ὁ
875 3205 1148 3276 μακάριος
1195 3206 1488 3278 προφήτης
1545 3205 1700 3274 Ἰωὴλ
1740 3202 1944 3258 ἀνακέ-

321 3313 510 3369 κραγε
540 3297 605 3350 τὸ
655 3297 1096 3368 συμϐησόμενον.
1148 3297 1260 3350 Kal.
1304 3297 1370 3368 δὴ
1411 3297 1508 3349 καὶ
1561 3295 1782 3349 πενθεῖν
1831 3296 1946 3356 τοῖς

325 3388 542 3462 ἱερεῦσι
576 3389 1000 3460 παρεκελεύετο,
1025 3391 1122 3443 καὶ
1149 3388 1378 3460 προσέτι
1399 3389 1495 3442 καὶ
1525 3393 1638 3452 τοῖς
1659 3387 1766 3443 ὑπὸ
1785 3390 1946 3460 χεῖρα

321 3482 506 3547 λαοῖς,
542 3483 641 3535 καὶ
686 3484 812 3537 ὅσον
863 3481 1078 3536 οὐδέπω
1132 3483 1231 3551 τῆς
1285 3481 1386 3550 μὲν
1445 3481 1805 3553 Ἰερουσαλὴμ
1840 3479 1945 3534 ὑπὸ

324 3575 504 3638 πόδας
563 3574 834 3645 ἐσομένης
893 3573 1129 3648 ἐχθρῶν,
1187 3573 1831 3645 κατεμπρησθησομένου
1885 3573 1945 3628 δὲ

324 3666 426 3720 καὶ
473 3665 643 3719 αὐτοῦ
678 3665 774 3719 τοῦ
815 3666 964 3719 θείου
998 3667 1150 3722 ναοῦ.
1189 3668 1335 3738 Ἔφη
1371 3667 1428 3720 δὲ
1458 3665 1666 3729 οὕτως·
1710 3683 1729 3717 ι
1775 3667 1944 3737 Περι-

325 3756 610 3823 ζώσασθε,
653 3757 749 3812 καὶ
792 3757 1087 3823 κόπτεσθε,
1117 3761 1166 3812 οἱ
1200 3760 1386 3831 ἱερεῖς·
1425 3758 1698 3829 θρηνεῖτε,
1733 3758 1784 3812 οί
1826 3757 1942 3812 λει-

323 3849 700 3920 τουργοῦντες
751 3848 1151 3922 θυσιαστηρίῳ,
1204 3851 1497 3914 είσέλθετε,
1549 3849 1837 3903 ύπνώσατε
1883 3851 1944 3902 ἐν

325 3943 588 4007 σάκκοις,
618 3941 1063 4013 λειτουργοῦντες
1089 3943 1226 4015 Θεῷ,
1252 3945 1336 3997 ὅτι
1364 3945 1678 4015 ἁπέσχηκεν
1706 3943 1766 4010 ἐξ
1791 3943 1942 3996 οίκου

324 4031 470 4085 Θεοῦ
509 4032 666 4103 ὑμῶν
707 4032 873 4086 θυσία
911 4034 1006 4087 καὶ
1038 4033 1264 4105 σπονδή.
1319 4033 1610 4102 Ἀγιάσατε
1646 4031 1940 4103 νηστείαν,

326 4124 614 4196 κηρύξατε
644 4125 967 4197 θεραπείαν,
998 4128 1340 4196 συναγάγετε
1366 4125 1702 4197 πρεσϐύτας,
1729 4125 1942 4188 πάντας

325 4219 730 4284 κατοικοῦντας
764 4219 900 4290 γῆν,
928 4221 1010 4284 είς
1028 4215 1179 4274 οἷκον
1210 4219 1347 4274 Θεοῦ
1383 4220 1560 4290 ὑμῶν,
1587 4219 1680 4274 καὶ
1701 4217 1943 4288 κράξατε

323 4309 469 4382 πρὸς
521 4311 730 4383 Κύριον
784 4312 1052 4376 ἐκτενῶς·
1086 4314 1246 4383 Οῖμοι
1297 4314 1376 4374 είς
1426 4311 1677 4383 ἡμέρανί
1744 4329 1762 4362 ι
1827 4309 1942 4364 Καὶ

320 4403 508 4457 ταῦτα
539 4405 640 4475 μὲν
669 4407 698 4458 ὁ
735 4407 1046 4476 προφήτης.
1078 4407 1213 4459 Τίνα
1236 4405 1292 4460 δὲ
1317 4405 1382 4476 δὴ
1408 4405 1612 4475 τρόπον
1654 4403 1938 4474 διεπεραί-

322 4515 453 4551 νετο
484 4499 554 4550 τὰ
590 4500 1037 4570 προηγγελμένα,
1077 4498 1328 4569 σαφηνιῶ
1363 4498 1550 4562 πάλιν,
1589 4497 1724 4551 αὐτὸ
1756 4513 1940 4568 παρα-

322 4589 446 4653 θεὶς
488 4593 551 4642 τὸ
587 4591 627 4642 Γ
633 4592 828 4662 ράμμα
863 4591 926 4644 τὸ
980 4591 1144 4662 ἱερὸν.
1205 4591 1521 4663 Γέγραπται
1562 4589 1620 4643 δὲ
1663 4587 1839 4653 οὕτως
1881 4589 1940 4641 ἐν

320 4683 394 4751 τῇ
450 4681 693 4753 τετάρτῃ
747 4681 857 4736 τῶν
920 4681 1251 4734 Βασιλειῶνο
1313 4698 1331 4732 ι
1400 4682 1490 4733 Ἐν
1544 4680 1623 4750 τῷ
1679 4681 1812 4752 μηνὶ
1861 4677 1941 4750 τῷ

320 4773 596 4843 πέμπτῳ,
646 4776 713 4846 τῇ
761 4773 970 4848 ἑϐδόμῃ
1008 4772 1103 4827 τοῦ
1151 4773 1342 4844 μηνὸς,
1386 4768 1538 4837 οὗτος
1574 4773 1818 4836 ἐνιαυτὸς
1850 4774 1938 4824 ἐνο

322 4865 761 4930 νεακαιδέκατος
805 4865 883 4936 τῷ
922 4865 1397 4937 Ναϐουχοδονόσορ
1440 4865 1650 4936 βασιλεῖ
1683 4863 1940 4918 Βαϐυλῶ-

321 4971 441 5022 νος,
487 4951 622 5027 ἦλθε
663 4957 1062 5029 Ναϐουζαρδὰν
1098 4960 1127 5011 ὁ
1165 4959 1588 5030 ἁρχιμάγειρος,
1633 4955 1807 5021 ἑστὼς
1849 4958 1941 5009 ὲν-

320 5045 508 5102 ὡπιον
573 5046 840 5118 βασιλέως
881 5046 1204 5112 Βαϐυλῶνος
1263 5051 1344 5112 είς
1380 5047 1775 5119 Ἰερουσαλὴμ,
1840 5048 1938 5100 καί⁹

322 5138 609 5211 ἐνέπρησε
636 5139 727 5192 τὸν
769 5135 922 5194 οἷκον
965 5140 1200 5209 Κυρίου,
1236 5141 1331 5193 καὶ
1367 5138 1458 5193 τὸν
1481 5136 1630 5192 οἷκον
1650 5137 1745 5192 τοῦ
1784 5137 1940 5209 βασι-

320 5229 494 5296 λέως,
542 5233 640 5284 καὶ
671 5233 880 5296 πάντας
927 5234 1054 5296 τοὺς
1097 5232 1284 5295 οἴκους
1326 5231 1708 5303 Ἰερουσαλήμ.
1749 5251 1768 5284 ι
1808 5226 1940 5284 Εἶτα

321 5324 911 5396 κεχειροτόνηκεν-ἐπὶ
943 5325 1036 5381 τὸν
1083 5324 1504 5396 περιλειφθέντα
1532 5325 1707 5396 δῆμον
1736 5326 1794 5392 ἐξ
1839 5325 1940 5378 Ἰσ-

321 5417 470 5490 ραὴλ
501 5419 595 5473 τὸν
625 5419 666 5472 Γ
667 5419 902 5486 οδολίαν,
941 5422 1002 5474 ὲν
1032 5421 1169 5492 μηνὶ
1199 5419 1280 5492 τῷ
1319 5419 1558 5490 ἑϐδόμῳ,
1596 5418 1656 5472 ὃν
1687 5417 1940 5472 ὑπελθὼν

315 5509 671 5582 ἐχειρώσατο
715 5512 811 5566 καὶ
841 5513 1166 5568 ἀπέκτεινεν
1209 5511 1438 5584 Ἰσμαὴλ
1479 5513 1596 5576 υίὸς
1641 5511 1938 5576 Ναθανίου,

317 5602 446 5658 υίοῦ
503 5602 786 5672 Ἐλισάϐα,
841 5607 908 5660 ἐκ
953 5605 1074 5668 τοῦ,
1105 5606 1424 5679 σπέρματος
1471 5605 1582 5658 τῶν
1627 5604 1894 5675 βασιλέων
1919 5622 1934 5637 ⁸

397 5780 446 5816 ’⁸
489 5778 555 5835 ιν
594 5778 727 5852 Reg.
771 5797 904 5848 xvn,
955 5781 1073 5835 l-5.
1190 5782 1233 5813 ’²
1278 5781 1408 5837 ibid.
1449 5783 1540 5846 ~25,
1582 5782 1674 5834 26.

2051 3195 2312 3266 igeretur,
2360 3195 2552 3250 beatus
2602 3197 2863 3266 propheta
2893 3195 3009 3252 JoeI
3061 3201 3202 3267 quod
3238 3199 3479 3254 futurum
3531 3210 3652 3255 erat

2050 3289 2426 3360 proclamavit.
2457 3289 2598 3356 Quin
2631 3293 2797 3345 etiam
2825 3293 3160 3354 sacerdotes,
3192 3303 3246 3346 et
3279 3294 3499 3363 insuper
3524 3296 3654 3350 sub-

2043 3382 2250 3454 jectum
2303 3383 2438 3453 ipsis
2491 3385 2769 3454 populum,
2813 3386 2968 3455 quasi
3025 3401 3148 3439 mox
3196 3384 3498 3441 Jerusalem
3549 3389 3651 3442 sub

2050 3475 2276 3542 pedibus
2306 3475 2540 3528 hostium
2579 3475 2782 3540 futura,
2823 3479 2942 3547 ipso
2974 3493 3190 3548 quoque
3224 3479 3408 3534 divino
3451 3482 3652 3550 templo

2050 3568 2410 3632 inﬂammato,
2468 3571 2533 3622 ad
2582 3568 2785 3623 luctum
2847 3572 3097 3627 hortatus
3145 3581 3251 3626 est.
3313 3573 3404 3627 Sic
3449 3585 3647 3644 autem

2049 3663 2126 3716 ait
2157 3681 2170 3717 :
2201 3681 2221 3714 ι
2244 3663 2626 3733 Accingimini,
2659 3674 2710 3716 et
2739 3663 2995 3733 plangite,
3017 3666 3350 3730 Sacerdotes,
3384 3665 3651 3720 lamenta-

2050 3755 2208 3818 mini,
2230 3753 2322 3818 qui
2358 3753 2687 3808 ministratis
2717 3754 2902 3819 altari,
2927 3753 3300 3822 ingredimini,
3323 3756 3560 3810 dormite
3592 3756 3646 3810 in

2047 3846 2245 3910 saccis,
2289 3846 2666 3901 ministrantes
2698 3845 2832 3913 Deo,
2864 3846 2988 3914 quia
3020 3845 3218 3900 defecit
3249 3847 3316 3901 de
3345 3847 3510 3902 domn
3552 3848 3645 3902 Dei

2048 3939 2216 3992 vestri
2249 3937 2581 3992 sacrificium
2630 3947 2687 3992 et
2732 3937 2942 3991 libatio.
2983 3937 3646 4006 Sanctiiicatejejunium,

2047 4031 2342 4100 praedicam
2381 4033 2747 4097 curationem,
2785 4043 3119 4102 congregate
3145 4032 3412 4096 seniores,
3451 4047 3646 4088 omnes

2047 4123 2361 4178 habitantes
2394 4133 2598 4178 terram
2633 4124 2684 4177 in
2711 4124 2931 4178 domum
2964 4124 3054 4178 Dei
3099 4126 3291 4190 vestri,
3329 4135 3385 4179 et
3413 4125 3647 4182 clamate
3678 4178 3698 4187 δ

2045 4216 2113 4269 ad
2149 4215 2433 4270 Dominum
2484 4203 2882 4270 vehementer:
2915 4214 3028 4270 lleu
3075 4217 3205 4270 mihi
3251 4217 3302 4270 iu
3343 4217 3485 4272 diem
3507 4217 3583 4274 "I
3615 4237 3636 4272 ι

2047 4307 2116 4362 Et
2165 4308 2278 4362 haec
2325 4309 2544 4378 quidem
2610 4308 2898 4378 propheta.
2950 4309 3194 4374 Quonam
3248 4321 3429 4364 autem
3483 4312 3646 4367 modo

2047 4402 2304 4471 praedicta
2366 4403 2729 4472 contigerint,
2776 4401 2888 4472 jam
2943 4403 3185 4468 docebo,
3238 4405 3422 4458 verbis
3473 4418 3648 4462 sacrae

2048 4494 2346 4564 Scriptura;
2379 4495 2644 4550 recitatis.
2679 4495 2770 4550 Sic
2813 4496 2956 4550 enim
2991 4506 3168 4550 exstat
3211 4497 3263 4550 in
3303 4507 3499 4566 quarto
3538 4495 3645 4554 Be-

2049 4602 2176 4657 gnm
2224 4605 2238 4642 :
2275 4605 2292 4638 ι
2332 4584 2390 4640 In
2445 4603 2633 4642 mense
2685 4589 2876 4656 quinto
2907 4587 3072 4658 710
3113 4589 3342 4657 septima
3401 4594 3643 4654 mensis,

2049 4693 2194 4732 attuo
2225 4678 2437 4732 decimo
2477 4694 2623 4734 nono
2667 4681 2809 4747 regis
2834 4677 3338 4736 Nabuchodonosor
3365 4683 3510 4736 venit
3537 4681 3647 4735 Na-

2049 4770 2328 4824 buzardan
2374 4771 2630 4840 princeps
2676 4787 3012 4842 coquorum,
3069 4783 3224 4828 stans
3278 4788 3460 4828 coram
3520 4789 3647 4845 rege

2047 4857 2367 4933 Babylonis,
2403 4862 2856 4934 Hierosolymam,
2891 4873 2946 4919 et
2974 4865 3255 4920 succendit
3289 4865 3510 4920 domum
3543 4866 3647 4922 Do-

2049 4954 2206 5022 mini,
2250 4965 2306 5008 et
2355 4955 2572 5010 domum
2624 4957 2788 5026 regis,
2853 4966 2908 5012 et
2955 4972 3146 5012 ornnes
3193 4958 3388 5013 domus
3433 4956 3648 5014 Jerusa-

2046 5046 2152 5102 lem
2179 5047 2246 5103 ⁸⁸.
2279 5067 2300 5101 ι
2335 5048 2536 5103 Deinde
2581 5051 2827 5120 reliquiis
2869 5050 3052 5121 populi
3102 5051 3321 5108 lsraelis
3359 5051 3644 5108 Godoliam

1987 5211 1996 5216 _
2046 5142 2348 5214 praeposuit
2395 5157 2583 5198 mense
2627 5144 2882 5214 septimo,
2919 5160 3080 5215 quem
3110 5145 3322 5201 insidiis
3353 5160 3647 5215 aggressus

2045 5237 2214 5307 cepit,
2268 5245 2324 5292 et
2365 5236 2712 5293 obtruncavit
2735 5238 2953 5304 lsmael,
3009 5240 3153 5296 ﬁlius
3194 5237 3500 5305 Nathanize,
3547 5239 3642 5293 lilii

2046 5328 2288 5392 Elisaba,
2317 5331 2529 5386 semine
2568 5331 2718 5400 regio
2755 5333 3020 5388 oriundus
3049 5352 3062 5388 :
3092 5333 3146 5386 in
3177 5334 3314 5386 hanc
3338 5330 3484 5385 enim
3519 5345 3646 5385 scn-

2047 5425 2278 5477 teutiam
2314 5423 2582 5492 scriptum
2623 5424 2880 5495 legimus.
2929 5425 3118 5494 Itaque
3150 5435 3434 5494 postquam
3465 5423 3646 5477 conti-

2045 5516 2124 5586 git
2183 5515 2236 5569 in
2297 5531 2484 5571 mense
2540 5518 2731 5586 quinto
2785 5517 2874 5573 die
2934 5518 3164 5587 septima
3208 5515 3640 5588 Hierosolymam

2045 5608 2185 5680 capi,
2215 5609 2474 5676 templum
2502 5610 2786 5675 succendi,
2809 5619 2865 5666 et
2899 5609 3123 5679 insuper
3150 5607 3325 5665 occidi
3354 5605 3644 5666 Godoliam

1791 5781 1836 5815 ⁹³
1875 5780 1994 5839 JocI
2035 5797 2071 5848 t,
2106 5781 2190 5848 I3,
2240 5783 2319 5838 I5.
2405 5785 2446 5816 ⁸³
2492 5784 2555 5839 IV
2598 5784 2734 5857 Reg.
2782 5801 2971 5852 xxvru,
3014 5786 3069 5841 8.
