4130 6470
510 280 614 337 163

1505 271 1561 329 S.
1605 273 1880 330 CYRILLI
1919 276 2392 336 ALEXANDRINI
2427 279 2750 336 ARCHIEP.

3682 275 3784 331 Nl

507 410 694 454 mense
735 395 988 465 septimo,
1041 392 1133 462 qui
1189 403 1567 447 remanserant
1609 393 1801 461 Judaei,
1848 395 2095 453 fortassis

2198 401 2506 470 γέγραπται
2539 398 2648 468 γὰρ
2687 399 2804 453 ὡδί.
2861 395 3072 452 Οὐκοῦν
3101 393 3400 465 ἐπειδήπερ
3439 393 3787 465 συμϐέϐηκεν

506 489 560 544 in
616 489 936 543 memoriam
997 485 1265 540 dictorum
1331 498 1362 536 a
1411 484 1676 553 prOpheta
1727 484 1962 540 Jercmia
2017 501 2095 543 re-

2199 493 2259 544 ἐν
2288 491 2367 559 τῷ
2397 490 2634 561 πέμπτῳ
2683 491 2836 562 μηνὶ,
2865 491 2980 542 ’καὶ
3008 491 3066 541 ἐν
3091 488 3279 558 ἡμέρᾳ
3305 489 3371 557 τῇ
3413 485 3617 556 ἐϐδόμῃ
3645 483 3788 539 α’λῶ-

502 579 701 649 gressi,
756 585 1090 643 statuerunt,
1142 583 1201 629 ut
1247 590 1314 629 ex
1364 575 1620 631 omnibus
1670 576 1810 632 locis
1854 577 2098 634 ﬁnitimis

503 671 680 739 quinti
736 667 941 722 mensis
998 667 1086 721 die
1141 666 1375 735 septimo
1417 680 1608 721 omnes
1658 666 2095 739 Hierosolymam

502 759 882 824 ascenderem,
910 770 964 814 et
987 759 1251 829 jejunium
1281 759 1706 825 sanctiﬁcarent,
1737 771 1792 816 et
1820 761 2123 830 planctum'

503 853 866 922 susciperent,
917 851 1072 920 quasi
1109 865 1272 920 super
1310 859 1548 917 mortuo,
1595 859 1652 906 et
1695 853 2096 924 quodammodo

504 959 671 1013 super
695 947 964 998 cadavere
996 943 1185 1013 templi
1217 942 1511 1012 ejularent,
1533 951 1588 998 et
1613 957 1777 1012 super
1801 947 1936 999 urbe
1971 959 2095 1000 cre-

504 1049 650 1092 mata
689 1051 754 1090 ex
796 1035 1189 1104 posterioribus
1234 1034 1481 1090 consiliis
1508 1033 1784 1104 profectas
1815 1033 2095 1108 lacrymas

505 1129 864 1184 eﬁunderent.
917 1127 1320 1183 Existimabam
1363 1135 1546 1180 autem
1595 1141 1656 1182 se
1697 1129 1919 1183 modum
1950 1129 2096 1185 hunc

507 1221 600 1274 Dei
649 1220 860 1279 colendi
922 1220 1024 1289 ipsi
1082 1229 1294 1289 gratum
1343 1219 1747 1290 sapientissime
1797 1221 2090 1278 invenisse.

503 1313 675 1368 Porro
702 1313 930 1382 degebat
955 1313 1132 1367 adhuc
1166 1312 1332 1368 Israel
1369 1312 1469 1367 sub
1492 1313 1622 1384 jugo
1663 1314 1930 1382 impositae
1975 1329 2094 1368 ser-

504 1403 715 1467 vitutis,
747 1417 848 1457 nec
880 1403 948 1457 de
977 1401 1165 1456 divino
1196 1401 1396 1472 templo
1428 1403 1717 1472 quisquam
1740 1414 1858 1458 erat
1889 1404 2093 1459 sollici-

503 1505 611 1550 tus.
657 1498 758 1550 Ast
809 1496 896 1550 ubi
956 1511 1024 1550 ex
1067 1493 1249 1550 Persis
1291 1505 1348 1549 et
1409 1494 1580 1551 Medis
1629 1505 1996 1561 reverterunt,
2042 1505 2097 1550 et

506 1600 753 1643 sanctam
790 1590 1065 1644 civitatem
1115 1591 1182 1644 de
1229 1589 1444 1658 integro
1479 1589 1815 1655 habitarunt,
1866 1599 1922 1644 et
1960 1589 2098 1643 divi-

505 1693 634 1731 num
672 1681 928 1748 templum
962 1688 1312 1749 repararunt,
1342 1679 1520 1734 visum
1544 1689 1652 1745 est,
1684 1680 1826 1750 quod
1861 1680 2094 1747 solebat,

2197 600 2286 638 vat
2333 585 2433 654 μὲν
2471 583 2542 636 τὰ
2597 583 2980 654 Ἱεροσόλυμα,
3041 577 3536 650 κατεμπρησθῆναι
3587 579 3643 630 δὲ
3692 577 3786 629 τόν

2196 676 2358 740 ναὸν,
2414 674 2849 746 προσαποθανεῖν
2897 674 2955 727 δὲ
3010 673 3106 726 καὶ
3162 672 3255 724 τὸν
3302 669 3552 727 Γοδολίαν
3599 671 3658 722 ἐν
3706 666 3788 737 τῷ

2196 770 2412 841 ἑϐδόμῳ
2468 769 2622 839 μηνὶ,
2672 768 2812 838 τάχα
2843 784 2957 836 ⁸που
3006 763 3144 835 πρὸς
3183 763 3487 834 ἀνάμνησιν
3534 761 3639 831 τῆς
3690 760 3785 814 τοῦ

2196 867 2482 936 προφήτου
2515 863 2724 933 φωνῆς,
2749 863 2798 914 οἰ
2832 859 3152 914 κατάλοιποι
3179 855 3288 910 τῶν
3329 855 3595 909 Ἰουδαίων
3633 855 3788 922 ἐνην-

2195 958 2417 1028 εγμένοι
2443 955 2826 1010 τετυπώκασιν
2860 952 2958 1024 (1),
2991 951 3049 1017 ἐξ
3083 951 3299 1020 ἁπάσης
3325 949 3424 1020 τῆς
3459 945 3788 1018 περιοικίδος

2197 1051 2256 1104 ἐν
2292 1049 2422 1120 μηνὶ
2454 1048 2532 1118 τῷ
2566 1047 2802 1117 πέμπτῳ
2838 1046 2897 1096 ὲν
2942 1047 3010 1115 τῇ
3063 1043 3268 1116 ἐϐδόμῃ
3295 1040 3392 1094 τοῦ
3443 1039 3614 1110 μηνὸς
3653 1039 3786 1092 ἀναο

2197 1139 2400 1194 ϐαίνειν
2428 1138 2672 1200 ἅπαντας
2716 1137 2799 1199 εἰς
2857 1134 3230 1206 Ἱεροσόλυμα,
3280 1132 3375 1184 καὶ
3410 1129 3635 1198 ἁγιάσαι
3685 1127 3786 1198 μὲν

2196 1233 2473 1303 νηστείαν,
2528 1229 2740 1299 κομμὸν
2783 1227 2841 1280 δέ
2885 1227 3130 1280 τίθεσθαι
3183 1223 3434 1293 καθάπερ
3484 1221 3578 1274 ἐπὶ
3606 1217 3786 1289 νεκρῷ

2198 1322 2292 1374 καὶ
2322 1318 2652 1389 ἐποιμώζειν
2690 1316 2930 1387 κειμένῳ
2962 1315 3164 1386 τρόπον
3195 1313 3316 1367 τινὰ
3347 1311 3426 1381 τῷ
3462 1309 3596 1380 ναῷ,
3623 1311 3690 1380 τῇ
3723 1325 3784 1361 τε

2198 1414 2350 1468 πόλει
2386 1413 2881 1486 κατεμπρησθείσῃ
2907 1413 2969 1464 τὸ
3001 1412 3066 1463 ἐκ
3100 1409 3200 1480 τῆς
3239 1405 3658 1478 ὑπεροόουλίας
3686 1403 3785 1458 δά-

2197 1524 2363 1579 κρυον
2407 1508 2640 1577 ἐπιχεῖν.
2691 1506 2882 1576 ’ῼοντο
2915 1505 2972 1559 δέ
3023 1505 3106 1557 ὅτι
3155 1501 3411 1575 λατρείας
3458 1501 3646 1561 αὐτοῖς
3688 1498 3787 1568 τῆς

2197 1599 2538 1673 ὰρεσκούσης
2565 1597 2686 1669 Θεῷ
2731 1598 2934 1669 τρόπος
2962 1591 3118 1660 οὗτος
3157 1594 3433 1663 πάνσοφος
3463 1591 3782 1662 ἐξηύρηται.

2213 1689 2354 1743 Ἀλλ’
2391 1689 2697 1760 ἐπράττετο
2741 1689 2862 1759 μὲν,
2889 1686 2969 1740 ἔτι
3003 1685 3144 1759 [τοῦ]
3189 1685 3409 1756 Ἰσραὴλ
3442 1683 3546 1738 ὑπὸ
3569 1683 3660 1734 τὸν
3683 1679 3789 1749 τῆς

504 1785 610 1825 non
639 1769 752 1840 jam
797 1771 851 1825 in
897 1779 1142 1843 tempore
1165 1812 1181 1839 ,
1219 1787 1321 1826 nec
1359 1787 1480 1827 cum
1508 1774 1723 1829 ratione
1756 1774 1891 1830 ﬁeri.
1927 1773 2095 1843 Magis

2198 1780 2577 1852 αἰχμαλωσίας
2614 1778 2874 1849 κειμένου
2908 1777 3093 1846 ζυγὸν,
3125 1775 3383 1847 οὐδεμιᾶς
3416 1775 3474 1830 δὲ
3507 1772 3787 1845 φροντίδος

501 1865 650 1920 enim
691 1873 950 1935 tanquam
987 1881 1018 1918 a
1046 1864 1338 1934 prmteritis
1367 1865 1435 1919 ad
1471 1863 1801 1919 hilaritatem
1840 1865 2093 1932 transire,

502 1966 558 2009 et
589 1954 866 2010 celebrare
893 1955 1008 2010 dies
1041 1953 1236 2022 festos,
1267 1964 1323 2010 et
1350 1953 1570 2024 hymnis
1594 1953 1860 2010 libertatis
1887 1954 2094 2009 auctori

502 2049 706 2118 gratias
756 2063 919 2118 agere
989 2049 1368 2104 conveniebat.
1427 2048 1748 2104 Dubitantes
1806 2048 1972 2110 igitur
2027 2047 2097 2103 de

501 2142 696 2209 quibus
744 2155 926 2196 sermo
981 2149 1087 2206 est,
1131 2141 1389 2205 Sarazar,
1445 2150 1502 2195 et
1557 2139 1818 2206 Arseber,
1872 2139 2097 2195 mittunt

501 2233 764 2302 quosdam
843 2233 1240 2302 interrogatum
1291 2231 1605 2287 sacerdotes
1662 2241 1718 2286 et
1758 2231 2091 2302 prophetas:

508 2343 528 2376 ι
558 2323 808 2394 lngressa
853 2333 937 2379 est
985 2324 1094 2379 huc
1140 2321 1504 2378 sanctiﬁcatio
1535 2324 1588 2378 in
1644 2337 1832 2380 mense
1877 2323 2091 2394 quinto,

502 2415 644 2471 sicut.
693 2414 939 2471 fecerunt
978 2416 1088 2485 jam
1143 2414 1299 2470 annis
1349 2415 1556 2478 multis,
1591 2433 1609 2466 ι
1655 2415 1758 2470 hoc
1797 2424 1900 2482 est,
1939 2430 2092 2481 num,

501 2511 593 2580 qui
625 2508 1016 2581 Hierosolymis
1048 2509 1318 2575 habitant,
1359 2523 1483 2564 cum
1523 2509 1655 2579 ipsis
1688 2509 1928 2580 lugeant,
1963 2523 2095 2564 con-

503 2601 959 2672 suetudinemque
1007 2601 1062 2657 in
1111 2601 1283 2656 forma
1325 2601 1783 2657 sanctiﬁcationis
1834 2601 2092 2656 usitatam

501 2693 792 2763 recipiant,
825 2694 989 2749 etiam
1027 2693 1267 2749 excitato
1294 2692 1520 2764 templo,
1559 2703 1612 2748 et
1653 2693 1831 2748 soluta
1863 2694 2093 2764 captivi-

505 2796 633 2842 tate.
679 2786 1104 2841 Sanctiﬁcabant
1149 2785 1294 2841 enim
1323 2785 1618 2855 jejunium,
1667 2795 1726 2840 ut
1769 2786 1905 2852 dixi,
1949 2786 2094 2841 sicut

499 2880 750 2936 fecerant
777 2878 904 2935 inde
943 2878 1013 2933 ab
1039 2879 1201 2934 annis
1236 2879 1442 2934 multis.
1474 2879 1699 2950 Captivo
1725 2879 1871 2934 enim
1895 2877 2093 2934 lsraeie

502 2977 720 3040 tempus
769 2971 950 3026 luctus
994 2980 1050 3026 et
1093 2970 1196 3041 ipsi
1243 2980 1562 3026 constanter
1609 2969 1926 3036 servabant,
1947 2969 2091 3039 jeju-

2197 1873 2292 1927 τοῦ
2323 1872 2469 1927 θείου
2499 1873 2864 1942 τετυχηκότος
2905 1871 3058 1926 ναοῦ.
3095 1869 3316 1941 Ἐπειδὴ
3357 1868 3415 1922 δὲ
3457 1866 3784 1937 ἐπανῆλθον.

2197 1965 2296 2036 τὴν
2319 1964 2546 2037 Περσῶν
2569 1965 2802 2034 ἀφέντες
2824 1964 2922 2018 καὶ
2944 1963 3165 2034 Μήδων,
3189 1962 3286 2016 καὶ
3309 1962 3666 2032 κατῳκήκασι
3686 1958 3788 2028 τὴν

2198 2058 2361 2126 ἁγίαν
2394 2058 2570 2124 πόλιν,
2613 2057 2711 2111 καὶ
2754 2053 2874 2110 εἶτα
2914 2057 3006 2110 τὸν
3039 2055 3184 2110 θεῖον
3229 2053 3586 2124 ἀνεδείμαντο
3625 2049 3786 2115 νεὼν,

2198 2152 2375 2206 ἐδόκει
2411 2167 2528 2214 πως
2561 2150 2622 2202 τὸ
2658 2149 2781 2213 έθος
2816 2151 2999 2214 αὐτοῖς
3047 2149 3148 2204 οῦκ
3193 2149 3254 2202 ἐν
3287 2145 3465 2217 καιρῷ
3512 2145 3607 2199 καὶ
3643 2143 3793 2212 λόγῳ

2199 2236 2536 2310 πράττεσθαι
2559 2237 2763 2292 λοιπόν.
2791 2238 2938 2291 Ἔδει
2964 2237 3074 2308 γὰρ
3099 2237 3300 2308 μᾶλλον
3329 2235 3404 2299 ὡς
3427 2233 3534 2288 ἀπό
3574 2249 3636 2302 γε
3675 2232 3793 2287 τῶν

2197 2327 2582 2399 γεγενημένων
2615 2328 3008 2402 μεταχωρῆσαι
3039 2327 3176 2400 πρὸς
3200 2326 3486 2398 εὐθυμίαν,
3523 2323 3620 2378 καὶ
3645 2323 3792 2396 πλη-

2201 2421 2327 2492 ροῦν
2375 2423 2590 2492 ἑορτὰς,
2635 2424 2731 2475 καὶ
2775 2422 3166 2493 χαριστηρίους
3215 2419 3476 2474 ἀνάπτειν
3518 2416 3659 2488 ᾠδὰς
3707 2415 3793 2485 τῷ

2195 2513 2490 2583 κεκληκότι
2519 2513 2657 2584 πρὸς
2684 2512 3001 2583 ἐλευθερίαν
3033 2511 3251 2574 αὐτούς.
3298 2507 3691 2571 Ἐνδοιάζοντες
3721 2507 3792 2578 δὴ

2195 2600 2288 2658 οὖν
2324 2606 2374 2658 oi
2405 2605 2534 2675 περὶ
2567 2597 2642 2658 ὧν
2670 2605 2698 2657 ό
2727 2605 2909 2672 λόγος,
2950 2603 3216 2674 Σαρασάρ
3252 2620 3314 2656 τε
3358 2602 3452 2656 κα)⁸
3499 2599 3788 2671 Ἀρσεσὲρ,

2197 2695 2476 2767 πέμπουσί
2524 2713 2678 2760 τινας
2719 2695 3086 2768 ἐρησομένους
3133 2695 3262 2760 τοὺς
3315 2695 3498 2766 ίερεῐς,
3533 2693 3793 2756 καὶτοὺς

2197 2789 2518 2860 προφήτας⁶
2557 2805 2576 2838 ι
2619 2785 2986 2855 Εἰσελήλυθεν
3038 2780 3142 2841 ὦδε
3196 2786 3259 2838 τὸ
3309 2785 3558 2854 ἁγίασμα
3599 2786 3658 2837 ἐν
3706 2782 3792 2854 τῷ

2198 2880 2329 2951 μηνὶ
2355 2879 2434 2951 τῷ
2464 2879 2724 2951 πέμπτῳ,
2757 2877 2950 2932 καθότι
2982 2878 3246 2949 ἐποίησαν
3275 2877 3376 2948 ήδη
3414 2875 3573 2929 ἱκανὰ
3603 2874 3718 2945 ἐτηο
3761 2891 3785 2925 s

2194 2972 2494 3037 τουτέστιν,
2536 2973 2587 3025 εἰ
2635 2971 3143 3043 συνδεδραμήκασιν
3185 2971 3234 3023 oi
3272 2968 3489 3024 πενθεῖν
3534 2965 3792 3030 εἰωθότες

501 3063 653 3118 nium
689 3063 1123 3128 sanetiticantes,
1150 3071 1210 3118 ut
1230 3063 1344 3133 jam
1374 3063 1528 3132 prius
1555 3061 1813 3118 diximus.
1843 3062 1940 3118 Est
1959 3079 2092 3134 ergo

2198 3067 2254 3120 ἐν
2280 3068 2392 3129 τοῖς
2436 3064 2852 3138 Ἰεροσολύμοις,
2899 3065 2995 3118 καὶ
3034 3065 3084 3117 εἰ
3123 3060 3491 3134 παρεδέξαντο
3531 3061 3629 3132 τὴν
3660 3076 3784 3111 συν·

501 3154 869 3210 dubitautium
916 3130 1296 3224 interrogatio,
1341 3130 1523 3209 utrum
1567 3155 1744 3211 adhuc
1786 3130 2092 3224 praestanda

2198 3157 2385 3230 ήθειαν
2403 3130 2576 3222 αὐτοὶ,
2594 3156 2694 3228 τὴν
2709 3130 2792 3222 ’ὡς
2823 3159 2882 3210 έν
2909 3155 3098 3228 τρόπῳ
3116 3130 3492 3225 γεγενημένην
3515 3130 3792 3221 ἁγιὰσμα-

504 3250 577 3304 sit
609 3248 971 3303 sanctiticatio
999 3256 1055 3302 et
1093 3247 1304 3312 luctus,
1331 3247 1583 3316 quamvis
1618 3246 1820 3316 templo
1859 3247 2091 3303 reaediﬁ-

503 3349 674 3396 cato:
725 3339 887 3410 711
929 3346 1025 3394 aut
1075 3347 1224 3394 certe
1263 3338 1646 3394 abstinendum
1699 3338 1754 3394 in
1787 3348 2090 3408 posterum,

505 3446 670 3487 causa
705 3431 880 3486 luctus
916 3439 1126 3485 remota
1159 3430 1390 3488 scilicet.

2198 3266 2310 3315 τος,
2347 3247 2527 3302 καίτοι
2551 3249 2646 3303 καὶ
2676 3249 3052 3320 ἐγηγερμένον
3078 3247 3172 3302 τοῦ
3203 3247 3350 3315 θείου
3382 3245 3534 3312 ναοῦ,
3568 3244 3664 3298 καὶ
3698 3243 3789 3296 λε-

2198 3338 2439 3411 λυμένης
2475 3339 2578 3410 τῆς
2607 3339 3005 3411 αἰχμαλωσίας.
3058 3339 3323 3407 Ἦγίασαν
3349 3337 3480 3410 γὰρ,
3510 3335 3588 3400 ὡς
3626 3335 3790 3405 ἔφην.

2199 3433 2458 3503 νηστείαν
2501 3431 2644 3487 καθά
2693 3432 3017 3504 δεδράκασιν
3065 3433 3129 3486 ἐκ
3173 3431 3386 3486 πολλῶν
3418 3428 3576 3484 ἐτῶν.
3609 3429 3787 3499 Δίχμ-

503 3521 712 3577 αλῶτου
747 3521 855 3594 γὰρ
909 3522 1062 3586 ὄντος
1115 3522 1209 3576 τοῦ
1252 3523 1490 3596 Ἰσραὴλ,
1539 3523 1946 3580 διατετελέκασι
2003 3527 2098 3580 καὶ
2137 3525 2292 3580 αὐτοὶ
2319 3527 2412 3581 τὸν
2485 3526 2581 3581 τοῦ
2625 3526 2854 3590 πένθους
2884 3526 3178 3600 τηροῦντες
3227 3527 3440 3598 καιρὸν,
3509 3525 3603 3579 καὶ
3631 3524 3792 3592 ἁγιά-

504 3617 688 3680 ζοντες
719 3615 818 3686 τὴν
844 3616 1116 3684 νηστείαν,
1149 3616 1404 3689 καθάπερ
1438 3617 1538 3689 ἤδη
1573 3621 1857 3691 προεῖπον.
1891 3618 2103 3672 Οὐκοῦν
2141 3619 2524 3683 ἐνδοιαζόντων
2553 3622 2587 3690 ή
2654 3618 2942 3690 ἐρώτησις,
2987 3619 3214 3690 πότερον
3254 3620 3360 3691 χρὴ
3422 3617 3665 3692 πληροῦν
3708 3616 3792 3671 ἔτι

503 3713 566 3765 τὸ
591 3713 861 3782 ἁγίασμα,
891 3712 986 3765 καὶ
1021 3711 1235 3778 πένθος,
1258 3713 1354 3767 καὶ
1380 3714 1520 3784 μετά
1575 3732 1638 3784 γε
1661 3716 1763 3785 τὴν
1793 3713 2013 3786 ἔγερσιν
2032 3714 2127 3768 τοῦ
2161 3716 2292 3770 ναοῦ
2315 3733 2328 3747 ·
2365 3716 2534 3787 ἧγουν
2563 3716 2898 3786 ἀποσχέσθαι
2923 3716 3131 3782 λοιπὸν,
3171 3715 3270 3787 τῆς
3301 3715 3398 3768 τοῦ
3445 3713 3792 3778 πένθους.αἰ-

505 3807 623 3870 τίας
651 3804 896 3858 ἐκποδὼν
921 3805 1230 3877 οἰχομένης.

581 3901 749 3957 Vnus.
785 3901 901 3956 4-7.
943 3897 1012 3953 Et
1054 3899 1224 3969 factus
1269 3913 1342 3956 est
1382 3919 1551 3957 sermo
1598 3893 1817 3956 Domini
1849 3903 2100 3956 virtutum

505 3996 574 4050 ad
608 4012 712 4059 me,
742 3994 918 4047 dicens
951 4005 968 4043 :
1015 3991 1113 4045 Dic
1143 3996 1285 4048 omni
1325 3996 1516 4065 populo
1543 4005 1719 4058 terra,
1743 4005 1790 4046 et
1821 3995 1888 4046 ad
1923 4010 2102 4047 sacer-

505 4091 684 4154 dotes,
729 4089 952 4143 dicens:
989 4087 1053 4145 Si
1090 4089 1503 4158 jejunaveritis,
1553 4097 1643 4139 aut
1677 4073 1991 4151 planxe'ritis
2041 4087 2100 4142 in

507 4181 728 4250 quintis,
773 4190 866 4234 aut
912 4182 966 4234 in
1016 4181 1269 4246 septimis,
1307 4189 1355 4233 et
1406 4195 1522 4233 ecce
1567 4180 1901 4248 septuaginta
1947 4179 2096 4244 anni,

510 4273 747 4341 nunquid
780 4272 1047 4341 jejunium
1068 4272 1358 4341 jejunastis
1389 4266 1643 4326 milii?Et
1668 4270 1713 4323 si
1742 4272 2095 4335 comederitis,

507 4375 598 4420 aut
642 4364 900 4427 biberitis,
949 4380 1122 4418 nonne
1173 4380 1260 4418 vos
1308 4363 1603 4430 comeditis,
1653 4373 1700 4416 et
1738 4378 1829 4416 vos
1877 4362 2094 4414 bibitis?

2275 3902 2385 3956 Καὶ
2411 3901 2648 3971 ἐγένετο
2667 3903 2850 3973 λόγος
2891 3904 3116 3971 Κυρίου
3144 3904 3264 3958 τῶν
3287 3903 3600 3974 δυνάμεων
3637 3906 3790 3975 πρὸς

2203 3992 2329 4063 ἐμὲ,
2353 3992 2582 4064 λέγων·
2627 3989 2820 4048 Εἶπον
2853 3994 3005 4062 πρὸς
3044 3994 3280 4048 ἅπαντα
3315 3995 3468 4049 λαὸν
3498 3995 3609 4064 τῆς
3651 3997 3788 4065 γῆς,

2203 4083 2302 4136 καί
2335 4085 2486 4150 πρὸς
2515 4083 2656 4149 τοὺς
2700 4083 2895 4151 ἱερεῖς,
2938 4083 3164 4154 λέγων·
3215 4084 3356 4138 Ἐὰν
3384 4088 3788 4154 νηστεύσητε,

2203 4175 2301 4230 καὶ
2345 4175 2623 4243 κόψησθε
2665 4175 2736 4227 ὲν
2764 4175 2895 4241 ταῖς
2924 4175 3240 4244 πέμπταις,
3285 4176 3324 4245 ἢ
3362 4176 3432 4230 ἐν
3461 4177 3592 4243 ταῖς
3622 4178 3791 4232 ἐϐδό-

2196 4284 2361 4336 μαις,
2398 4266 2498 4319 καί
2549 4265 2702 4330 ίδοὺ,
2755 4265 3167 4336 ἐϐδομήκοντα
3203 4269 3329 4335 ἔτη,
3369 4270 3457 4338 μὴ
3495 4272 3792 4338 νηστείαν

2201 4357 2642 4426 νενηστεύκατέ
2691 4373 2831 4426 μοι;
2884 4359 2994 4412 Καὶ
3046 4359 3156 4412 ἐὰν
3209 4360 3454 4430 φάγητε,
3502 4362 3542 4431 ἦ
3589 4364 3788 4429 πίητε,

509 4474 678 4512 nonne
703 4457 804 4511 ista
851 4459 1000 4511 verba
1034 4466 1178 4521 sunt,
1227 4469 1345 4525 qua:
1373 4453 1583 4508 locutus
1633 4463 1708 4507 est
1748 4453 2003 4506 Dominus
2036 4454 2094 4506 in

2198 4449 2312 4517 οὐχ
2350 4448 2520 4516 ὑμεῖς
2551 4447 2798 4514 ἐσθίετε,
2852 4451 2950 4503 καὶ
2983 4439 3150 4519 ὑμεῖς
3183 4451 3422 4517 πίνετε;
3458 4455 3578 4522 Οὐχ
3621 4450 3791 4509 οὗτοι

509 4552 748 4604 manibus
777 4551 1174 4619 prophetarum,
1197 4547 1287 4618 qui
1318 4557 1439 4601 ante
1464 4547 1678 4616 fuerunt
1701 4546 1726 4598 ?
1745 4545 1958 4614 quando
1981 4553 2096 4598 erat

508 4639 806 4695 Jerusalem
839 4643 1103 4706 habitata,
1148 4650 1198 4695 et
1227 4639 1526 4702 abundans,
1564 4649 1610 4692 et
1641 4637 1878 4691 civitates
1901 4637 2013 4705 ejus
2040 4638 2096 4690 in
2131 4628 2133 4630 ’

510 4735 756 4799 circuitu,
781 4745 827 4789 et
863 4745 1135 4799 montana,
1166 4743 1214 4788 et
1255 4732 1566 4802 campestris
1594 4729 1832 4784 habitata
1856 4742 1951 4786 est.

582 4986 802 5043 XXXV.
839 4987 1165 5056 Quaerebam
1187 5001 1431 5057 quinam,
1465 4996 1524 5043 ut
1557 4991 1670 5058 jam
1713 4986 1894 5052 docui,
1929 4985 1998 5042 de
2028 5000 2094 5042 ea

513 5096 631 5150 quae
667 5091 893 5136 vocatur
933 5077 1296 5134 sanctiﬁcatio
1320 5118 1336 5145 ,
1383 5094 1414 5134 a
1459 5079 1835 5135 sacerdotibus
1866 5088 1920 5134 et
1963 5093 2092 5150 pro-

515 5173 712 5242 phetis,
740 5173 856 5242 qui,
885 5180 945 5226 ut
977 5169 1235 5226 credibile
1269 5171 1349 5236 ﬁt,
1379 5186 1501 5228 curn
1534 5185 1724 5240 preces
1747 5171 2090 5235 obtulissent,

513 5274 570 5321 et
601 5266 729 5335 quid
765 5264 892 5320 talia
934 5264 1132 5332 cupide
1173 5263 1578 5320 sciscitantibus
1613 5263 1818 5334 liquido
1865 5277 2091 5332 respon-

515 5358 725 5421 derent,
766 5354 909 5425 apud
937 5370 996 5410 se
1024 5355 1313 5425 diligenter
1337 5356 1693 5426 cogitassent,
1725 5366 1972 5411 secutum
2009 5364 2095 5410 est

441 5502 445 5507 .
515 5449 740 5505 verbum
767 5461 798 5501 a
827 5443 959 5512 Deo,
989 5447 1173 5512 breve,
1213 5462 1277 5500 ac
1309 5446 1530 5503 minime
1565 5447 1807 5518 longum,
1852 5447 2095 5516 nihilque

517 5539 802 5596 continens
842 5538 1140 5597 involutum
1171 5557 1184 5595 :
1218 5539 1311 5596 sed
1345 5547 1404 5594 ut
1436 5539 1512 5594 ita
1546 5537 1815 5603 dicamus,
1865 5541 2091 5604 nudum,

2203 4544 2257 4595 οἰ
2307 4541 2510 4608 λόγοι,
2571 4540 2678 4604 οὓς
2735 4541 3004 4609 ἐλάλησε
3058 4543 3272 4611 Κύριος
3327 4544 3395 4596 ἐν
3447 4545 3617 4612 χερσί
3668 4545 3794 4599 τῶν

2197 4632 2524 4702 προφητῶν
2576 4631 2697 4686 τῶν
2749 4634 3126 4701 ἕμπροσθεν;
3179 4634 3311 4688 Ὅτε
3363 4632 3442 4705 ἦν
3489 4637 3794 4705 Ἰερουσα-

2195 4723 2327 4794 λὴμ
2353 4724 2810 4791 κατοικουμένη.
2838 4725 2934 4778 καί
2964 4725 3332 4793 εὐθηνοῦσα,
3362 4727 3458 4780 καὶ
3489 4730 3548 4780 ai
3579 4729 3790 4794 πόλεις

2202 4819 2505 4871 κυκλόθεν
2555 4814 2766 4884 αὐτῆς,
2817 4817 2912 4870 καὶ
2960 4819 2999 4886 ἡ
3053 4817 3275 4886 ὀρεινὴ,
3330 4819 3426 4872 καὶ
3477 4820 3516 4888 ἠ
3566 4819 3788 4891 πεδινὴ

2200 4908 2540 4975 κατῳκεῖτο.

2270 4996 2400 5047 ΛΕ’.
2447 4995 2680 5064 Ἥροντό
2717 5012 2884 5061 τινες,
2931 4997 3007 5061 ὡς
3041 4997 3144 5070 ἤδη
3193 5001 3474 5070 προεῖπον,
3517 5001 3648 5073 περί
3688 5002 3786 5056 τοῦ

2200 5087 2432 5156 ἐπίκλην
2474 5087 2834 5158 ἁγιάσματος,
2883 5089 3008 5153 τούς
3037 5107 3095 5142 τε
3144 5091 3324 5162 ἱερέας
3369 5094 3461 5145 καὶ
3496 5093 3624 5156 τοὺς
3653 5111 3790 5166 προ·

2202 5178 2399 5249 φήτας,
2440 5180 2582 5231 κατὰ
2607 5179 2663 5231 δέ
2698 5180 2761 5233 τὸ
2788 5180 2955 5245 εἰκὸς,
2997 5185 3454 5253 προσαγηοχότων
3481 5185 3581 5248 τὰς
3609 5186 3785 5254 λιτὰς,

2201 5273 2298 5323 καὶ
2329 5270 2412 5322 ὅτι
2443 5270 2712 5340 προσήκοι
2753 5273 2867 5335 τοῖς
2898 5273 2966 5326 τὰ
3012 5273 3185 5358 τοιαδε
3234 5275 3613 5344 φιλοπευστεῖν
3648 5281 3789 5349 ᾑρη-

2205 5357 2386 5427 μένοις
2411 5358 2802 5429 ἁποκρίνεσθαι
2831 5361 3017 5430 σαφῶς
3042 5357 3529 5431 διεσπουδακότων,
3557 5365 3674 5422 εἷτά
3702 5387 3786 5430 τις

2201 5452 2229 5502 ὁ
2262 5449 2415 5517 λόγος
2444 5452 2472 5503 ὁ
2505 5451 2655 5522 παρὰ
2683 5451 2841 5515 Θεοῦ,
2875 5453 3080 5524 βραχύς
3110 5471 3169 5508 τε
3205 5459 3297 5510 καὶ
3334 5458 3394 5510 οὐ
3428 5458 3658 5530 μακρὸς,
3691 5463 3786 5513 καὶ

2201 5541 2354 5596 οὐδὲν
2386 5542 2526 5613 ἔχων
2565 5543 2626 5596 τὸ
2659 5545 2994 5614 περισκεπές
3016 5563 3030 5576 ·
3063 5547 3177 5600 ἀλλ’
3203 5549 3269 5603 ἶν’
3302 5551 3474 5617 οὓτως
3515 5553 3784 5624 εἴπωμεν,

591 5723 669 5796 (i)
709 5722 818 5781 Vox
877 5733 1153 5793 corrupta,
1197 5732 1250 5778 ut
1287 5731 1510 5794 apparet
1539 5740 1566 5782 ς,
1604 5729 1697 5777 aut
1727 5733 1936 5791 expone
1979 5719 2242 5777 decretum
2278 5722 2535 5792 fecerunt,
2565 5735 2611 5778 et
2641 5723 2999 5794 obsignaram,
3025 5743 3052 5780 τι
3082 5730 3289 5790 tandm.
