4130 6500
338 361 444 418 MS

1201 355 1753 414 COMMENTARIUS
1793 357 1858 412 IN
1901 345 2307 414 ZACIIARIAM
2348 354 2796 412 PROPHETAM.

3544 356 3646 410 lilii

334 480 583 550 γυμνὸς,
638 480 734 534 καὶ
786 479 1201 542 εὐαπάλλακτος
1251 479 1351 549 τὴν
1419 478 1512 531 τοῦ
1572 479 1948 549 συμφέροντος

2056 489 2110 533 et
2141 481 2192 534 in
2229 494 2335 548 quo
2365 478 2522 532 facile
2549 477 2839 531 utilitatem
2884 475 3284 546 deprehendas.
3321 475 3459 541 Quid
3498 479 3643 531 enim

334 573 563 643 γνῶσιν.
591 572 656 627 Τί
681 572 788 643 γὰρ
817 573 880 640 δὴ
911 572 973 626 τὸ
997 573 1214 644 χρῆμα,
1243 575 1431 643 φησὶν,
1465 572 1624 624 εἶκαὶ
1655 571 1944 641 νενηστεύ-

335 688 472 726 κατε
500 669 664 740 τυχὸν
703 671 762 722 ἐν
792 672 914 733 ταῖς
948 669 1229 738 πέμπταις
1261 669 1353 721 καὶ
1385 669 1443 721 ἐν
1476 669 1596 730 ταῖς
1648 667 1945 737 ἐὸδῦμαις;

331 763 368 834 ἢ
403 761 536 815 ποία
566 779 650 824 τις
676 760 814 824 ὅλως
849 759 1194 830 κατόρθωσις
1236 761 1462 830 ἀρετῆς,
1502 761 1564 812 τὸ
1603 759 1949 824 ἐπολολύζειν

335 855 570 926 ἀμαθῶς
604 853 786 918 ξύλοις
829 871 888 907 τε
923 853 1018 906 καὶ
1058 851 1225 915 λίθοις
1258 853 1782 923 ἐμπεπρησμένοις;
1815 853 1949 908 Ήνα

332 949 392 1002 δὲ
421 947 630 1018 τρόπον
661 948 776 1009 τοῖς
819 946 951 1015 παρ’
986 943 1140 1014 ὑμῶν
1181 942 1483 1013 δρωμένοις
1527 942 1762 1014 ἐφήδοιτ¹
1806 943 1870 996 ἂν
1921 945 1950 998 ὁ

331 1041 492 1103 Θεὸς,
525 1039 615 1092 ὅτε
644 1037 753 1090 τῶν
781 1037 1100 1105 ἀναγκαίων
1128 1037 1209 1098 εἰς
1251 1035 1440 1106 ὄνησιν
1489 1035 1835 1107 πεπραχότες
1861 1037 1952 1089 οὐ·

330 1132 445 1194 δὲν,
485 1130 666 1184 οἴεσθε
694 1130 837 1182 κατά
869 1130 1010 1197 σφᾶς
1051 1127 1121 1182 τὰ
1164 1129 1345 1181 πάντα
1377 1127 1574 1199 ἄριστα
1604 1129 1948 1200 κατορθοῦνς

329 1226 396 1277 Εἰ
422 1223 536 1294 γὰρ
567 1223 669 1292 τῆς
694 1221 955 1292 τοιαύτης
983 1221 1243 1291 δεδέημαι
1266 1221 1543 1291 νηστείας,
1579 1221 1674 1274 καὶ
1701 1222 1950 1274 ἐπαιν.;ἴν

329 1316 488 1383 ἄξιον
526 1314 754 1385 νομικὸν
783 1313 1228 1383 γυναικοπρεπῆ,
1271 1312 1362 1366 διὰ
1397 1312 1555 1366 ποίαν
1586 1312 1766 1365 αἰτίαν
1800 1313 1952 1365 £650-

334 1405 616 1478 μηκοστον
653 1404 772 1468 ἔτος
812 1403 1328 1476 διατετελε[ύ]κατε,
1361 1405 1547 1474 φησιν,
1580 1406 1641 1457 οὺ
1667 1421 1952 1475 νενηστευ-

329 1500 529 1564 κότες;
553 1497 942 1567 Διατρίϐοντες
975 1496 1085 1569 γὰρ
1121 1496 1200 1550 ἔτι
1236 1496 1390 1567 παρὰ
1422 1499 1534 1557 τοῖς
1562 1496 1947 1560 Βαϐυλωνίοις,

328 1593 395 1644 οὐ
428 1591 692 1662 νηστείαν
730 1590 1052 1643 τετελέκασι
1087 1590 1384 1661 δημοτελῆ,
1430 1590 1547 1643 ἀλλ’
1576 1590 1857 1662 οὐδέτερόν
1896 1607 1950 1644 τι

329 1683 480 1738 κατά
510 1683 603 1738 τὸν
637 1684 803 1752 νόμον
834 1683 925 1736 τὸν
969 1683 1216 1747 Μωσέως
1259 1682 1651 1754 ἀποπεραίνειν
1685 1683 1952 1736 ἐσποτδα-

329 1776 495 1839 κότες
528 1777 710 1830 ἁλοῖεν
742 1774 830 1829 ἄν.
878 1771 1015 1829 Εἶτα
1063 1774 1182 1838 πῶς
1227 1764 1460 1846 ἠλέησα,
1497 1775 1652 1844 φησὶ,
1701 1775 1796 1828 καὶ
1851 1775 1952 1842 τῆς

329 1867 444 1922 τῶν
474 1867 829 1940 κρατούντων
863 1867 1046 1938 χειρὸς
1073 1867 1384 1938 ἐξειλόμην,
1409 1867 1502 1920 καὶ
1534 1865 1609 1938 (l)
1652 1871 1815 1931 πιεῖν,
1845 1868 1946 1921 οὐκ

331 1961 466 2032 ἐμοὶ
499 1961 764 2033 μᾶλλονῆ
801 1962 1020 2024 ἑαυτοῖς
1061 1960 1357 2030 χαρίζεσθε
1401 1961 1462 2013 τὸ
1492 1963 1700 2032 χρῆμα.
1738 1961 1949 2015 Οὐκοῦν

329 2051 430 2106 τοῦ
477 2051 840 2121 νηστεύοντος
871 2053 1030 2122 εἰκῆ,
1067 2053 1162 2105 καὶ
1203 2050 1291 2104 ἐπ’
1320 2051 1493 2104 οὐδενὶ
1524 2052 1629 2102 τῶν
1663 2052 1951 2122 χρησίμων

330 2145 432 2197 καὶ
461 2143 522 2197 τὸ
552 2144 791 2216 δάκρυον
818 2143 1120 2214 ἀνωφελὲς,
1153 2144 1249 2196 καὶ
1305 2142 1534 2213 ἄμισθος
1563 2145 1591 2196 6
1621 2143 1800 2214 ἱδρώς.
1838 2144 1950 2214 Οὐχ

330 2228 486 2294 οῦτοι
511 2240 561 2290 οἱ
594 2237 744 2306 λόγοι
778 2237 888 2290 εἰσὶ
915 2236 1023 2290 τῶν
1049 2236 1349 2309 προφητῶν
1372 2235 1478 2288 τῶν
1507 2235 1836 2307 ἔμπροσθεν,
1861 2237 1952 2289 ὅτε

329 2325 402 2402 ἦν
458 2329 822 2401 Ἰερουσαλὴμ
867 2330 1298 2400 κατοικουμένη,
1335 2330 1432 2381 καὶ
1479 2329 1822 2398 εὐθηνοῦσα,
1855 2345 1952 2383 πε-

333 2419 752 2494 ριεχομένηιῖσ.
779 2417 1174 2490 περιχεομένη]
1199 2436 1256 2472 τε
1274 2421 1384 2481 τοῖς
1412 2419 1659 2487 ἀγαθοῖς,
1686 2420 1779 2472 καὶ
1803 2421 1951 2492 ἀπη-

335 2513 566 2583 μάντοις
587 2512 667 2564 ἔτι
685 2514 806 2575 ταῖς
836 2513 995 2576 ἰδίαις
1017 2510 1345 2582 ἐπαυχοῦσα
1363 2510 1573 2577 πόλεσι,
1592 2514 1712 2574 ταῖς
1730 2528 1789 2563 τε
1806 2513 1864 2563 ἐν
1879 2514 1947 2584 τῇ

332 2606 521 2677 ἐρεινῇ
554 2606 646 2658 καὶ
667 2608 732 2676 τῇ
756 2606 1122 2675 mor/ﬁfqu
1158 2603 1382 2675 μὲνγὰρ
1401 2607 1428 2656 6
1455 2606 1744 2675 προφήτης
1772 2604 1948 2675 Ἰωὴλ,

336 2699 419 2750 ὅτι
441 2698 527 2750 δεῖ
542 2698 952 2769 πρεσϐυτέρους
975 2697 1221 2768 θρηνεῖν,
1251 2698 1430 2766 ἱερέας
1443 2714 1500 2748 τε
1529 2698 1622 2750 καὶ
1643 2698 1829 2764 λαοὺς,
1850 2699 1949 2752 καὶ

337 2791 474 2861 πρός
504 2808 567 2859 γε
610 2790 675 2861 δὴ
710 2791 923 2852 τούτοις
953 2791 1047 2842 καὶ
1083 2791 1310 2858 ἁγιάσαι
1346 2790 1619 2861 νηστείαν.
1651 2790 1760 2843 Καὶ
1788 2791 1816 2842 ὁ
1849 2792 1949 2862 τῆς

336 2885 722 2954 παραινέσεως
765 2884 968 2947 omni);
1025 2884 1210 2937 ἐκάλει
1262 2885 1398 2956 πρὸς
1449 2883 1814 2955 μετάγνωσιν.
1870 2887 1946 2940 UO

334 2982 446 3051 γὰρ
468 2980 794 3051 περιμένειν
817 2980 978 3052 ἤθελε
1004 2979 1110 3032 τῶν
1141 2998 1203 3032 συ
1213 2980 1570 3050 μϐεϐηκότων
1594 2981 1695 3050 τὴν
1725 2983 1942 3051 πεῖραν,

336 3071 422 3125 ἵνα
476 3071 573 3124 καὶ
623 3072 1018 3142 ἐμπρησθέντα
1060 3072 1442 3143 καταθρηνῆτε
1490 3072 1582 3124 τον
1631 3071 1778 3137 ναὸν,
1831 3072 1946 3127 ἀλλ’

337 3163 424 3217 ἵνα
473 3163 586 3234 πρὸ
633 3164 853 3235 πείρας,
887 3164 962 3227 ὡς
1009 3163 1168 3235 ἔφην,
1219 3166 1456 3233 κομμοῖς
1489 3181 1547 3216 τε
1579 3166 1674 3218 καὶ
1726 3164 1946 3236 θρήνοις

2056 587 2311 642 magnum
2350 579 2449 635 cst,
2509 570 2706 639 inquit,
2741 569 2953 622 etiamsi
2984 566 3272 636 jejunasds
3317 567 3455 623 forte
3485 571 3646 637 quin-

2055 664 2126 720 tis
2169 672 2221 718 el
2288 664 2573 733 septimis,
2615 671 2706 716 aut
2753 662 2895 732 quod
2944 662 3166 716 virtutis
3201 659 3435 716 cilicium
3483 677 3647 731 super

2055 757 2216 826 lignis
2271 767 2324 811 et
2353 757 2626 824 lapidibus
2656 757 2864 810 exustis
2895 755 3144 810 ululare?
3170 754 3420 822 Quonam
3461 764 3644 809 autem

2053 854 2217 908 modo
2262 851 2404 907 Deus
2443 851 2601 905 factis
2649 851 2848 906 vestris
2883 850 3206 916 delectetur,
3240 853 3458 920 quando
3511 852 3642 904 nihil

2053 946 2394 1001 conducibile
2433 961 2555 1000 cum
2591 943 2858 1011 feceritis,
2905 945 3109 1013 optima
3144 960 3371 1014 quaeque
3408 945 3647 1012 legitime

2054 1039 2251 1095 fecisse
2299 1038 2573 1094 Statuitis?
2630 1037 2763 1091 Nam
2805 1037 2850 1092 si
2899 1036 3210 1105 huiusmodi
3251 1034 3516 1107 jejunium
3570 1047 3649 1092 re-

2054 1131 2236 1201 quiro,
2279 1141 2334 1185 ct
2375 1130 2592 1186 feminis
2621 1131 2843 1200 dignum
2877 1129 3186 1182 instittttum
3233 1126 3504 1182 laudabile
3538 1138 3645 1193 est,

2054 1224 2181 1294 quid
2222 1233 2305 1277 est
2374 1224 2517 1293 quod
2564 1238 2660 1292 per
2705 1221 3048 1290 septuaginta
3093 1236 3266 1275 annos
3301 1235 3405 1273 non
3435 1218 3647 1289 jejuna-

2053 1314 2189 1368 slis?
2211 1312 2424 1368 Etenim
2456 1317 2596 1384 apud
2627 1312 2955 1383 Babylonios
2984 1314 3260 1380 degentes,
3301 1310 3516 1379 publice
3541 1326 3646 1363 non

2048 1407 2403 1476 ieiunabant,
2459 1421 2638 1475 neque
2689 1406 2813 1461 illos
2865 1405 3141 1474 quidpiam
3203 1401 3347 1456 aliud
3405 1417 3471 1457 ex
3530 1401 3649 1471 lege

2057 1498 2223 1554 Mosis
2251 1499 2495 1553 studiose
2530 1507 2894 1568 exsequentes
2921 1497 3170 1552 vidisses.
3209 1495 3414 1550 Deinde
3451 1493 3648 1549 misera

2057 1603 2145 1649 tus
2181 1608 2326 1656 sum,
2370 1593 2567 1661 inquit,
2598 1601 2654 1646 et
2687 1591 2753 1645 de
2801 1606 2965 1645 manu
2995 1589 3388 1644 dominantium
3417 1603 3514 1644 vos
3539 1590 3650 1642 eri-

2055 1686 2168 1756 pni,
2206 1695 2260 1740 et
2291 1686 2580 1740 comeditis
2607 1699 2671 1739 ac
2705 1684 2887 1739 bibitis
2911 1725 2926 1752 ,
2960 1699 3068 1738 non
3103 1683 3232 1737 mihi
3278 1681 3458 1756 potius
3488 1696 3649 1750 quam

2054 1780 2210 1834 vobis
2242 1778 2655 1849 'gratilicantcs.
2710 1777 2892 1844 Quare
2939 1778 3140 1831 frustra
3173 1783 3226 1830 et
3280 1774 3546 1828 inutiliter
3570 1774 3653 1843 δηθά

1980 1858 2020 1913 Β
2045 1866 2291 1936 junantis
2325 1868 2489 1921 etiam
2519 1867 2773 1938 lacrymm
2811 1867 2999 1922 inanes
3031 1874 3178 1930 sunt,
3211 1873 3265 1919 et
3300 1866 3466 1919 sudor
3503 1879 3644 1918 mer-

2054 1957 2186 2009 cede
2225 1968 2393 2009 caret.
2430 1953 2621 2009 Nonne
2655 1956 2742 2009 isti
2775 1971 3060 2010 sermones
3097 1965 3225 2009 sunt
3259 1955 3648 2024 pt-Ophetarnm

2054 2047 2318 2116 priorum,
2373 2049 2588 2116 quando
2623 2048 2975 2103 habitabatur
3008 2047 3338 2115 Jerusalem,
3389 2059 3442 2102 et
3484 2048 3652 2102 abun:

2054 2140 2239 2206 dabat,
2276 2151 2330 2194 et
2369 2141 2787 2197 circumlinebat
2830 2142 3022 2208 bonis,
3062 2153 3114 2196 ct
3155 2145 3220 2198 de
3262 2144 3375 2198 suis
3425 2144 3651 2198 urbibus

2053 2252 2176 2292 cum
2216 2237 2490 2292 montanis
2541 2247 2654 2293 tum
2707 2239 3110 2310 campestribus
3157 2239 3335 2293 adhuc
3388 2239 3553 2295 salvis
3597 2253 3651 2293 et

2055 2330 2415 2385 incolumibus
2450 2329 2776 2385 ltetabatur?
2818 2332 2910 2385 Ait
2951 2332 3094 2386 enim
3133 2335 3394 2402 propheta
3438 2332 3647 2396 .loel”,

2051 2422 2461 2476 lamentanduzn
2526 2422 2856 2489 senioribus,
2900 2423 3278 2478 sacerdotibus
3329 2431 3383 2476 et
3431 2424 3646 2492 populo,

2053 2526 2108 2570 et
2136 2526 2399 2585 praeterea
2434 2516 2892 2571 sanctificandum
2930 2516 3220 2586 jejunium.
3255 2518 3418 2588 712
3453 2515 3653 2572 lict-las

2055 2607 2215 2662 tionis
2261 2623 2456 2678 scopus
2517 2618 2636 2663 erat
2691 2622 2889 2662 vocare
2945 2608 3012 2661 ad
3072 2608 3472 2678 pcenitcittiam.
3533 2609 3650 2662 l\'oa

2052 2701 2198 2755 enim
2256 2708 2580 2770 exspectare
2626 2716 2722 2756 eos
2771 2701 3007 2770 volebat,
3045 2701 3172 2754 dum
3219 2701 3332 2770 ipsa
3383 2701 3651 2756 malorum

2052 2793 2390 2862 experientia
2430 2794 2781 2862 docerentur,
2821 2805 2877 2849 ut
2927 2796 3002 2850 ita
3043 2795 3303 2865 templum
3349 2804 3650 2850 crematum

2053 2885 2322 2954 delicatis,
2355 2889 2552 2956 inquit,
2585 2887 2680 2942 sed
2723 2899 2781 2941 ut
2812 2899 2938 2942 ante
2967 2887 3390 2957 experientiam,
3426 2895 3486 2941 ut
3513 2888 3650 2949 dixi,

2050 2978 2344 3050 eiulatibus
2415 2977 2780 3046 lamentisque
2844 2977 3012 3031 Deum
3080 2978 3428 3046 mitigantes,
3510 2978 3650 3032 mala

2051 3072 2322 3126 evadatis.
2365 3070 2754 3139 Quamobrem,
2802 3086 2982 3126 nonne
3040 3071 3128 3125 isti
3174 3079 3301 3125 sunt
3340 3084 3649 3132 sermones,

2053 3166 2250 3236 inquit,
2290 3169 2680 3236 prophetarum
2726 3165 3005 3236 priorum?
3057 3180 3292 3235 quorum
3346 3164 3523 3235 ignari
3555 3180 3652 3219 νον

333 3258 818 3327 ἐκμειλισσόμενοι
853 3260 944 3312 τὸν
989 3258 1143 3321 Θεὸν,
1180 3258 1285 3323 ἔξω
1314 3257 1550 3328 γένησθε
1582 3258 1691 3311 τῶν
1736 3259 1946 3317 κακῶν.

2054 3260 2258 3315 l‘rustra
2289 3260 2527 3329 ejulatis,
2576 3270 2630 3315 et
2658 3261 2870 3330 lapides
2907 3260 3058 3314 humi
3094 3260 3344 3330 jacentcs
3378 3274 3486 3314 non
3533 3259 3651 3314 sine

339 3348 555 3404 Οὐκοῦν
597 3353 697 3422 οὐχ
729 3346 874 3406 οὗτοί
904 3355 1044 3405 εἰσιν
1088 3354 1136 3404 οἱ
1172 3353 1322 3422 λόγοι
1356 3352 1466 3406 τῶν
1500 3353 1798 3425 προφητῶν
1844 3353 1953 3407 τῶν

340 3443 692 3516 ἕμπροσθεν;
717 3444 812 3510 οὓς
843 3443 1178 3514 ἠγνοηκότες
1209 3445 1364 3515 ὑμεῖς
1395 3446 1522 3511 εἰκῆ
1557 3445 1950 3514 κατοιμώζετε,

339 3534 435 3585 καὶ
463 3533 634 3596 λίθοις
663 3534 943 3604 κειμένοις
970 3534 1030 3587 τὸ
1061 3534 1121 3598 ἐξ
1153 3535 1427 3604 ἀμαθείας
1458 3535 1695 3606 δάκρυον
1728 3535 1956 3589 ἐπιστά-

332 3621 518 3690 ζεσθε.
561 3625 756 3678 Καίτοι
786 3625 906 3679 δέον
934 3625 1273 3695 ἐπανορθοῦν
1305 3628 1404 3698 τῆς
1435 3627 1646 3680 ἑαυτῶν
1677 3627 1956 3691 πολιτείας

2053 3356 2286 3410 stultitia
2330 3354 2587 3427 laerymis
2623 3355 2972 3425 perfunditis.
3000 3355 3166 3424 Atqui
3195 3356 3484 3425 oportebat
3533 3370 3649 3408 mo-

2055 3463 2143 3503 res
2176 3463 2304 3503 suos
2331 3449 2626 3518 corrigere,
2660 3457 2714 3504 et
2745 3449 3006 3504 laudabili
3042 3449 3238 3504 semita
3279 3448 3418 3503 citra
3463 3446 3651 3516 cujus~

2055 3554 2217 3607 quam
2259 3540 2744 3608 reprehensionem
2785 3539 3092 3606 ambulare,
3132 3540 3399 3596 voluntati
3436 3538 3648 3607 legisla-

2058 3629 2192 3683 toris
2232 3630 2404 3698 probe
2457 3637 2513 3683 et
2554 3631 2808 3685 omnibus
2846 3631 3092 3684 numeris
3120 3646 3313 3700 parere
3343 3630 3648 3699 cupientes.

328 3717 432 3787 τὴν
461 3717 605 3782 666v,
637 3717 734 3770 καὶ
769 3719 870 3790 τὴν
915 3717 1115 3771 εὐκλεᾶ
1153 3719 1248 3772 καὶ
1314 3718 1621 3791 ἀμώμητον
1691 3721 1826 3774 ἱέναι
1868 3721 2079 3792 τρίϐον,
2135 3722 2438 3794 κατορθοῦν
2500 3718 2559 3777 εὖ
2608 3722 2755 3794 μάλα
2803 3723 2862 3776 δὲ
2907 3723 3218 3792 ἐγνωκότας
3261 3723 3322 3776 τὸ
3355 3721 3432 3794 τῷ
3481 3740 3650 3794 νομοί

329 3806 466 3878 θέτῃ
494 3805 710 3861 δοκοῦν.

406 3901 516 3954 Kal
575 3901 816 3970 ἐγένετο
870 3903 1056 3972 λόγος
1118 3903 1342 3971 Κυρίου
1397 3905 1548 3973 πρὸς
1601 3909 1936 3976 Ζαχαρίαν,

323 3995 563 4065 λέγων·
601 3994 746 4049 Τάδε
787 3996 950 4066 λέγει
981 3996 1208 4064 Κύριος
1250 3998 1705 4069 παντοκράτωρ·
1753 4001 1945 4070 Κρῖμα

324 4088 572 4142 δίκαιον
600 4089 856 4156 κρίνετε,
888 4088 985 4141 καὶ
1023 4088 1218 4154 ἕλεος,
1252 4091 1349 4142 καὶ
1388 4091 1696 4160 οἱχτιρμὸν
1722 4093 1943 4146 ποιεῖτε

324 4183 594 4249 ἕκαστος
632 4183 740 4236 τὸν
779 4183 1051 4250 ἀδελφὸν
1081 4183 1274 4237 αὑτοῦ
1310 4184 1409 4237 καὶ
1443 4185 1671 4253 χήραν,
1713 4185 1808 4238 καὶ
1845 4185 1942 4253 ὀρ-

323 4277 550 4344 φανὸν,
593 4275 691 4328 καὶ
722 4275 1141 4346 προσήλυτον,
1172 4278 1271 4331 καὶ
1304 4276 1536 4346 πένητα
1563 4278 1650 4348 μὴ
1686 4279 1942 4332 καταδυ-

323 4369 693 4434 ναστεύετε,
750 4369 847 4422 καὶ
909 4370 1133 4424 κακίαν
1182 4371 1446 4438 ἕκαστος
1497 4373 1604 4426 τοῦ
1669 4371 1941 4441 ἀδελφοῦ

322 4459 522 4514 αὐτοῦ
566 4459 656 4528 μὴ
691 4461 1141 4528 μνησικακείτω
1173 4462 1245 4514 ἐν
1282 4464 1414 4527 ταῖς
1447 4461 1722 4531 καρδίαις
1749 4461 1936 4530 ὑμῶν.

2127 3902 2291 3958 Vens.
2323 3903 2476 3958 8-l0.
2527 3903 2595 3956 Et
2638 3904 2811 3972 factus
2854 3912 2934 3960 est
2979 3921 3148 3959 sermo
3182 3907 3396 3962 Domini
3431 3913 3501 3964 ad
3539 3911 3649 3967 Zu-

2054 3999 2324 4064 cliariam,
2375 3999 2556 4052 dicens
2587 4015 2604 4051 :
2636 3997 2766 4050 Ηατ
2819 3999 2945 4050 dicit
2987 3999 3243 4054 fJominus
3276 4007 3602 4074 omnipotens
3633 4017 3649 4060 .‘

2051 4089 2328 4144 Iudicium
2348 4090 2557 4159 justum
2579 4086 2843 4158 judicale,
2887 4101 2934 4143 et
2974 4091 3392 4148 misericordiam
3422 4107 3467 4150 et
3495 4099 3648 4152 mise-

2054 4184 2314 4236 rationem
2346 4179 2506 4251 facile
2556 4184 2915 4252 unusquisque
2959 4199 3089 4253 erga
3135 4183 3354 4254 fratrem
3389 4205 3566 4257 suum,
3601 4203 3649 4248 et

2050 4276 2284 4342 viduam,
2329 4286 2377 4330 et
2413 4275 2698 4346 pupillum,
2743 4283 2792 4330 et
2844 4275 3117 4344 advenam,
3171 4289 3216 4332 et
3255 4297 3539 4348 pauperem
3589 4301 3650 4339 ne

2051 4368 2384 4438 Opprimatis,
2439 4380 2484 4422 et
2529 4367 2753 4423 malitia:
2803 4370 3164 4442 unusquisque
3213 4372 3402 4440 fratris
3446 4379 3530 4430 sui
3587 4395 3660 4433 ne

2052 4461 2398 4514 nieiititieritis
2431 4462 2485 4514 in
2516 4461 2764 4516 cordibus
2801 4462 3002 4516 vestris.

400 4553 550 4618 Λςι.
598 4551 1123 4623 Κατακιὸδηλεύσας
1164 4554 1226 4607 τὸ
1277 4555 1496 4619 πένθος,
1551 4555 1626 4619 ὡς
1670 4555 1943 4628 ἄχρηστον

2129 4551 2372 4608 XXXVI.
2420 4552 2642 4624 [injecto
2673 4553 2820 4608 luctu
2866 4563 2925 4608 ut
2962 4553 3301 4613 iul‘ructuoso
3342 4568 3397 4614 et
3450 4560 3646 4626 ittutili,

325 4641 424 4694 καὶ
477 4641 784 4709 ἀνωφελὲς,
836 4639 1053 4696 καὶτὸν
1094 4647 1300 4698 εἰκαῖον
1352 4645 1534 4699 αὐτῶν
1583 4639 1785 4721 ἱδρῶτα
1827 4649 1944 4702 δια-

322 4733 622 4803 χλευάσας,
657 4733 990 4804 ἀποκομίζει
1044 4736 1182 4806 πρὸς
1227 4736 1288 4789 τὸ
1339 4738 1422 4792 ὅτι
1467 4740 1703 4809 μάλιστα
1749 4740 1942 4793 τελοῦν

323 4826 405 4885 είς
433 4823 646 4892 ὄνησιν,
680 4826 772 4877 καὶ
811 4826 910 4895 τῆς
951 4827 1286 4899 ἁνδανούσης
1308 4830 1457 4900 αὐτῷ
1489 4831 1766 4894 πολιτείας
1795 4835 1939 4904 σαφῆ

322 4932 383 4967 τε
420 4915 520 4967 καὶ
553 4917 760 4986 ἐναργῆ
796 4919 1153 4989 καταστήσας
1199 4919 1298 4990 τὴν
1337 4921 1474 4986 ὁδον,
1521 4923 1941 4977 καταλευκαίνει

322 5026 390 5077 γε
441 5009 639 5080 ῶσπερ
692 5010 859 5062 αὑτοῦ
893 5027 952 5062 τε
998 5012 1092 5064 τοῦ
1142 5013 1310 5083 νόμου
1347 5015 1440 5066 καὶ
1488 5016 1597 5068 τῶν
1642 5017 1940 5089 προφητῶν

320 5103 418 5156 τὸν
466 5102 616 5156 νοῦν.
693 5104 985 5174 Ἐιρήιῖεται
1019 5107 1128 5176 γὰρ
1169 5109 1196 5159 ὁ
1239 5108 1536 5178 νομοθέτης
1569 5111 1714 5180 ὀρθῷ
1751 5128 1809 5162 τε
1847 5110 1942 5164 καὶ

322 5197 624 5268 ἀμωμήτῳ
680 5199 936 5268 κρίματι,
973 5199 1328 5272 ἐκτετίμηται
1366 5201 1423 5254 δὲ
1459 5204 1552 5255 καὶ
1593 5203 1713 5257 λίαν
1746 5207 1944 5256 ἐσπου-

321 5290 620 5360 δασμένως
672 5290 825 5342 ἐλεόν
879 5309 938 5343 τε
996 5293 1092 5345 καὶ
1142 5292 1518 5364 φιλαλληλίαν,
1561 5297 1655 5348 καὶ
1702 5297 1944 5349 ἐπαινεῖν

322 5382 473 5446 ἀξιοῖ
497 5380 598 5451 τὴν
630 5383 712 5442 είς
745 5382 1022 5450 ὀρφανοὺς
1052 5383 1356 5460 ἀγάπησιν,
1393 5385 1488 5436 καὶ
1519 5384 1686 5452 φειδὼ
1719 5385 1818 5457 τὴν
1852 5386 1943 5439 ἐπὶ

322 5473 578 5542 γυναίοις
615 5475 788 5546 χηρίᾳ
823 5475 1314 5548 κατηχθεσμένοις.
1363 5478 1704 5532 Ἀποσείεταί
1738 5496 1800 5547 γε
1836 5481 1944 5552 μὴν

398 5652 448 5686 ’⁵
492 5651 614 5706 Joel
649 5671 687 5714 ι,
729 5654 796 5707 15
824 5669 983 5722 seqq.

2052 4655 2106 4701 et
2149 4647 2296 4700 inani
2331 4661 2519 4700 eorum
2549 4646 2735 4700 labore
2758 4643 2943 4711 irriso,
2981 4649 3046 4700 ad
3077 4664 3344 4705 summam
3374 4667 3467 4706 eos
3499 4653 3650 4706 utili-

2055 4750 2218 4794 tatem
2252 4740 2494 4804 deducit,
2531 4749 2586 4794 et
2630 4741 2753 4794 vita:
2799 4741 2902 4796 sibi
2937 4755 3176 4814 accepta:
3221 4747 3304 4800 via
3363 4750 3650 4819 perSpicue

2053 4831 2448 4901 manifestoque
2486 4832 2719 4896 munita,
2762 4843 2870 4888 tam
2912 4834 3046 4906 legis
3088 4836 3259 4908 ipsius
3314 4854 3475 4909 quam
3525 4858 3648 4912 pro-

2051 4923 2339 4991 phetarunt
2395 4940 2617 4980 sensum
2666 4930 3050 4996 quadantenus
3098 4931 3362 4986 declarat.
3413 4933 3650 4990 Laetatur

2051 5018 2196 5072 enim
2239 5019 2518 5088 legislator
2574 5032 2724 5076 recto
2767 5029 2824 5077 et
2868 5021 3182 5093 inculpabili
3212 5023 3438 5093 judicio,
3482 5029 3648 5082 mise-

2047 5111 2344 5164 ricordiam
2380 5128 2506 5167 vero
2549 5123 2604 5168 et
2649 5124 2896 5168 mutuum
2955 5117 3299 5186 gratificandi
3341 5119 3648 5174 inservien-

2049 5205 2210 5273 dique
2242 5205 2479 5259 studium
2514 5208 2565 5260 in
2594 5207 2786 5277 primis
2811 5208 3067 5278 honorat,
3111 5220 3167 5266 et
3196 5210 3539 5266 dilectionem
3591 5214 3644 5267 in

2046 5296 2360 5364 orphanos,
2420 5297 2811 5370 lenitatemque
2861 5317 2988 5374 erga
3050 5303 3310 5360 mulieres
3366 5304 3646 5357 viduitatis

2047 5401 2188 5440 onus
2223 5385 2559 5444 sustinentes
2603 5390 2927 5446 laudandam
2960 5404 3166 5450 censet.
3202 5393 3498 5447 Avaritiam
3545 5408 3643 5446 au-

2051 5491 2158 5534 tem
2227 5487 2283 5536 et
2349 5481 2714 5536 inlirmiorum
2783 5487 3186 5554 oppressionem
3250 5493 3310 5538 ut
3361 5480 3641 5554 profanam

401 5838 478 5912 (-l)
519 5835 727 5890 Desunt
793 5836 1041 5903 qtuetlam
1110 5850 1312 5891 voces:
1350 5851 1544 5893 sensus
1608 5844 1788 5892 tamen
1821 5845 1902 5892 est
1943 5838 2161 5906 plenus.

578 5931 858 5992 Ριιτιιοι..
906 5928 1028 5989 Ge.
1069 5927 1326 5990 LXXII.
