4130 6478
506 344 610 400 107

1538 340 1595 395 S.
1638 340 1914 398 CYRlLLI
1952 342 2425 402 ALEXANDRINI
2469 337 2789 397 ARCIHEP.

3672 342 3772 401 108

505 456 736 527 repellit.
783 454 911 509 Vult
942 465 1124 510 autem
1168 455 1249 511 sic
1296 459 1522 512 auectas
1555 472 1681 513 esse
1719 458 1998 529 benignos,
2029 470 2083 512 et

2185 458 2261 520 ὡς
2302 456 2532 526 βέϐηλον
2570 457 2671 527 τὴν
2720 456 3050 524 πλεονεξίαν,
3101 457 3195 510 καὶ
3235 457 3381 528 ἥπερ
3432 457 3498 512 ἀν
3547 458 3773 530 γένηται

502 543 823 611 iniuriarum
873 544 1242 599 immemores.
1275 543 1367 598 Ait
1410 559 1572 613 porro
1607 554 1661 601 et
1701 545 1951 600 Christus
1980 546 2079 599 aii-

500 636 623 690 cubi
654 653 666 688 :
704 653 722 686 ι
759 634 1047 699 Dimittite,
1091 643 1147 689 et
1184 634 1494 690 dimittetur
1529 636 1682 691 vobis
1700 636 1765 690 ".
1796 654 1819 688 ι
1856 636 1993 703 Quin
2026 645 2082 692 et

500 736 722 780 orantes
761 726 944 787 dicere
987 725 1168 780 docuit
1197 741 1212 781 :
1243 744 1262 777 ι
1296 726 1522 781 Dimitte
1576 727 1732 782 nobis
1761 725 1943 781 debita
1993 743 2083 781 no-

501 829 543 871 sl
559 834 614 872 ra
635 858 651 884 ,
684 818 826 874 sicut
844 827 897 873 et
922 834 1018 873 nos
1040 818 1365 872 dimittimus
1387 818 1727 873 debitoribus
1750 821 1950 873 nostris
1966 818 2032 873 ’⁸.
2056 838 2074 871 ι

504 911 732 964 Dimittit
759 911 902 965 enim
939 919 1158 979 peccata
1188 909 1587 965 dimitteutibus
1609 910 1730 965 aliis
1768 910 2081 966 misericors

504 1001 644 1056 Deus
678 1019 690 1055 :
728 1019 748 1053 ι
788 1000 896 1055 Via:
936 1010 1116 1055 autem
1148 1015 1337 1056 eorum
1373 1000 1465 1070 qui
1515 1000 1841 1068 iniuriarum
1890 1002 2082 1056 memi-

502 1102 716 1157 nerunt,
749 1095 815 1148 ad
868 1102 1099 1148 mortem
1150 1093 1398 1158 tendunt,
1432 1110 1451 1145 ι
1489 1102 1547 1147 ιιι
1589 1093 1641 1148 itt
1678 1093 1816 1149 libro
1850 1092 2080 1150 Prover-

498 1186 711 1241 biorunt
750 1196 833 1241 est
863 1185 1043 1254 legere
1062 1189 1130 1245 ’7.

574 1360 737 1415 Vnus.
773 1359 960 1415 H-H.
1009 1358 1079 1413 Et
1108 1375 1211 1414 non
1237 1371 1529 1428 paruerunt
1562 1369 1616 1413 ut
1652 1360 2003 1425 attenderem,
2033 1371 2081 1413 et

500 1455 758 1509 dederunt
795 1454 1011 1507 dorsum
1055 1461 1408 1516 contemnens,
1444 1462 1490 1507 et
1534 1469 1687 1505 aures
1728 1469 1852 1506 snas
1889 1469 2083 1522 aggra-

500 1554 687 1600 varunt
736 1560 799 1599 ne
835 1545 1099 1608 audirent,
1144 1553 1191 1597 et
1236 1560 1327 1598 cor
1369 1560 1523 1597 suum
1572 1554 1856 1615 posuerunt
1904 1543 2083 1597 inobe-

2188 548 2329 600 κατά
2361 548 2470 599 τῶν
2503 547 2908 618 ἀσθενεστέρων
2939 548 3222 620 συντριϐή.
3257 548 3515 603 Βούλεται
3543 548 3599 601 δὲ
3634 544 3774 603 εῖναι

2180 638 2308 700 τοὺς
2358 638 2527 691 ταῦτα
2564 641 2782 708 φρονεῖν
2820 639 3131 710 ᾑρημένους
3174 640 3445 712 χρηστοὺς
3470 640 3565 693 καὶ
3596 641 3770 712 ἀμνη-

2183 730 2462 793 σικάκους.
2490 732 2631 801 Ἔφη
2649 730 2704 783 δέ
2725 748 2825 783 που
2854 732 2948 784 καὶ
2968 732 3131 794 αὐτὸς
3151 734 3181 784 ό
3198 733 3431 803 Χριστός
3447 750 3459 762 ·
3492 751 3511 784 ι
3543 733 3770 799 Ἄφετε,

2181 822 2281 877 καὶ
2303 820 2641 892 ἀφεθήσεται
2667 823 2814 892 ὑμῖν.
2854 841 2873 874 ι
2903 822 3015 875 Καὶ
3043 822 3150 893 μὴν
3178 823 3272 875 καὶ
3300 824 3771 895 προσευχομένοδς

2181 912 2386 980 ἐδίδαξε
2431 913 2643 982 λέγειν’
2681 932 2699 964 ι
2747 913 2919 982 "Aps;
2942 915 3077 985 ἡμῖν
3108 912 3175 965 τά
3202 913 3547 984 ὀφειλήματα
3591 915 3770 985 ἡμῶν.

2179 1004 2254 1067 ὡς
2284 1005 2377 1058 καὶ
2400 1006 2561 1076 ἡμεῖς
2582 1003 2814 1073 ἀφίεμεν
2837 1005 2951 1065 τοῖς
2964 1002 3271 1072 ὀφειλέταις
3292 1002 3469 1074 ἡμῶν.
3503 1022 3521 1055 t
3560 1003 3772 1073 ’Λνέησι

2184 1096 2281 1166 μὲν
2309 1096 2419 1169 γὰρ
2444 1096 2765 1167 ἐγκλήματα
2791 1097 2903 1159 τοῖς
2935 1095 3163 1148 ἀνιεῖσιν
3188 1094 3395 1166 ἑτέροις
3418 1097 3447 1148 ὁ
3472 1095 3769 1166 φιλοιδιτίρ⁴

2184 1207 2303 1258 μων
2351 1190 2503 1253 Θεὸς,
2539 1207 2559 1239 ι
2613 1187 2754 1240 Ὀδοὶ
2802 1187 2859 1240 δὲ
2912 1188 3267 1257 μνησικακῶν
3313 1186 3393 1249 είς
3440 1186 3692 1253 θάνατον,
3746 1205 3765 1236 ι

2180 1279 2322 1333 κατὰ
2355 1280 2415 1332 τὸ
2449 1282 2505 1332 ἐν
2539 1278 2707 1350 βίϐλῳ
2736 1279 3052 1350 Παροιμιῶν
3077 1277 3486 1349 γεγραμμένον.

2251 1371 2362 1426 Καὶ
2408 1371 2750 1440 ἠπείθησαν
2803 1370 2911 1425 τοῦ
2968 1370 3326 1441 προσέχειν,
3381 1371 3482 1425 καί
3537 1371 3766 1425 ἔδωκαν

2180 1460 2373 1516 νῶτον
2403 1463 2926 1531 παραφρονοῦντα,
2962 1463 3062 1517 καί
3112 1464 3184 1520 τὰ
3224 1460 3345 1519 ὦτα
3389 1463 3590 1517 αὐτῶν
3632 1463 3770 1516 ἐϐά-

2172 1572 2376 1624 ρυναν
2421 1556 2530 1610 τοῦ
2558 1555 2645 1625 μὴ
2674 1557 2946 1622 ἀκούειν,
2979 1557 3075 1610 καὶ
3106 1557 3222 1625 τὴν
3257 1556 3511 1626 παιδίαν
3548 1554 3771 1619 ἔταξαν

500 1638 669 1701 diens,
710 1651 772 1689 ne
818 1635 1065 1689 audirent
1107 1650 1270 1705 regem
1321 1652 1513 1701 meam,
1554 1646 1601 1688 et
1650 1650 1913 1689 sermones
1951 1651 2081 1704 quos

2183 1645 2397 1715 ἀπειθῆ
2432 1646 2538 1700 τοῦ
2567 1646 2655 1717 μὴ
2696 1648 2957 1703 ἀκοῦσαι
2979 1648 3087 1703 τοῦ
3127 1650 3318 1719 νόμου
3349 1666 3492 1717 μου,
3527 1649 3625 1701 καί
3669 1648 3770 1700 ἐπὶ

501 1728 641 1783 misit
676 1727 837 1798 713
872 1727 1124 1781 Dominus
1157 1727 1483 1795 omnipotens
1528 1726 1584 1779 in
1629 1726 1822 1795 spiritu
1866 1744 1985 1794 suo,
2028 1728 2083 1780 in

2183 1737 2325 1803 τοὺς
2370 1738 2613 1808 λόγους,
2672 1738 2779 1805 οὒς
2815 1738 3236 1804 ὲξαπέσταλκε
3280 1742 3499 1809 Κύριος
3548 1753 3772 1793 uarro.

501 1819 743 1873 manibus
767 1817 1141 1887 prophetarum
1173 1816 1431 1887 priorum.
1475 1815 1543 1868 Et
1574 1815 1719 1886 facta
1752 1826 1825 1870 est
1859 1817 1940 1870 ira
1966 1832 2080 1870 ma-

2183 1829 2413 1900 κράτωρ
2463 1830 2533 1885 ἐν
2578 1832 2869 1901 πνεύματι
2910 1831 3119 1897 αὐτοῦ,
3152 1832 3221 1885 ἐν
3247 1832 3423 1902 χερσὶ
3465 1830 3586 1885 τῶν
3628 1844 3770 1899 προ-

499 1928 602 1982 gna
634 1927 665 1963 a
690 1910 914 1964 Domino
957 1910 1327 1979 omnipotente.
1383 1904 1450 1961 Et
1494 1908 1595 1962 erit
1642 1908 1781 1962 sicut
1813 1908 1967 1964 dixit.
2013 1906 2081 1961 Et

2183 1920 2389 1990 φητῶν
2417 1918 2538 1975 τῶν
2565 1922 2929 1992 ἔμπροσθεν.
2955 1922 3066 1977 Καὶ
3095 1920 3333 1992 ἐγένετο
3362 1920 3507 1993 ὀργὴ
3532 1919 3766 1991 μεγάλη

500 2020 603 2057 non
628 2004 911 2057 audierunt
940 2017 1082 2057 eum.
1109 1999 1199 2057 Sic
1227 1998 1552 2065 clamabunt,
1581 2009 1631 2055 et
1656 2016 1758 2054 non
1789 2000 2080 2053 exaudiam

2183 2011 2342 2080 παρὰ
2357 2012 2579 2080 Κυρίου
2595 2010 3096 2081 παντοκράτορος.
3119 2011 3229 2067 Καὶ
3244 2012 3435 2077 ἔσται,
3455 2011 3528 2066 ὃν
3543 2012 3771 2080 τρόπον

497 2111 607 2159 eos,
642 2094 770 2148 dicit
826 2093 1087 2148 Dominus
1135 2092 1484 2162 omnipotens,
1530 2100 1581 2146 et
1628 2091 1840 2161 ejiciam
1879 2107 1964 2146 eos
2009 2091 2081 2146 ad

2183 2099 2328 2158 εἷπε.
2400 2104 2507 2159 Καὶ
2558 2105 2670 2158 οὐκ
2736 2102 3116 2171 εἰσήκουσαν
3170 2104 3381 2159 αὐτοῦ.
3432 2102 3631 2168 Οὕτως
3671 2118 3771 2155 κε-

499 2202 673 2240 omnes
705 2195 880 2257 gentes
918 2200 1053 2255 quas
1101 2199 1206 2238 non
1243 2193 1619 2253 cognoverunt,
1663 2190 1714 2236 et
1758 2191 1901 2236 terra
1929 2181 2082 2236 deso-

2181 2193 2525 2264 ιιράξονται,
2548 2195 2650 2250 καί
2673 2198 2745 2252 οὐ
2758 2196 2848 2267 μὴ
2866 2198 3210 2254 είσακούσω
3224 2193 3446 2262 αὐτῶν,
3468 2193 3624 2265 λέγει
3649 2194 3770 2247 Κύ-

499 2278 695 2333 labitur
736 2285 853 2345 post
909 2292 997 2332 eos
1033 2292 1066 2330 a
1110 2273 1506 2345 perambulante
1567 2284 1617 2328 et
1667 2283 1965 2329 reuertente.
2009 2272 2079 2328 Et

2183 2304 2308 2355 ριος
2324 2289 2762 2359 παντοκράτωρ,
2784 2289 2883 2347 καί
2897 2288 3133 2345 ἐκϐαλῶ
3147 2288 3369 2355 αὐτοὺς
3381 2289 3468 2355 εὶς
3485 2287 3680 2342 πάντα
3695 2286 3770 2341 τὰ

493 2378 783 2438 posuerunt
823 2376 1021 2422 terram
1048 2366 1264 2422 eiectam
1295 2367 1349 2420 in
1393 2366 1794 2422 desolationem.

568 2628 834 2686 XXXVII.
876 2627 1244 2696 Testilicatur,
1290 2642 1385 2685 eos
1418 2643 1523 2684 non
1572 2627 1847 2684 destitisse
1889 2611 2078 2684 contra

500 2736 560 2778 se
589 2722 810 2777 irritare
840 2717 1503 2789 universorumjudicem.
1542 2717 1681 2773 Nam
1721 2732 1847 2773 cum
1888 2718 2080 2773 liceret

497 2825 812 2871 sanctorum
857 2812 1250 2884 prophetarum
1299 2811 1642 2869 sermonibus
1676 2810 2077 2882 obtemperare,

496 2918 553 2964 et
573 2908 725 2978 jnssa
774 2904 1097 2976 legislatoris
1132 2916 1396 2975 generose
1434 2904 1742 2974 complecti,
1773 2903 1874 2975 ipsi
1913 2904 2077 2958 vitam

498 3000 654 3054 laude
710 2998 927 3069 dignam
961 2996 1280 3065 legibusque
1325 3010 1423 3066 per
1455 2994 1639 3051 omnia
1669 3008 1986 3062 consonam,
2024 3003 2080 3049 et

496 3091 603 3144 iter
630 3087 847 3141 virtutis
893 3095 1095 3141 rectunt
1128 3086 1262 3139 velis
1315 3085 1589 3156 remisque
1620 3084 1911 3157 fugientes,
1944 3100 2079 3156 pne-

2180 2377 2348 2446 ἔθνη,
2394 2378 2435 2433 ἃ
2470 2382 2581 2434 οὐκ
2612 2379 2912 2451 ἔγνωσαν,
2961 2380 3060 2434 καί
3096 2380 3136 2448 ἡ
3166 2378 3243 2449 γῆ
3288 2377 3767 2448 ἀφανισθήσεται

2181 2472 2546 2527 κατόπισθεν
2559 2470 2759 2526 αὐτῶν
2772 2473 2841 2526 ἐκ
2855 2471 3235 2539 διώεύοντος
3273 2471 3369 2525 καί
3387 2470 3455 2535 ἐξ
3472 2470 3766 2537 ἀναστρέ-

2182 2577 2428 2630 portae.
2459 2561 2568 2616 Kal
2596 2563 2820 2626 ἔταξαν
2839 2561 2957 2633 γῆν
2976 2563 3277 2630 ἐκμκτὴν
3298 2565 3385 2627 είς
3399 2561 3766 2631 ἀφανισμόν.

2252 2651 2372 2704 AZ'.
2414 2650 2879 2721 Πεπληροφόρηκε
2923 2650 3012 2704 διά
3044 2652 3269 2712 τούτων,
3300 2652 3381 2705 ὅτι
3419 2650 3766 2722 παραθήγον-

2180 2759 2272 2805 τες
2297 2742 2357 2795 οὐ
2383 2742 2753 2796 διαλελοίπασι
2792 2744 2932 2796 κατὰ
2961 2743 3109 2812 σφῶν
3129 2743 3219 2797 τὸν
3239 2743 3348 2795 τῶν
3375 2741 3514 2795 δλων
3543 2743 3763 2814 κριτήν.

2193 2832 2344 2897 Ἐξδν
2372 2832 2481 2903 γάρ
2523 2833 2721 2897 αὐτοὺς
2753 2836 2865 2896 τοῖς
2888 2832 2995 2886 τῶν
3042 2833 3216 2900 ἁγίων
3258 2831 3554 2904 προφητῶν
3596 2849 3765 2884 κατα.

2182 2923 2466 2979 πείθεσθαι
2514 2924 2713 2993 λόγοις,
2744 2924 2838 2977 καὶ
2872 2924 2932 2978 τὸ
2971 2924 3356 2995 ἀντιφέρεσθαι
3389 2922 3621 2988 γενικῶς
3652 2926 3768 2985 τοῖς

2178 3013 2273 3069 τοῦ
2304 3016 2592 3088 νομοθέτου
2620 3015 2745 3087 θελή
2756 3033 2908 3086 μασι,
2946 3015 3236 3088 ρίπτοντας
3268 3014 3344 3079 ὡς
3356 3014 3647 3079 ἀπωτάτω,
3667 3013 3764 3082 τὴν

2184 3108 2383 3179 εὐκλεῆ
2425 3110 2518 3163 καὶ
2545 3110 2928 3180 ἐννομωτάτην
2962 3107 3281 3163 ἀνθελέσθαι
3314 3108 3459 3178 ζωὴν
3482 3145 3497 3170 ,
3537 3108 3633 3160 καὶ
3667 3107 3765 3175 τὴν

497 3179 658 3235 fracti
694 3178 930 3242 inerunt,
972 3183 1027 3232 et
1062 3175 1226 3231 verba
1259 3175 1454 3245 quibus
1493 3177 1899 3233 erudiebantur‘
1930 3176 2082 3232 ﬂocci

2185 3174 2487 3272 ἀμώμῇτον
2542 3174 2683 3254 ίέναι
2730 3174 2937 3271 τρίϐον,
2974 3199 3201 3270 σκληροὶ
3238 3174 3516 3268 γεγόνασι,
3565 3197 3659 3251 καὶ

496 3270 820 3341 pendentes,
869 3267 1033 3323 corde
1098 3266 1377 3323 inﬂexibili
1440 3283 1505 3325 ac
1559 3283 1701 3338 pene
1748 3268 1923 3323 ferreo
1966 3267 2084 3323 fue-

498 3372 651 3418 runt.
684 3361 1007 3431 Neutiqnam
1052 3361 1200 3416 enim
1240 3361 1517 3416 desierunt
1560 3360 1656 3416 Dei
1686 3362 1908 3418 verbum
1952 3376 2083 3417 con-

499 3455 648 3510 vitiis
687 3453 1058 3524 proscindere,
1097 3460 1155 3507 et
1198 3451 1327 3507 illud
1372 3460 1746 3524 apportantes,
1785 3453 2080 3524 praphcta-

500 3561 732 3616 rumque
751 3543 928 3600 cilicio
949 3543 1235 3615 fungentes
1275 3547 1470 3600 acerbe
1492 3552 1547 3599 et
1585 3543 1750 3614 impie
1773 3543 2082 3614 obiurgare,

500 3636 749 3707 quamvis
781 3635 837 3690 in
882 3633 1087 3706 Spiritu
1141 3643 1334 3690 sancto
1380 3633 1754 3703 loquerentur.
1790 3632 1867 3688 Eo
1900 3642 2081 3688 autem

491 3731 608 3802 jam
654 3726 891 3785 feritatis
935 3735 990 3782 et
1020 3725 1367 3782 delirationis
1395 3739 1611 3781 omnem
1657 3725 2080 3780 admonitionem

503 3820 839 3891 repudiantis
871 3828 1280 3891 processerant,
1326 3828 1385 3871 ut
1421 3818 1687 3883 poenitere
1733 3817 1958 3882 nollent,
1988 3818 2085 3871 do-

502 3926 605 3968 nec
643 3912 1002 3981 praenuntiata
1034 3909 1173 3965 mala
1208 3908 1475 3965 sentirent
1504 3926 1517 3962 :
1543 3916 1598 3963 et
1624 3907 1698 3962 ita
1733 3907 1787 3962 in
1820 3907 2082 3978 supplicia

503 4022 532 4061 a
585 4005 697 4059 Deo
746 4005 887 4060 irato
943 4003 1053 4059 illis
1109 4002 1347 4073 injuncta
1400 3999 1731 4056 inciderunt.
1787 3999 1905 4055 Jam
1955 4015 2081 4055 cum

499 4099 643 4154 Deus
681 4096 769 4152 hic
815 4096 988 4151 dicit:
1018 4114 1037 4147 ι
1068 4092 1295 4165 Ejiciam
1330 4108 1425 4150 eos
1452 4093 1520 4150 ad
1551 4107 1741 4150 omnes
1779 4100 1989 4165 gentes,
2028 4102 2084 4150 et

499 4187 831 4244 desolabitur
864 4195 1009 4241 terra
1048 4201 1079 4241 a
1110 4185 1523 4256 perambulante
1576 4194 1633 4240 et
1678 4193 1985 4242 revertente
2007 4225 2022 4250 ,
2056 4203 2076 4237 s

499 4296 600 4336 ceu
642 4279 959 4349 prophetica
999 4277 1351 4348 praedictione
1390 4277 1600 4348 prolata
1649 4277 1767 4333 haec
1814 4277 2084 4349 intelliga—

501 4366 642 4427 t'nus.
673 4370 842 4441 Ejecti
875 4379 1001 4426 sunt
1028 4369 1174 4425 enim
1220 4373 1290 4425 ad
1331 4368 1532 4427 Persas
1567 4379 1623 4425 et.
1650 4369 1855 4439 Medos,
1882 4378 1938 4427 et
1968 4370 2081 4439 jam

499 4463 712 4534 experti
762 4472 889 4518 sunt
941 4461 1335 4532 captivitatem,
1403 4470 1458 4516 et
1503 4460 1744 4517 desolata
1799 4471 1967 4526 terra,
2026 4470 2082 4517 et

502 4558 651 4627 regio
681 4554 881 4625 optima
917 4551 1160 4608 omnium
1194 4571 1213 4605 ι
1241 4551 1437 4619 posita,
1468 4561 1528 4607 ut
1564 4560 1851 4608 contextus
1892 4552 2077 4620 liabet,

501 4648 556 4699 in
599 4644 1014 4707 desolationem,
1048 4660 1067 4694 ι
1107 4641 1575 4713 perambulantes,
1609 4656 1705 4697 seu
1749 4652 2082 4700 revertentes

501 4736 681 4792 nullos
730 4736 959 4791 habens.
991 4734 1141 4791 Alios
1182 4736 1327 4790 enim
1376 4734 1577 4791 bellum
1628 4746 2082 4805 consumpserat;

501 4832 594 4885 alii
647 4844 772 4885 cum
809 4827 1090 4884 servitutis
1119 4827 1249 4899 jugo
1292 4827 1346 4881 in
1393 4826 1769 4897 captivitatem
1809 4827 2077 4882 abierant.

501 4923 769 4991 Quocirca
806 4930 860 4974 et
898 4921 1033 4990 haec,
1081 4929 1141 4974 ut
1174 4919 1302 4985 alia,
1343 4919 1724 4987 praedictorum
1773 4918 1892 4975 loco
1931 4920 2080 4975 acci-

504 5017 739 5085 piemus.
790 5012 979 5067 Verbis
1019 5021 1198 5067 autem
1246 5011 1443 5067 divinis
1490 5027 1595 5066 non
1636 5011 1858 5067 obedire
1908 5012 2081 5066 detri-

508 5114 835 5172 mentosutn,
860 5105 970 5160 imo
1002 5106 1365 5176 perniciosum
1398 5120 1538 5172 esse,
1577 5105 1743 5160 etiam
1772 5118 1838 5159 ex
1865 5102 2083 5160 casibus

508 5197 855 5264 antiquorum
887 5197 1069 5251 videre
1100 5196 1247 5261 licet,
1298 5210 1397 5251 nec
1426 5198 1612 5251 ntultis
1644 5197 1711 5250 ad
1760 5195 1815 5250 id
1850 5197 2084 5266 proban-

508 5287 633 5341 dum
666 5302 798 5358 Oplls
839 5295 944 5353 est,
993 5302 1115 5341 cum
1163 5302 1252 5343 res
1285 5287 1508 5344 cuilibet
1537 5286 1823 5342 manifesta
1872 5285 1961 5351 sit,
1990 5283 2082 5355 qui

506 5380 672 5434 semel
700 5391 960 5450 prompta:
992 5381 1309 5435 obetlicutite
1337 5381 1473 5435 bona
1508 5382 1843 5451 cognoverit.

2182 3293 2359 3347 οὐδενὶ
2405 3292 2684 3347 τεθείκασι
2729 3291 2872 3363 λόγῳ
2917 3292 3006 3345 τὸν
3057 3290 3374 3362 παιδευτὴν,
3416 3288 3653 3359 ἀκαμπῆ
3705 3303 3766 3340 τε

2184 3383 2277 3436 καὶ
2308 3383 2570 3452 ἄτεγκτον
2597 3382 2860 3451 ἐσχήκασι
2894 3381 2991 3450 τὴν
3026 3380 3278 3452 καρδίαν.
3317 3378 3635 3449 Κατέληξαν
3657 3379 3768 3449 γὰρ

2181 3472 2433 3543 οὐδαμῶς
2478 3475 2605 3535 τοὺς
2657 3472 2837 3537 θείους
2884 3471 3129 3535 ἐκτόπως
3189 3470 3501 3542 ὑϐρίζοντες
3554 3468 3767 3537 λόγους,

2183 3565 2277 3619 καὶ
2314 3566 2426 3628 τοῖς
2453 3563 2656 3617 τούτων
2690 3562 3086 3633 διακομισταῖς,
3116 3562 3164 3616 οἱ
3207 3562 3267 3616 τὸ
3297 3563 3397 3632 τῆς
3429 3559 3768 3631 προφητείας

2183 3653 2452 3727 ἐχείριζον
2478 3655 2684 3725 χρῆμα,
2719 3654 2906 3720 δεινῶς
2934 3671 2993 3707 τε
3019 3655 3113 3708 καὶ
3155 3654 3383 3715 ἀνοσίως
3411 3652 3768 3721 ἐπιπλήττονο

2182 3761 2294 3808 τες,
2327 3742 2502 3796 καίτοι
2545 3741 2840 3806 λαλοῦντας
2879 3745 2937 3796 ὲν
2967 3743 3107 3812 ἁγίῳ
3136 3740 3434 3812 Πνεύματι.
3473 3741 3565 3803 Είς
3608 3738 3770 3794 τοῦτο

2182 3833 2239 3887 δὲ
2268 3830 2366 3906 ἤδη
2403 3832 2734 3887 κατώλισθον
2778 3834 3102 3906 ἀγριότητος
3147 3833 3241 3887 καὶ
3273 3831 3627 3902 ἀνουθετήτου
3666 3830 3768 3899 λη-

2185 3926 2328 4000 ρίας,
2360 3926 2435 3991 ὼς
2479 3926 2552 3998 μὴ
2586 3926 2802 3982 ἑλέσθαι
2845 3929 3125 3998 μετανοεῖν
3167 3927 3326 3997 ἄχρις
3355 3926 3423 3980 ἂν
3467 3924 3651 3988 αὐτοῖς
3687 3925 3770 3987 είς

2185 4020 2379 4089 πεῖραν
2414 4018 2576 4089 ἐξέϐη
2603 4018 2670 4072 τὰ
2730 4018 3172 4091 προηγγελμένα,
3205 4019 3300 4072 καὶ
3337 4014 3770 4071 ὑποπεπτώκασι

2182 4113 2294 4175 τοῖς
2329 4112 2391 4164 ὲκ
2428 4111 2578 4175 θείας
2608 4112 2778 4183 ὀργῆς
2818 4111 3290 4182 ἐπενηνεγμένοις.
3327 4110 3387 4163 El
3419 4109 3477 4163 δὲ
3504 4110 3569 4181 δὴ
3616 4107 3770 4176 λέγοι

2183 4204 2315 4267 Θεὸς
2347 4206 2403 4258 ὲν
2432 4204 2663 4268 τούτοις,
2694 4205 2776 4258 ὅτι
2818 4223 2836 4256 s
2890 4203 3132 4257 Ἐκ6α).ῶ
3159 4202 3359 4266 αὐτοὺς
3389 4202 3479 4266 είς,
3498 4202 3676 4257 πάντα
3696 4200 3768 4253 τά

2184 4295 2314 4367 ἔθνη
2332 4336 2347 4361 ,
2382 4296 2894 4368 ἀφανισθήσεταιδὲ
2924 4297 3018 4350 καὶ
3045 4299 3079 4367 ἠ
3120 4297 3191 4367 γῆ
3228 4297 3293 4349 ὲκ
3322 4295 3648 4357 διοδεύοντος
3672 4294 3770 4348 καὶ

2183 4386 2635 4460 ἁναστρέφοντος,
2673 4406 2690 4438 t
2726 4388 2801 4451 ὡς
2833 4388 2893 4440 ὲν
2926 4386 3321 4459 προαγορεύσει
3351 4387 3665 4458 προφητικῇ
3697 4386 3772 4440 τὰ

2184 4479 2361 4533 τοιάδε
2404 4480 2564 4532 πάλιν
2603 4478 2854 4550 εἰρῆσθαι
2897 4480 3184 4550 νοήσομεν.
3238 4478 3625 4547 Ἐκ6ἐ6ληνται
3668 4476 3771 4546 μὲν

2184 4569 2293 4642 γὰρ
2329 4572 2407 4633 εἰς
2446 4571 2661 4639 Πέρσας
2696 4570 2788 4624 καὶ
2835 4570 3075 4642 Μήδους,
3121 4570 3215 4623 καὶ
3255 4569 3358 4641 ἠδη
3406 4570 3772 4639 πεπείρανται

2184 4665 2284 4731 τῆς
2307 4661 2709 4731 ,αίχμαλωσίαῇ
2742 4663 3035 4733 ἠρήμωται
3077 4663 3133 4716 δὲ
3170 4664 3261 4717 καὶ
3293 4665 3325 4733 ἡ
3354 4663 3446 4733 γῆ,
3483 4664 3631 4732 καὶὴ
3662 4679 3775 4715 πα-

2190 4752 2299 4803 σῶν
2348 4752 2544 4822 ἀρίστη
2592 4753 2742 4822 χώρα
2775 4772 2794 4804 ‹
2830 4754 3108 4820 τέτακται,
3156 4753 3298 4809 καοά
3326 4772 3492 4826 φησιν
3528 4756 3557 4808 ὁ
3590 4753 3772 4823 λόγος,

2187 4844 2267 4906 εἱς
2311 4842 2640 4913 ἀφανισμὸν,
2704 4861 2722 4895 s
2788 4845 2889 4898 οὐκ
2939 4845 3137 4915 ἔχουσα
3195 4845 3549 4911 διοδεύοντας,
3603 4845 3776 4917 ἤγουν

2187 4935 2716 5007 ἀναστρεφομένους.
2766 4940 2827 4991 Οἱ
2874 4938 3107 5012 μὲνγὰρ
3141 4939 3639 5011 δεδαπάνηνταιτῷ
3681 4955 3779 4992 πο-

2185 5026 2371 5096 λέμῳ·
2421 5027 2471 5078 οἱ
2511 5026 2570 5079 δὲ
2601 5026 2677 5099 τῷ
2707 5028 2804 5098 τῆς
2841 5029 3081 5093 δουλείας
3115 5030 3545 5101 κατηχοεσμένοι
3594 5028 3770 5099 ζυγῷ,

2187 5117 2593 5188 δεδραμήκασιν
2629 5120 2705 5184 είς
2739 5121 3135 5192 αἰχμαλωσίαν.
3185 5119 3395 5175 Οὐκοῦν
3437 5119 3513 5184 ὡς
3546 5121 3604 5173 ἐν
3647 5137 3776 5191 προ-

2191 5209 2479 5278 αγορεύσει
2502 5209 2597 5263 nati
2621 5211 2747 5265 τάδε
2769 5214 2882 5276 τοῖς
2907 5212 3087 5276 ἄλλοις
3110 5211 3460 5282 συνειρῆσθαι
3483 5211 3775 5281 νοήσομεν.

2194 5298 2315 5351 Ὅτι
2358 5299 2414 5353 δὲ
2459 5299 2519 5352 τὸ
2561 5304 2674 5366 τοῖς
2725 5301 2887 5366 θείοις
2937 5303 3114 5372 λόγοις
3168 5304 3410 5357 ἀπειθεῖν
3456 5300 3776 5371 ἐπιζήμιον.

2197 5391 2396 5459 μᾶλλον
2421 5392 2475 5445 δὲ
2504 5395 2597 5446 καὶ
2624 5395 2845 5467 ὀλέθρου
2877 5396 3154 5467 πρόξενον,
3190 5397 3283 5450 καὶ
3312 5396 3372 5461 εξ
3391 5394 3570 5449 αὐτῶν
3600 5396 3665 5449 ἄν
3691 5411 3776 5455 τις

515 5469 614 5523 ῐδοι
659 5472 767 5524 τῶν
799 5474 912 5535 τοῖς
958 5472 1203 5543 ἀρχαίοις
1255 5472 1709 5543 συμϐεϐηκότων
1785 5475 1880 5528 καὶ
1923 5476 1983 5530 οὑ
2027 5482 2258 5550 μακρῶν
2293 5483 2357 5538 ἄν
2424 5502 2507 5548 τις
2559 5486 2729 5540 δέοιτο
2768 5486 2941 5556 λόγων
2987 5489 3119 5559 πρὸς
3182 5489 3476 5557 ἀπόδειξιν,
3511 5484 3627 5543 ἀλλ’
3660 5486 3772 5542 ἐστι

506 5567 569 5619 τὸ
599 5568 785 5638 χρῆμα
816 5567 974 5620 παντί
1005 5585 1080 5639 τῳ
1112 5568 1300 5637 σαφὲς,
1332 5567 1411 5639 τῷ
1439 5584 1501 5637 γε
1529 5568 1692 5622 εἰδότι
1721 5567 1866 5626 ἅπαξ
1896 5569 1962 5623 τὰ
2006 5575 2070 5626 ἐκ
2113 5579 2209 5648 τῆς
2242 5578 2551 5644 εὐπειθείας
2584 5580 2785 5649 ἀγαθά.

576 5744 624 5780 ’⁸
663 5744 791 5801 an.
826 5761 898 5811 vt,
932 5746 1018 5800 57.
1097 5748 1141 5781 ⁸⁸
1171 5746 1360 5803 Μ.ιιιΙι.
1406 5760 1478 5813 \‘l,
1528 5746 1608 5799 l2.
1682 5746 1726 5778 "
1773 5745 1925 5801 Prov.
1975 5752 2190 5813 “v.23.
