4130 6514
330 348 433 405 I39

703 475 1095 566 ΤΟΜΟΣ
1167 462 1591 563 ΤΡΙΤΟΣ.

962 632 1215 687 ΚΕΦᾹΛ,
1261 631 1344 686 Η’.

407 771 525 828 Kal
555 770 798 844 ἐγένετο
821 772 1008 840 λόγος
1035 768 1185 837 Kvpl
1188 787 1259 823 ου
1284 764 1773 835 παντοκράτορος
1796 749 1947 833 πρός

330 864 431 937 μὲ,
483 864 717 935 λέγων·
788 862 936 918 Τάδε
986 861 1151 933 λέγει
1212 858 1429 929 Κύριος
1484 858 1945 926 παντοκράτωρ’

348 958 675 1027 Ἐζήλωσα
699 957 815 1024 τὴν
849 953 1255 1024 Ἰερουσαλὴμ
1304 952 1404 1006 καὶ
1440 949 1557 1018 τὴν
1584 947 1739 1005 Σιὼν
1766 947 1951 1019 ζῆλον·

328 1051 552 1123 μέγαν,
586 1050 690 1104 καί
732 1047 899 1120 θυμῷ
930 1046 1176 1118 μεγάλῳ
1209 1038 1483 1115 ἐζήλωσα
1520 1040 1734 1110 αὐτήν.

410 1166 549 1220 ΑΠ’.
593 1156 670 1217 Τὸ
714 1161 941 1225 ἀπειθὲς
967 1162 1063 1215 καὶ
1105 1158 1317 1232 ἐξήνιον
1374 1157 1483 1211 τῶν
1529 1155 1948 1230 ἀρχαιοτέρων,

337 1260 436 1313 καὶ
483 1257 544 1326 ἐξ
569 1257 753 1311 αὐτῶν
780 1273 934 1326 σφισι
967 1254 1399 1326 συμϐεϐηκότων
1440 1251 1810 1323 ἀποχρώντως
1838 1251 1954 1303 δια-

337 1349 657 1423 ϐεϐληκὼς,
686 1350 783 1405 καὶ
811 1351 895 1404 ὅτι
924 1347 1137 1417 γένοιτο
1163 1348 1385 1427 πάντων
1414 1346 1598 1421 αὑτοῖς
1632 1343 1740 1398 τῶν
1767 1341 1954 1397 κακῶν

338 1443 610 1515 πρόξενον
649 1442 962 1511 ἀποφήνας,
1012 1436 1373 1508 μεταϐιϐάζει
1420 1435 1512 1490 τὸν
1551 1434 1709 1515 λόγον
1751 1434 1846 1487 ἐπὶ
1888 1432 1956 1486 τὰ

338 1536 403 1604 ἐξ
428 1534 774 1608 ἡμερότητος
801 1531 1008 1604 ἀγαθὰ,
1044 1532 1143 1585 καὶ⁵
1172 1532 1430 1602 πειρᾶται
1468 1528 1656 1582 λοιπὸν
1687 1528 1817 1591 τοὺς
1854 1524 1958 1596 τῆς

341 1628 657 1702 εὐημερίας
699 1627 890 1691 αὐτοῖς
932 1623 1372 1694 ἐπαγγέλλεσθαι
1411 1622 1658 1692 καιροὺς,
1705 1620 1800 1674 καὶ
1842 1622 1958 1698 τοῖς

341 1723 472 1777 κατ’
521 1719 689 1792 εὐχὴν
734 1718 965 1789 ἀγαθοῖς
990 1714 1375 1772 καταπιαίνειν
1415 1713 1709 1778 πλουσίως,
1740 1712 1816 1776 ὡς
1855 1712 1956 1784 ήδη

1166 341 1726 401 COMMENTARIUS
1755 339 1821 396 IN
1863 338 2276 397 ZACIIARIAIII
2320 336 2769 394 PROPIIETMI.

3536 352 3643 409 Μ’)

2322 481 2572 572 ΤΟΜ
2600 478 2735 569 US
2813 479 2958 568 TE
2984 482 3375 577 RTIUS.

2585 622 2752 703 71!.
2780 629 2936 686 CAP.
2981 629 3118 687 vm.

2131 767 2293 823 Vens.
2329 769 2381 833 I,
2423 768 2480 826 2.
2542 756 2607 821 Et
2638 768 2839 837 factum
2868 780 2948 847 est
2988 772 3201 826 verbum
3235 772 3451 831 Domini
3483 785 3662 837 omni-

2052 862 2277 931 potentis
2322 860 2391 915 ad
2442 876 2546 927 me,
2581 861 2758 915 dicens
2785 877 2803 914 :
2833 859 2967 916 Ha'c
3009 863 3138 918 dicit
3184 860 3442 923 Dominus
3481 875 3656 924 omni-

2055 968 2237 1025 potens
2271 970 2288 1010 :
2319 952 2503 1009 Zelaui
2540 954 2842 1010 Jerusalem
2858 966 2905 1011 et
2939 956 3072 1012 Sion
3106 956 3218 1012 zelo
3249 976 3463 1030 magno,
3494 972 3543 1016 et
3575 966 3658 1017 ira

2057 1066 2251 1119 magna
2278 1048 2443 1104 κείαυὶ
2470 1065 2610 1104 eam.

2128 1160 2421 1220 XXXVIII.
2476 1161 2775 1235 Postquam
2806 1165 3234 1225 inobedientiam
3277 1179 3332 1226 et
3367 1181 3660 1229 contuma-

2058 1256 2208 1313 ciam
2255 1257 2630 1328 antiquorum,
2667 1270 2724 1314 et
2765 1261 2908 1313 mala
2960 1259 3084 1316 inde
3129 1262 3373 1332 profecta
3415 1267 3548 1320 satis
3577 1277 3663 1320 est

2060 1351 2382 1417 insectatus,
2438 1352 2798 1422 omniumque
2850 1351 3198 1409 miseriarum
3248 1355 3380 1425 ipsis
3438 1372 3661 1412 causam

2059 1458 2183 1501 esse
2241 1445 2525 1508 ostendit,
2582 1444 2890 1500 orationem
2943 1446 3009 1500 ad
3071 1447 3212 1503 bona
3278 1447 3666 1517 placabilitatis

2066 1535 2351 1600 transfert,
2408 1548 2463 1593 ct
2515 1536 2702 1592 studet
2744 1537 3004 1608 deinceps
3050 1538 3232 1595 felicia
3268 1549 3512 1608 tempora
3560 1543 3667 1597 illis

2062 1629 2410 1700 promittere,
2454 1638 2883 1700 optatorumque
2926 1631 3197 1688 bonorum
3235 1636 3390 1707 copia
3426 1650 3524 1693 eos
3558 1637 3666 1691 im-

2065 1725 2353 1795 pinguare,
2396 1734 2456 1780 ut
2502 1725 2594 1793 qui
2626 1724 2738 1794 jam
2788 1738 2985 1795 pinnas
3025 1726 3316 1798 impiorum
3362 1730 3665 1786 facinorum

345 1817 453 1889 μὲν
477 1814 637 1877 δίκας
679 1811 1052 1878 ὲκτετικότας,
1092 1803 1168 1864 ὧν
1202 1809 1436 1873 ἀνοσίως
1466 1808 1957 1879 πεπαρῳνήκασιν,
1995 1834 1996 1838 η

2085 1819 2339 1885 Iederint,
2376 1834 2584 1889 perque
2628 1819 2854 1876 hostiles
2892 1821 3079 1876 clades
3126 1831 3184 1878 et
3220 1823 3508 1879 toleratam
3549 1839 3671 1880 scn-

342 1907 787 1979 ὲκνενιμμένους
814 1905 872 1959 δὲ
906 1904 1101 1976 ὥσπερ
1129 1903 1231 1974 τῆς
1264 1900 1502 1975 ἀρχαίας
1529 1899 1868 1971 φαυλότητος
1894 1900 1963 1953 τὰ

345 2002 685 2073 ἐγκλήματα
710 1999 803 2054 διά
826 2014 910 2053 τοι
938 1998 1034 2052 τοῦ
1058 1995 1389 2051 ηκολάσθαι
1424 1994 1559 2066 παρ’
1602 1991 1838 2065 ἐχθροῖς,
1869 1992 1966 2046 καὶ

345 2098 446 2153 τὸν
467 2097 570 2168 τῆς
596 2093 844 2157 δουλείας
881 2092 1184 2163 ἀνατλῆναι
1228 2089 1416 2156 ζυγόν.
1460 2087 1870 2156 Κατακὲκραγε
1908 2085 1967 2139 δὲ

346 2188 548 2259 ῶσπερ
576 2186 677 2257 τῆς
697 2184 809 2239 τῶν
846 2180 1211 2239 Βαϐυλωνίων
1236 2168 1543 2252 ὠμότητος,
1572 2178 1622 2232 οἳ
1648 2176 1795 2250 πέρα
1828 2193 1967 2230 παν-

346 2281 445 2345 τὸς
490 2280 664 2343 ἰόντες
702 2277 962 2350 θράσους,
1002 2274 1334 2346 δεδράκασιν
1369 2274 1451 2336 εἰς
1491 2271 1713 2336 αὐτοὺς,
1751 2266 1787 2325 ἃ
1832 2269 1969 2342 μηδὲ

348 2373 525 2437 αὐτὸς
567 2372 597 2424 ὁ
636 2371 781 2436 θεῖος
821 2369 983 2441 ἤθελε
1015 2367 1210 2439 θυμός.
1248 2362 1393 2437 Ἔφη
1428 2365 1540 2437 γὰρ
1585 2362 1858 2436 ἐναργῶς,
1885 2363 1969 2417 ὅτι

354 2486 377 2520 ι
437 2464 583 2535 Ἐγὼ
627 2464 730 2535 μὲν
773 2461 1056 2535 ὠργίσθην
1100 2459 1278 2529 ὀλίγα,
1310 2458 1467 2513 αὐτοὶ
1511 2456 1569 2511 δὲ
1611 2455 1969 2511 συνεπέθεντο

358 2561 445 2623 εἰς
471 2556 643 2612 κακά.
667 2574 690 2610 ι
722 2585 795 2596 —
826 2572 847 2607 ι
879 2552 1171 2626 Ἐςήλωκα
1192 2551 1258 2623 δὴ
1280 2546 1376 2606 οὖν
1404 2550 1500 2623 τὴν
1528 2547 1907 2624 Ἰερουσαλὴμ,
1944 2567 1963 2600 ι

353 2651 645 2716 τουτέστι,
707 2649 800 2703 τὸν
841 2647 983 2720 ὑπὲρ
1025 2646 1200 2718 αὐτῆς
1243 2645 1590 2716 είσδέδεγμαι
1629 2643 1827 2715 ζῆλον,
1874 2640 1970 2697 καὶ

357 2743 522 2817 θυμῷ
556 2742 782 2815 μεγάλῳ
823 2739 1079 2811 ἐζήλωσα
1126 2738 1321 2810 αὑτήν*
1367 2737 1557 2809 ὅμοιον
1586 2735 1663 2799 ὼς
1693 2735 1744 2788 εί
1781 2733 1967 2803 λέγοι·

357 2836 722 2908 Συμϐήσεται
744 2835 859 2899 τοῖς
888 2829 1256 2894 Βαϐυλωνίοις
1288 2829 1348 2896 ἐξ
1378 2826 1745 2899 ἀντιστρόφου
1782 2823 1973 2879 παθῶν

358 2925 437 2985 ὧν
474 2930 806 3002 δεδράκασιν
839 2925 1214 2997 ἀπηνέστερα,
1251 2923 1344 2977 καὶ
1374 2924 1486 2985 τοῖς
1514 2920 1661 2975 οὕτω
1692 2917 1974 2991 πεπορθη-

359 3025 519 3080 κόσιν
548 3021 757 3075 ὲποίσω
783 3021 853 3073 τὰ
888 3018 949 3084 ἐξ
972 3018 1167 3087 ὀργῆς.

432 3106 612 3168 Τοῦτο
654 3112 1020 3184 πεπλήρωκεν
1060 3111 1089 3164 ὸ
1133 3100 1390 3182 Χριστός.
1444 3105 1834 3181 Δελυπημένος
1866 3107 1976 3180 γὰρ

2067 1914 2255 1969 vitatis
2285 1914 2474 1984 jngum
2508 1914 2710 1969 veteris
2761 1914 3017 1984 nequitias
3062 1915 3268 1972 scelera
3319 1917 3478 1987 quasi
3523 1918 3672 1973 clue-

2069 2008 2198 2062 rint.
2234 2008 2522 2062 Exclamat
2566 2016 2745 2063 autem
2794 2008 2978 2079 aliquo
3011 2009 3171 2064 modo
3201 2019 3390 2064 contra
3437 2012 3674 2067 crudeli~

2069 2110 2238 2155 tatem
2292 2097 2766 2171 Babyloniorum,
2823 2101 2919 2172 qui
2983 2101 3165 2156 omnis
3222 2102 3468 2159 audacia:
3534 2106 3673 2162 lines

2069 2190 2301 2262 egressi,
2335 2191 2744 2263 designaret-int
2779 2193 2834 2247 in
2857 2207 2955 2249 eos
3009 2208 3132 2264 quae
3169 2209 3347 2265 neque
3386 2196 3505 2267 ipse
3528 2195 3674 2254 Deus

2074 2282 2250 2339 iratus
2296 2281 2548 2338 voluerit.
2610 2283 2758 2339 Dixit
2806 2284 2952 2340 enim
3011 2300 3174 2356 supra
3225 2296 3461 2358 aperte:
3507 2308 3528 2342 ι
3561 2289 3675 2361 Ego

2071 2371 2295 2442 quidem
2317 2372 2491 2429 iratus
2515 2388 2639 2429 sum
2663 2389 2879 2444 parum,
2914 2377 3016 2446 ipsi
3048 2388 3233 2432 autem
3259 2379 3674 2452 superimpositi

2074 2474 2204 2521 sunt
2228 2465 2283 2521 in
2304 2467 2474 2526 maia.
2506 2485 2526 2520 ι
2551 2496 2619 2510 -ς
2646 2485 2665 2518 ι
2696 2467 2879 2523 Zelavi
2902 2469 3071 2540 igitur
3095 2468 3402 2528 Jerusalem
3426 2472 3497 2543 ’⁸,
3525 2492 3545 2526 ι
3575 2476 3679 2532 hoc

2074 2569 2182 2625 est,
2211 2574 2377 2631 super
2399 2561 2513 2632 ipsa
2537 2562 2750 2632 suscepi
2775 2562 2976 2631 zelum,
3004 2573 3060 2618 et
3084 2565 3457 2636 indignatione
3479 2582 3677 2639 magna

2076 2653 2251 2709 zelavi
2310 2653 2526 2726 ipsam;
2579 2669 2645 2711 ac
2695 2656 2742 2711 si
2788 2656 2938 2713 dicat
2969 2674 2982 2710 :
3013 2656 3305 2729 Continget
3361 2659 3678 2733 Babyloniis

2079 2747 2323 2803 vicissim
2372 2748 2508 2819 pati,
2547 2756 2601 2802 et
2650 2748 2874 2819 quidem
2924 2750 3250 2806 immaniora
3284 2767 3445 2821 quam
3480 2767 3678 2825 perch

2080 2846 2319 2908 trarunt,
2352 2848 2408 2895 et
2442 2840 2813 2896 vastatoribus
2849 2841 3021 2898 tantis
3064 2841 3241 2899 Iratus
3273 2842 3476 2898 malum
3514 2843 3675 2900 dabo.

2156 3110 2277 3166 Hoc
2311 3109 2557 3181 implevit
2598 3094 2870 3167 Christus.
2907 3108 3109 3165 Dolens
3143 3110 3291 3166 enim
3327 3125 3494 3182 super
3522 3111 3682 3169 nobis

360 3208 450 3280 ἐφ’
486 3209 623 3280 ἡμῖν
665 3207 781 3270 τοῖς
815 3203 1020 3291 ἀθλίως
1064 3202 1396 3285 ἀπολωλόσι,
1441 3201 1537 3255 καὶ
1579 3194 1690 3255 οἷον
1722 3199 1977 3273 ζηλώσας

2086 3200 2286 3256 misere
2314 3200 2565 3271 perditis,
2612 3211 2669 3257 et
2714 3201 2868 3258 velut
2914 3201 3127 3257 uelatus
3164 3201 3497 3270 Ecclesium,
3531 3202 3686 3274 Ipso-

362 3301 463 3374 τὴν
506 3298 867 3370 Ἐκκλησίαν,
897 3294 1009 3350 τῶν
1051 3295 1235 3349 αὐτῶν
1275 3294 1374 3366 μὲν
1410 3294 1524 3350 τῶν
1570 3293 1868 3366 δαιμονίων
1906 3293 1979 3347 τὰ

367 3393 558 3465 στίφη,
603 3392 699 3446 τὸν
734 3391 805 3445 δέ
853 3407 921 3460 γε
953 3392 1055 3463 τῆς
1101 3386 1331 3443 ἐκείνων
1374 3388 1634 3452 ἀπονοίας
1678 3387 1980 3459 ἐπιστάτην

364 3488 467 3560 τῆς
489 3486 616 3542 καθ’
642 3486 793 3559 ἡμᾶς
833 3483 1140 3556 ἐκϐέϐληκε
1165 3482 1507 3556 τυραννίδος,
1549 3479 1844 3553 ἐλευθέραν
1880 3482 1981 3550 τῆς

369 3578 584 3636 ἐκείνου
633 3577 957 3650 σκαιότητος
1003 3577 1296 3648 ἀποφήνας
1345 3575 1536 3630 λοιπὸν
1584 3573 1696 3630 τῶν
1741 3590 1983 3645 προσκν-

369 3673 610 3728 νούντων
645 3660 798 3742 αὖτῷ
825 3669 932 3741 τὴν
966 3670 1263 3742 ὁμήγυριν.

454 3755 603 3822 Τάδε
636 3763 805 3835 λέγει
831 3762 1050 3833 Κύριος
1070 3778 1083 3792 ·
1129 3746 1503 3831 Ἐπιστρέψω
1531 3760 1633 3815 ἐπὶ
1663 3758 1840 3824 Σιὼν,
1885 3757 1987 3813 καί

372 3854 834 3926 κατασκηνώσω
862 3855 934 3909 ἐν
955 3854 1128 3926 μέσῳ
1163 3851 1593 3923 Ἰερουσαλὴμ,
1628 3850 1730 3907 καὶ
1767 3847 1989 3919 κληθή-

372 3967 548 4006 σεται
599 3946 1007 4019 Ἰερουσαλὴμ
1045 3947 1226 4014 πόλις
1258 3947 1543 4017 ἀληθινὴ,
1591 3945 1695 4002 καὶ
1740 3944 1809 4000 τὸ
1849 3944 1987 4014 ὄρος

373 4044 603 4114 Κυρίου
632 4040 1118 4112 παντοκράτορος
1155 4040 1295 4110 ὄρος
1325 4040 1520 4111 ἅγιον.

447 4136 575 4192 ΛΘ¹.
617 4134 832 4208 Πληροῖ
859 4133 960 4207 μὲν
995 4133 1066 4189 τὰ
1097 4135 1276 4189 πάντα
1307 4133 1464 4199 Θεὸς,
1492 4133 1717 4204 καὶτῆς
1741 4134 1991 4208 ἀπορρή-

377 4250 473 4286 του
506 4231 729 4301 φύσεως
750 4227 919 4284 αὐτοῦ
947 4228 1015 4284 τὰ
1042 4229 1222 4284 πάντα
1260 4228 1458 4299 μεστά.
1490 4227 1640 4299 Πλὴν
1674 4227 1989 4298 ἀποφοιτῶν

377 4324 495 4379 ἔσθ’
540 4325 633 4378 ὅτε
673 4322 898 4391 λέγεται
947 4322 1057 4377 τῶν
1100 4321 1529 4393 ἡμαρτηκότων,
1561 4321 1623 4375 οὐ
1676 4323 1798 4385 ταῖς
1846 4320 1993 4376 κατά

377 4420 548 4473 τόπον
592 4416 915 4471 διαστάσεσι
952 4415 1324 4488 χωριζόμενος
1375 4408 1592 4488 (εὔηθες
1622 4414 1745 4488 γὰρ,
1780 4414 1842 4470 τὸ
1887 4409 1992 4470 ὦδε

377 4513 569 4583 νοεῖν),
603 4509 745 4564 ἀλλὰ
773 4508 851 4581 τῷ
888 4509 1090 4581 μηκέτι
1130 4508 1311 4562 θέλειν
1335 4508 1715 4581 προσκεῖσθαι,
1747 4510 1842 4563 καὶ
1871 4526 1991 4579 φει-

376 4605 505 4668 δοῦς
548 4594 644 4656 καί⁸
689 4601 917 4673 ἀγάπης
964 4597 1173 4667 ἀξιοῦν.
1228 4600 1484 4655 Τοιοῦτον
1527 4602 1585 4655 δὲ
1625 4598 1768 4657 εἷναί
1804 4619 1989 4673 φαμεν

380 4698 477 4753 καὶ
513 4696 681 4751 αὐτὸν
710 4696 814 4768 τῆς
862 4695 1036 4768 ὀργῆς
1074 4696 1299 4768 τρόπον.
1338 4694 1550 4749 Οὐκοῦν
1580 4695 1853 4767 ἐτράπετο
1890 4696 1990 4768 μὲν

378 4793 462 4855 εἰς
492 4788 923 4861 ψευδολατρείας
965 4791 994 4842 ὁ
1037 4786 1274 4860 Ἰσραήλ,
1323 4787 1419 4841 καὶ
1466 4788 1911 4860 ὲκπεπόρνευκεν
1958 4788 1991 4859 ή

390 4882 777 4956 Ἰερουσαλήμ.
849 4879 1216 4951 Ἀπεφοίτησε
1268 4880 1330 4934 δὲ
1385 4879 1578 4952 ὥσπερ
1626 4882 1655 4934 ό
1708 4880 1816 4933 τῶν
1855 4880 1994 4936 ὅλων

378 4974 541 5040 Once,
559 4973 659 5027 καὶ
675 4972 791 5035 τοῖς
805 4969 869 5036 ἐξ
883 4968 1242 5043 ἀποστροφῆς
1268 4969 1512 5041 ὑπέθηκε
1532 4971 1742 5035 κακοῖς.
1773 4969 1994 5044 Ἐπειδὴ

382 5062 434 5119 ἃ
453 5060 833 5132 κατοικτείρει
845 5060 1056 5125 λοιπὸν,
1070 5059 1132 5114 τὸ
1156 5058 1507 5132 Ἐπιστρέψω
1524 5060 1996 5134 φησὶ,τουτέστιν,

384 5154 865 5225 ἁποπεπαύσομαι
915 5152 1018 5224 τῆς
1068 5152 1262 5225 ὀργῆς,
1302 5153 1613 5226 ἐπισκοπῆς
1651 5153 1810 5220 ἀξίαν
1855 5155 1999 5220 ἀπο-ι

382 5243 565 5317 φανῶ,
612 5245 709 5300 καὶ
747 5239 900 5299 οἷκον
942 5244 1077 5315 ὲμὺν
1110 5246 1410 5316 ποιήσομαι
1458 5245 1640 5300 πάλιν.
1694 5246 1907 5319 Ὥσπερ
1945 5246 2004 5300 δὲ

382 5336 843 5408 ἀποστραφέντος
870 5332 1062 5402 αὐτοῦ,
1091 5334 1151 5388 τὸ
1178 5332 1306 5406 ὅρος
1337 5332 1400 5386 τὸ
1430 5334 1606 5402 ἅγιον,
1636 5334 1940 5400 τουτέστιν,
1976 5336 2006 5388 ό

384 5432 442 5481 ὲν
468 5430 588 5492 τοῖς
624 5414 1030 5499 Ἱεροσολύμοις
1076 5423 1213 5489 νεὼς
1252 5424 1438 5480 οὐκέτι
1499 5426 1699 5490 σεπτός
1738 5445 1826 5492 τις
1863 5422 2004 5483 εἶναι

382 5520 567 5574 ἐδόκει
607 5518 763 5591 παρά
788 5535 853 5588 γε
900 5520 1015 5582 τοῖς
1055 5517 1259 5589 ὁρῶσιν
1305 5518 1814 5591 ἐμπεπρησμένον·
1861 5519 2006 5576 οὔτω

381 5614 450 5684 δή
485 5612 650 5668 πάλιν
682 5611 1089 5685 ἐγηγερμένον,
1127 5612 1226 5666 καὶ
1267 5613 1328 5666 ἐν
1362 5612 1513 5684 αὐτῷ
1558 5614 1840 5668 κατοικεῖν
1887 5612 2007 5669 ἑλοί-

386 5711 560 5777 μένου
607 5703 776 5771 Θεοῦ,
815 5701 877 5756 τὸ
928 5703 1016 5756 ἐπ’
1047 5703 1198 5777 αὖτῷ
1237 5703 1400 5760 πάλιν
1436 5702 1881 5775 ἀνανεωθήσεται
1916 5705 2000 5759 σέ-

460 5865 508 5899 ⁹⁶
549 5863 784 5919 Zachar.
828 5879 871 5929 t,
919 5865 1002 5924 Η,

2084 3309 2206 3349 rum
2240 3294 2550 3350 daemonum
2591 3304 2798 3351 turmas
2843 3310 3144 3366 eorumque
3170 3297 3462 3353 dementiae
3485 3298 3682 3367 praesi-

2083 3388 2209 3442 dem
2254 3388 2324 3443 ab
2358 3387 2592 3458 imperio
2651 3388 2707 3442 in
2755 3403 2859 3444 nos
2912 3388 3140 3460 depulit,
3192 3401 3317 3445 cum
3368 3388 3547 3460 ipsum
3590 3391 3687 3445 ad—

2084 3477 2364 3534 orantium
2411 3479 2817 3537 multitudinem
2850 3480 2919 3537 de
2944 3490 3146 3537 caetero
3174 3481 3244 3537 ab
3274 3482 3395 3552 ejus
3435 3480 3689 3538 immani-

2089 3579 2200 3626 tate
2229 3570 2484 3627 asseruit.

2164 3753 2324 3812 Vens.
2352 3755 2407 3811 ὃ.
2460 3753 2592 3812 Hm:
2630 3737 2760 3811 dicit
2806 3755 3106 3812 Dominus:
3137 3755 3386 3813 Revertar
3429 3758 3501 3812 ad
3532 3756 3684 3823 Sion,

2088 3860 2138 3904 et
2185 3849 2437 3904 habitabo
2484 3850 2541 3904 in
2568 3851 2742 3904 medio
2780 3848 3106 3915 Jerusalem,
3140 3858 3189 3904 et
3221 3848 3499 3905 vocabitur
3523 3848 3689 3904 Jeru-

2089 3939 2257 3996 salem
2308 3941 2500 3995 ciuitas
2551 3957 2696 4007 vera,
2745 3951 2795 3996 et
2858 3958 3007 3996 mons
3050 3941 3266 3996 Domini
3315 3943 3690 4013 omnipotentis

2091 4050 2242 4089 mons
2279 4044 2516 4089 sanctus.

2163 4123 2412 4183 XXXIX.
2453 4124 2650 4196 Implet
2702 4125 2887 4181 omnia
2952 4127 3140 4191 Deus,
3216 4134 3274 4181 et
3326 4134 3523 4181 natura
3571 4126 3693 4194 ejus

2093 4217 2358 4276 inell‘abili
2386 4218 2589 4274 referta
2615 4228 2744 4273 sunt
2772 4217 2980 4273 omnia.
3019 4217 3409 4274 Verumtamen
3443 4233 3693 4274 nonnun-

2093 4327 2255 4383 quam
2306 4311 2592 4368 discedere
2646 4311 2850 4367 dicitur
2903 4325 2934 4365 a
2972 4311 3376 4380 peccatoribus,
3426 4326 3535 4367 non
3587 4311 3692 4367 loci

2095 4403 2398 4460 intervallis
2439 4405 2509 4459 ab
2554 4404 2622 4460 iis
2673 4411 3000 4472 separatus,
3049 4403 3194 4474 quod
3234 4412 3426 4474 putare
3467 4402 3692 4458 stultnin

2098 4504 2267 4562 esset,
2304 4495 2400 4552 sed
2449 4495 2504 4550 in
2536 4509 2604 4551 eo
2644 4495 2790 4565 quod
2818 4510 2963 4551 {esse
2997 4510 3124 4551 cum
3153 4494 3284 4562 illis,
3339 4495 3607 4565 veniaque
3641 4508 3699 4549 et

2102 4602 2293 4644 amore
2328 4587 2541 4658 dignari
2590 4601 2686 4643 eos
2742 4595 2979 4643 recusat.
3027 4586 3213 4642 Talem
3262 4602 3481 4658 quoque
3523 4589 3697 4658 ipsam

2098 4683 2196 4738 irae
2240 4682 2511 4739 rationem
2571 4694 2694 4737 esse
2744 4679 2998 4737 dicimus.
3034 4678 3200 4751 715
3243 4679 3559 4738 Conversus
3615 4690 3703 4737 est

2102 4774 2273 4843 igitur
2318 4774 2387 4828 ad
2436 4771 2606 4828 falsos
2641 4773 2774 4829 deos
2802 4771 3063 4828 colendos
3099 4770 3293 4836 Israel,
3324 4781 3379 4827 et
3427 4770 3701 4828 fornicata

2102 4876 2189 4923 est
2235 4866 2565 4923 Jerusalem.
2613 4864 2866 4923 Recessit
2911 4874 3097 4921 autem
3139 4866 3546 4936 quodammodo
3580 4868 3705 4923 uni-

2102 4977 2387 5018 versorum
2416 4960 2584 5026 Deus,
2612 4970 2667 5014 et
2696 4974 2818 5029 quae
2850 4960 3193 5015 aversiouem
3230 4959 3351 5029 ejus
3374 4972 3704 5032 sequuntur,

2082 5057 2335 5125 subjecit
2360 5071 2479 5111 eam
2513 5054 2691 5110 malis.
2732 5053 3002 5121 Quoniam
3034 5067 3164 5109 vero
3194 5053 3248 5108 in
3284 5064 3565 5123 posterum
3607 5055 3699 5108 mi.

2105 5158 2339 5213 seretur,
2365 5146 2653 5214 Revertar,
2686 5145 2882 5216 inquit,
2918 5146 3024 5201 hoc
3044 5152 3151 5212 est,
3185 5148 3467 5216 quiescam
3493 5145 3561 5200 ab
3597 5145 3696 5208 ira,

2105 5240 2445 5309 inspectione
2478 5254 2599 5296 eam
2633 5239 2925 5310 dignabor,
2953 5249 3010 5294 et
3033 5240 3253 5295 domum
3303 5254 3480 5295 meam
3515 5253 3707 5293 rursus

2107 5332 2327 5389 faciam.
2397 5331 2872 5399 Quemadmodum
2928 5339 3111 5386 autem
3165 5345 3233 5386 eo
3287 5343 3483 5386 averso
3550 5342 3707 5384 ntons

2106 5436 2353 5489 sanctus,
2391 5427 2493 5481 hoc
2527 5434 2636 5491 est,
2686 5424 2947 5494 templum
2999 5422 3396 5495 Hierosolymis
3434 5437 3541 5477 non
3586 5436 3706 5474 am-

2107 5518 2250 5589 plius
2276 5518 2649 5575 venerandum
2681 5516 2973 5572 videbatur
3016 5517 3083 5570 iis
3133 5516 3224 5585 qui
3260 5516 3389 5571 illud
3422 5515 3707 5571 incensum

2109 5612 2497 5678 intuebantur;
2537 5610 2610 5666 ita
2648 5611 2826 5666 denuo
2855 5611 3044 5666 eodem
3085 5609 3346 5672 excitato,
3398 5617 3454 5666 et
3490 5611 3542 5665 in
3591 5611 3712 5682 ipso

2113 5706 2360 5762 habitare
2405 5704 2725 5762 institucnte
2771 5700 2908 5764 Deo,
2941 5702 3220 5760 veneratio
3264 5702 3507 5776 ejusdem
3551 5718 3711 5758 reno-
