4130 6504
353 403 466 459 113

1186 407 1741 466 COMMENTARIUS
1780 405 1847 463 ΙΝ
1890 407 2302 464 ZACHARIAH
2340 407 2788 464 PROPlIETAM.

3563 407 3665 463 ιιι

350 520 870 593 παραμυθούμενοι,
901 525 995 578 καὶ
1022 524 1327 596 βακτηρίαν
1357 525 1576 596 ἔχοντες
1591 525 1953 596 χειραγωγόν.

2064 524 2337 580 mittentis
2368 525 2434 578 ad
2466 534 2831 589 senectutem,
2863 522 2954 594 qui
2982 521 3093 593 jam
3129 523 3333 577 virilem
3368 532 3546 592 togam
3580 524 3671 576 in-

355 612 623 676 Ἐπαινος
652 614 709 666 δὲ
738 614 800 668 τὸ
826 616 1019 687 χρῆμά
1065 619 1181 670 ἐστι
1240 618 1467 689 καιρῶν,
1496 618 1591 672 καὶ
1619 618 1843 688 βαθείας
1875 619 1956 671 εί-

358 703 548 774 ρήνης,
577 705 1020 779 άνακομιξιύσης
1067 711 1164 779 μὲν
1209 710 1298 779 ἐφ’
1323 710 1468 781 ἥϐην
1496 710 1567 763 τὰ
1591 710 1785 780 βρέφη,
1813 726 1957 780 πεμ-

352 794 565 867 τεούσης
596 796 653 849 δὲ
684 800 779 850 καὶ
812 800 892 863 είς
925 802 1103 870 γῆρας
1141 800 1270 865 τοὺς
1320 801 1422 872 ήδη
1459 801 1747 864 τελοῦντας
1772 803 1831 854 ὲν
1862 802 1956 854 ἀν-

347 888 537 959 δράσι,
606 892 706 944 καὶ
764 892 857 945 τὸν
912 893 1014 963 τῆς
1065 894 1214 966 ζωῆς
1261 894 1479 949 ἅπαντα
1527 895 1719 966 χρόνον
1747 894 1957 965 ἀμαχεὶ

352 981 811 1055 παραθέ[ο]·ιτας.
853 986 914 1038 Εἰ
940 986 997 1039 δὲ
1057 985 1121 1058 δὴ
1149 984 1396 1057 μέλλοιεν
1427 986 1708 1059 ὀρχεῖσθαι
1764 988 1862 1058 μὲν
1897 990 1956 1041 ὲν

352 1075 507 1129 ἄστει
569 1076 868 1149 μειράκια,
917 1077 1079 1147 κόριά
1114 1095 1175 1131 τε
1203 1078 1454 1150 χορεύειν
1488 1082 1547 1133 ὲν
1584 1079 1783 1149 μέσαις
1812 1079 1953 1133 πλα-

2067 616 2336 682 duerunt,
2376 625 2428 671 et
2470 631 2632 671 omne
2671 625 2883 687 tempus
2916 616 3043 671 vitae
3085 616 3357 671 immunes
3401 629 3430 669 a
3478 615 3666 669 militia

2068 710 2470 764 transmittunt.
2506 707 2660 776 Quod
2698 710 2741 764 si
2781 710 2947 763 etiam
2982 707 3183 764 saltent
3219 708 3271 761 in
3310 708 3444 761 urbe
3481 707 3666 761 adole-

2064 800 2320 865 scentuli,
2352 801 2651 871 puellaque
2686 802 2884 856 choros
2918 801 3122 856 ducant
3157 801 3207 854 itt
3244 800 3425 854 medio
3459 799 3666 868 platea-

2066 909 2219 955 rum,
2256 893 2549 949 ostendere
2592 904 2645 949 et
2688 894 2814 949 hinc
2855 893 3092 948 dilucide
3131 894 3347 957 licebit,
3387 890 3528 944 nulla
3571 906 3668 944 cos

2064 1000 2200 1039 cura
2242 985 2494 1055 graviore
2532 985 2657 1055 angi
2700 1004 2714 1040 :
2760 1002 2864 1039 non
2909 986 3056 1040 enim
3103 1002 3431 1055 quemquam
3476 984 3666 1039 ludere

2063 1088 2404 1148 paterentur,
2441 1079 2483 1133 si
2530 1079 2770 1134 tristitia:
2807 1089 3020 1150 tempus
3052 1088 3224 1134 esset.

347 1171 550 1235 τείαις,
582 1170 698 1243 ἔχοι
725 1172 793 1225 ἂν
818 1172 912 1226 καὶ
942 1174 1101 1227 τοῦτο
1125 1175 1271 1245 σαφῆ
1296 1174 1394 1247 τὴν
1417 1172 1693 1240 ἀπόδειξιν
1758 1174 1856 1229 τοῦ
1907 1174 2183 1247 μηδεμίαν
2243 1173 2425 1230 αὐτῶν
2495 1174 2752 1246 φροντίδα
2792 1174 3139 1247 κατηρῆσθαι
3190 1172 3426 1243 πικράν·
3464 1173 3525 1225 οὐ
3558 1173 3666 1243 γὰρ

350 1261 419 1316 ἂν
458 1263 758 1334 ἠνέσχοντο
788 1265 1097 1330 παιζόντων
1128 1266 1310 1333 τινῶν,
1372 1269 1421 1321 εί
1469 1268 1776 1338 κατηφείας
1820 1264 1889 1340 ἦν
1921 1269 1950 1322 ὁ
1987 1268 2207 1340 καιρός.

422 1354 626 1423 Γέγονε
653 1355 718 1427 δὴ
740 1358 834 1410 καὶ
857 1359 991 1427 ἡμῖν
1026 1358 1213 1423 αὐτοῖς
1252 1360 1447 1431 εἰρήνη
1478 1361 1738 1432 Χριστὸς,
1765 1361 1823 1425 ὃς
1862 1362 1958 1415 καὶ

350 1446 535 1500 πάντα
581 1448 885 1519 συντρίψας
945 1449 1205 1520 πόλεμον,
1270 1453 1474 1523 μεστὴν
1514 1455 1761 1525 ἀπέφηνε
1783 1454 1957 1523 ἀγίων

345 1536 450 1608 τὴν
481 1537 836 1609 Ἐκκλησίαν.
866 1541 976 1594 Καὶ
1003 1540 1192 1595 πολλοὶ
1227 1541 1329 1613 μὲν
1348 1542 1450 1606 τὰς
1477 1544 1677 1616 φρένας
1708 1547 1765 1600 ὲν
1791 1546 1952 1617 αὐτῇ,

351 1632 545 1704 μυρίοι
564 1651 627 1687 τε
661 1634 778 1688 ὅσοι
815 1635 916 1689 καὶ
945 1634 1249 1708 ἐξαίρετοι,
1279 1630 1362 1700 οἷς
1395 1637 1489 1690 καὶ
1512 1639 1540 1690 ὁ
1565 1638 1729 1707 σοφὸς
1773 1639 1956 1693 Ἰωάν-

347 1742 451 1796 νης
472 1727 812 1792 ἐπιστέλλει,
838 1727 1035 1797 λέγων·
1076 1747 1098 1781 ‹
1134 1728 1340 1801 Γράφω
1371 1730 1522 1801 ὑμῖν,
1562 1731 1844 1802 Πατέρες,
1872 1731 1957 1784 ὅτι

2136 1362 2342 1417 Factus
2369 1369 2452 1417 est
2480 1361 2648 1433 igitur
2671 1371 2722 1417 et
2754 1363 2914 1417 nobis
2947 1363 3078 1432 ipsis
3104 1377 3210 1432 pax
3236 1360 3487 1416 Christus
3504 1360 3547 1424 ⁸,
3573 1361 3664 1430 qui

2063 1464 2118 1508 et
2149 1468 2311 1509 omne
2338 1453 2539 1509 bellum
2565 1455 2884 1519 contrivit",
2916 1464 2970 1508 et
3003 1453 3300 1508 Ecclesiam
3326 1452 3531 1507 sanctis
3560 1454 3663 1505 im-

2064 1545 2251 1615 plevit.
2283 1548 2349 1601 Et
2382 1546 2669 1617 prudentia
2706 1547 2923 1614 quidem
2960 1555 3300 1616 praestantes,
3328 1556 3383 1614 et
3415 1544 3572 1599 electi
3613 1546 3664 1598 in

2063 1655 2130 1695 ea
2184 1638 2611 1696 innumerabiles
2665 1638 3040 1702 inveniuntur,
3094 1638 3292 1707 quibus
3342 1646 3397 1691 et
3447 1638 3666 1707 sapiens

2064 1734 2304 1789 Joannes
2342 1733 2534 1788 scribit
2575 1733 2630 1787 in
2680 1734 2827 1787 hunc
2870 1734 3087 1785 modum
3132 1749 3146 1784 :
3192 1750 3210 1782 ι
3255 1730 3450 1786 Scribe
3487 1730 3663 1792 vobis,

347 1817 636 1887 ἐγνώκατε
682 1821 774 1873 τὸν
810 1822 906 1874 ἀπ’
932 1821 1129 1893 ἀρχῆς.
1162 1840 1181 1874 ι
1218 1821 1414 1887 Παῖδες
1445 1822 1503 1876 δὲ
1539 1821 1730 1895 ὥσπερ
1766 1823 1959 1895 ᾶνηῦοι

2068 1835 2273 1894 patres,
2294 1824 2552 1895 quoniam
2577 1823 2910 1894 cognovistis
2931 1838 3055 1878 eum
3079 1823 3168 1892 qui
3197 1822 3265 1877 ab
3290 1822 3444 1876 initio
3465 1832 3548 1876 est
3564 1822 3605 1874 ⁸.
3639 1840 3658 1872 ι

348 1911 446 1966 καὶ
473 1911 639 1982 κόρια
666 1912 843 1983 μικρά
874 1912 982 1967 τῶν
1021 1914 1149 1985 ἄρτι
1207 1914 1714 1987 πεπιστευκότωνή
1743 1932 1957 1987 νηπιω-

346 2002 492 2072 τάτη
529 2001 764 2071 πληθὺς,
802 2004 1091 2074 μονονουχὶ
1118 2006 1234 2068 τοῖς
1280 2007 1680 2077 πνευματικοῖς
1732 2007 1958 2078 σκιρτήο

352 2110 492 2166 μασι
523 2094 627 2165 τὴν
666 2094 830 2163 ἁγίαν
857 2094 1036 2161 ,ὅντως
1066 2096 1557 2152 κατακαλλύνουσα
1593 2098 1770 2162 πόλιν,
1803 2115 1961 2153 τουτ-

348 2187 492 2250 έστι,
521 2186 623 2259 τήν
679 2187 1032 2258 Ἐκκλησίαν.
1085 2184 1181 2253 Οἷς
1216 2190 1312 2244 καὶ
1343 2189 1404 2244 τὸ
1441 2190 1624 2253 λέγειν
1663 2192 1960 2262 ἀρμόσειεν

348 2280 439 2338 ἄν·
481 2298 502 2332 ι
541 2280 711 2334 Δεῦτε
741 2279 1205 2352 ἀγαλλιασώμεθα
1232 2282 1313 2355 τῷ
1348 2284 1562 2355 Κυρίῳ,
1596 2284 1958 2356 ἀλαλάξωμεν

347 2371 431 2443 τῷ
476 2372 601 2443 Θεῷ
653 2373 733 2444 τῷ
784 2374 1003 2446 Σωτῆρι
1038 2375 1218 2446 ἡμῶν.
1250 2395 1271 2429 ι
1315 2379 1378 2431 El
1404 2379 1462 2432 δὲ
1491 2377 1556 2450 δὴ
1585 2378 1831 2448 λέγοιντο
1862 2379 1959 2433 καὶ

350 2465 734 2537 ὲπερείδεσθαι
782 2467 966 2540 ῥάϐδῳ
1020 2469 1182 2540 τυχὸν
1244 2472 1295 2524 οί
1349 2471 1685 2545 πρεσϐῦται,
1742 2473 1959 2544 νοήσεις

350 2559 434 2611 ὅτι
468 2559 707 2629 μικροὺς
749 2559 846 2613 καὶ
896 2561 1169 2630 μεγάλους
1204 2561 1564 2634 ὑποστηρίζει
1602 2564 1874 2635 Χριστος,
1922 2565 1956 2636 ἡ

352 2650 556 2722 ῥάϐδος
593 2652 627 2721 ή
661 2650 721 2717 ἐξ
766 2651 967 2706 Ἰεσσαὶ
994 2653 1090 2706 καὶ
1132 2654 1233 2725 τῆς
1252 2654 1536 2727 δυνάμεως
1562 2656 1955 2730 ὠνομασμένη,

352 2742 419 2814 ήν
440 2745 509 2796 ὲκ
539 2744 642 2814 τῆς
666 2742 782 2798 ἀνω
810 2743 952 2799 Σιὼν
1004 2744 1297 2816 πέπομφεν
1328 2748 1459 2819 ήμῖν
1493 2750 1520 2802 ὁ
1546 2748 1679 2814 Θεὸς
1724 2751 1819 2805 καὶ
1846 2750 1959 2805 Πα-

352 2833 475 2905 τὴρ,
537 2833 617 2898 ὡς
666 2836 963 2906 χαίροντας
995 2836 1144 2907 ἡμᾶς
1199 2838 1294 2891 ἐπὶ
1343 2839 1521 2911 τούτῳ
1559 2840 1771 2910 λέγειν·
1830 2860 1849 2894 ι
1892 2843 1958 2896 Ἦ

354 2924 551 2997 ῥάϐδος
585 2943 683 2980 σου
732 2927 827 2981 καὶ
867 2929 902 2999 ή
940 2927 1218 3003 βακτηρία
1270 2947 1367 2984 σου
1395 2926 1561 2987 αὗταί
1613 2950 1680 3005 με
1712 2934 1959 3006 παρεκὰο

354 3034 539 3073 Αεσαν.
579 3039 600 3073 ι

428 3114 577 3169 Τάδε
610 3115 776 3186 ⁸1ιὲγεί
805 3118 1022 3187 Κύριος
1054 3118 1502 3190 παντοκράτωρ·
1549 3121 1617 3176 Et
1655 3120 1958 3188 ἀδυνατή-

349 3222 448 3261 σει
475 3205 740 3262 ἐνώπιον
766 3207 886 3263 τῶν
914 3212 1299 3264 καταλοιπων
1326 3211 1434 3265 τοῦ
1459 3212 1615 3266 λαοῦ
1645 3214 1861 3268 τούτου
1889 3214 1961 3266 ἐν

350 3300 483 3367 ταῖς
499 3299 756 3370 ἡμέραις
775 3302 1058 3369 ἐκείναις,
1076 3302 1163 3373 μὴ
1189 3303 1289 3357 καί
1317 3305 1579 3359 ἐνώπιόν
1592 3322 1713 3375 μου
1741 3305 1958 3362 ἀδυναε

350 3394 564 3462 τήσει;
592 3393 760 3463 λέγει
797 3396 1015 3464 Κύριος
1037 3394 1484 3465 παντοκράτωρ.

418 3482 560 3537 MA'.
600 3483 684 3537 Τὰ
716 3484 927 3554 μεγάλα
961 3483 1057 3538 καὶ
1117 3486 1403 3558 ὑπερφερῆ
1452 3486 1563 3542 τῶν
1613 3487 1959 3559 πραγμάτων

346 3577 568 3647 δέχεταί
613 3594 732 3640 πως
755 3578 843 3646 ἐφ’
870 3579 1088 3641 ἑαυτοῖς
1130 3578 1191 3631 τὸ
1233 3579 1589 3633 ἀπιστεῖσθαι
1629 3580 1827 3649 φιλεῖν,
1860 3581 1958 3636 καὶ

345 3670 449 3722 οὐκ
479 3668 841 3739 ἀθαύμαστον
868 3669 984 3739 ἔχει
1011 3670 1114 3740 τὴν
1140 3670 1220 3735 είς
1251 3671 1426 3744 πέρας
1460 3673 1812 3746 διεκδρομήν.
1846 3675 1958 3729 Καὶ

346 3760 483 3828 γοῦν
515 3762 550 3831 ή
583 3761 774 3832 Σάρρα
801 3760 1028 3833 διαγελᾷ
1081 3762 1182 3827 μὲν
1215 3762 1274 3830 ἐξ
1324 3764 1586 3828 ἀπιστίας
1636 3768 1739 3837 τὴν
1767 3766 1862 3819 ἐπί
1889 3783 1956 3836 γε

344 3854 427 3924 τῷ
456 3854 647 3908 Ἰσαάκ
681 3854 1000 3926 ὑπόσχεσιν,
1028 3857 1112 3917 εἰς
1141 3856 1318 3927 γῆρας
1366 3856 1572 3928 ὁρῶσα,
1599 3859 1694 3912 καὶ
1719 3862 1831 3922 τοῖς
1854 3861 1956 3929 τῆς

345 3946 779 4019 ἀνθρωπότητος
811 3949 1000 4016 νόμοις
1045 3947 1328 4002 ἀντιθεῖσα
1357 3950 1421 4003 τὸ
1462 3950 1766 4021 ἀμήχανον.
1805 3952 1956 4023 Πλὴν

345 4041 608 4096 ἑκτέτοκε
664 4041 797 4112 παρ’
846 4040 1061 4106 ἐλπίδα,
1119 4040 1354 4112 βάσιμον
1387 4042 1527 4111 αὐτῇ
1560 4044 1624 4096 τὸ
1654 4043 1844 4115 χρῆμα
1873 4061 1955 4098 τι·

343 4135 534 4200 θέντος
555 4134 718 4189 Θεοῦ.
750 4130 862 4190 Ἦν
910 4130 1007 4189 οὖν
1059 4135 1167 4207 ἄρα
1212 4136 1306 4189 καὶ
1336 4137 1544 4206 σφόδρα
1598 4139 1746 4202 είκὸς
1779 4150 1954 4193 κατα-

342 4227 619 4283 δονεῖσθαι
648 4230 772 4292 ταῖς
817 4226 1094 4299 διψυχίαις
1143 4230 1271 4292 τοὺς
1299 4231 1366 4282 ἐκ
1419 4229 1522 4298 τῆς
1572 4231 1954 4301 αἰχμαλωσίας

343 4322 822 4393 λελυτρωμὲνους,
841 4322 935 4376 καὶ
965 4322 1027 4376 οὐ
1054 4322 1264 4394 σφόδρα
1296 4322 1637 4396 θαῤῥεῖν,ὼς
1658 4326 1737 4387 είς
1763 4325 1954 4378 τοσαύο

342 4429 447 4483 την
496 4412 683 4474 αὐτοῖς
741 4411 1047 4482 εὐημερίαν
1089 4411 1356 4483 βαδιεῖται
1388 4412 1459 4465 τά
1491 4412 1817 4484 πράγματα,
1874 4414 1953 4478 ὡς

2068 1915 2222 1971 Velut
2245 1916 2561 1987 impuberes
2577 1924 2758 1968 autem
2787 1913 2939 1983 pueri
2972 1922 3027 1967 et
3064 1913 3255 1983 puellae
3281 1912 3517 1983 parvula:
3537 1923 3664 1966 sunt

2061 2018 2254 2063 recens
2289 2007 2448 2062 ﬁdem
2482 2007 2892 2077 complexurum
2934 2006 3296 2060 infantissima
3336 2004 3658 2070 multitudo,

2062 2097 2459 2169 propemodum
2491 2097 2873 2167 spiritualibus
2900 2097 3283 2152 saltationibus
3309 2105 3555 2151 sanctam
3584 2097 3662 2149 ci-

2061 2191 2310 2256 vitatem,
2337 2200 2464 2261 puta
2490 2190 2809 2257 Ecclesiam,
2840 2204 3030 2247 revera
3054 2191 3503 2246 condecorantes.
3527 2187 3661 2256 Qui-

2060 2283 2160 2338 bus
2198 2283 2444 2353 apposite
2480 2284 2631 2340 dicas
2665 2298 2681 2353 :_
2724 2301 2743 2336 ι
2783 2282 2995 2349 Venite,
3029 2283 3365 2339 exsultemus
3396 2281 3658 2349 Domino,

2056 2374 2351 2444 jnbilemus
2378 2374 2487 2431 Deo
2511 2375 2739 2431 salutari
2766 2376 3020 2433 nostro’.
3053 2393 3072 2426 ι
3102 2374 3167 2430 Ει
3192 2375 3443 2446 quamvis
3471 2377 3662 2431 dican‘

2065 2475 2153 2520 tur
2180 2480 2340 2522 senes
2376 2467 2517 2523 forte
2550 2464 2746 2523 baculo
2781 2482 2839 2523 se
2871 2475 3214 2532 sustentare,
3252 2466 3496 2538 intellige
3529 2483 3660 2537 par-

2061 2573 2157 2614 vos
2182 2568 2239 2614 et
2262 2574 2493 2629 magnos
2521 2575 2551 2614 a
2603 2560 2824 2616 Christo
2863 2568 3230 2615 sustentatum
3265 2560 3356 2624 iri,
3387 2559 3477 2629 qui
3506 2561 3660 2632 virga

2059 2651 2215 2708 Jesse
2249 2653 2294 2686 ³⁸
2328 2662 2384 2708 et
2417 2654 2637 2710 virtutis
2683 2655 2724 2687 “
2763 2663 2848 2709 est
2884 2656 3196 2708 nominatus
3218 2696 3232 2722 ,
3269 2669 3436 2724 quam
3463 2668 3531 2709 ex
3566 2668 3662 2709 su-

2061 2758 2227 2814 perna
2274 2746 2404 2802 Sion
2448 2745 2608 2802 nobis
2644 2746 2826 2803 emisit
2863 2745 3006 2801 Deus
3048 2756 3102 2801 et
3130 2745 3310 2811 Pater,
3352 2754 3414 2800 ut
3456 2745 3661 2801 idcirco

2060 2837 2358 2905 gaudentes
2393 2837 2640 2893 dicamus
2677 2856 2691 2894 :
2738 2855 2757 2890 ι
2797 2835 2963 2908 Virga
3008 2848 3097 2891 tua
3168 2847 3224 2893 et
3268 2836 3491 2892 baculus
3537 2847 3661 2891 tuus

2062 2929 2173 2998 ipsa
2208 2943 2295 2984 me
2323 2930 2598 2984 consolata
2632 2942 2758 2985 sunt
2782 2932 2846 2984 ι’.
2888 2951 2906 2982 ι

2133 3109 2294 3181 717
2334 3108 2496 3163 VEHS-
2536 3109 2588 3169 6.
2632 3108 2759 3164 Illac
2793 3108 2921 3161 dicit
2982 3107 3242 3162 Dominus
3278 3110 3603 3177 omnipotens
3639 3124 3659 3164 :

2064 3201 2122 3256 Si
2164 3203 2484 3269 impossibile
2522 3203 2622 3254 erit
2668 3216 2849 3254 coram
2894 3198 3133 3267 reliquiis
3173 3183 3355 3268 populi
3398 3199 3561 3269 Iulius
3603 3201 3661 3255 in

2062 3296 2247 3351 diebus
2278 3295 2419 3360 illis,
2455 3293 2711 3365 numquid
2745 3304 2793 3348 et
2829 3308 3008 3347 coram
3048 3308 3132 3348 me
3167 3292 3493 3363 impossibile
3525 3293 3664 3349 erit?

2061 3390 2192 3444 dicit
2226 3388 2489 3445 Dominus
2524 3388 2872 3455 omnipotens.

2130 3479 2266 3536 XLI.
2304 3480 2412 3535 Res
2438 3495 2646 3551 magnae
2674 3488 2732 3535 et
2757 3479 3066 3534 eminentes
3112 3492 3282 3549 prope
3310 3476 3685 3533 incredibiles-

2058 3575 2228 3631 videri
2266 3575 2473 3642 solent,
2506 3588 2606 3629 nec
2639 3574 2758 3628 sine
2791 3573 3157 3629 admiratione
3194 3573 3261 3627 ad
3302 3573 3462 3627 linem
3498 3587 3658 3627 suum

2059 3669 2377 3725 decurrunt.
2413 3667 2596 3734 Quare
2634 3665 2769 3720 Sara
2808 3674 2868 3721 ut
2901 3665 3179 3721 incredula
3215 3664 3355 3719 ridet
3390 3661 3660 3733 promissa

2058 3760 2126 3816 de
2155 3759 2511 3829 concipiendo
2540 3755 2714 3826 Isaac,
2748 3765 3086 3813 senectutem
3118 3757 3444 3825 respiciens,
3477 3766 3528 3809 et
3562 3757 3661 3809 ha-

2060 3867 2234 3908 manze
2267 3862 2477 3907 naturte
2507 3850 2718 3923 legibus
2753 3850 3250 3921 impossibilitatem
3287 3862 3566 3918 opponens
3587 3848 3629 3881 “
3649 3887 3666 3907 .

2060 3943 2447 4001 Verumtamen
2481 3944 2692 4015 peperit
2721 3953 2920 4012 praeter
2947 3955 3120 4010 spem,
3147 3954 3271 3995 cum
3306 3941 3354 3994 ei
3392 3942 3532 3994 Deus
3563 3954 3660 3995 ne-

2056 4043 2261 4113 gotium
2322 4043 2637 4112 expeditum
2695 4048 2751 4094 et
2813 4039 2971 4109 quasi
3018 4037 3255 4091 meabile
3306 4037 3654 4091 reddidisset.

2058 4138 2188 4192 Erat
2231 4136 2396 4207 igitur
2433 4138 2787 4191 vehementer
2823 4131 3179 4193 conveniens,
3223 4128 3541 4198 captivitate
3588 4127 3657 4181 li-

2059 4235 2278 4288 beratos
2304 4229 2533 4300 ancipiti
2560 4226 2891 4297 cogitatione
2915 4223 3164 4283 distrahi,
3196 4235 3296 4275 nec
3321 4220 3393 4275 ita
3426 4220 3657 4276 multum

2056 4324 2361 4390 conlidere,
2411 4336 2500 4378 res
2535 4322 2777 4393 ipsorum
2815 4318 2950 4374 adeo
2982 4316 3167 4371 felices
3199 4330 3263 4370 ac
3296 4313 3484 4369 beatas
3517 4313 3656 4380 fore,

2058 4428 2117 4473 ut
2142 4417 2446 4488 repleretur
2468 4413 2768 4470 Jerusalem
2796 4413 3054 4478 senibus,
3077 4420 3136 4466 et
3166 4410 3317 4466 chori
3360 4422 3658 4479 puerorum

341 4505 655 4576 ἀνάμεστον
681 4504 779 4575 μὲν
807 4503 1064 4572 γενέσθαι
1104 4504 1203 4576 τὴν
1257 4504 1614 4577 Ἰερουσαλὴμ
1641 4505 1749 4560 τῶν
1788 4523 1954 4578 γεγηο

2061 4509 2472 4581 puellarumque
2500 4506 2821 4563 saltationes
2853 4505 2907 4561 in
2940 4518 3004 4559 ea
3034 4510 3414 4566 cernerentur,
3445 4510 3501 4556 et
3532 4499 3657 4555 ditt-

343 4599 619 4670 ρακότων,
652 4599 749 4651 καὶ⁵
778 4598 1000 4651 πάντων
1044 4596 1281 4669 ὁρᾶσθαι
1324 4600 1519 4669 χοροὺς
1558 4599 1618 4651 ὲν
1661 4599 1802 4670 αὐτῇ
1850 4600 1948 4652 καὶ

341 4694 623 4763 κορασίων
666 4691 983 4761 ὀρχήματα,
1054 4690 1149 4744 καὶ
1199 4690 1272 4744 τὰ
1327 4691 1392 4744 ὲκ
1450 4690 1674 4762 βαθείας
1723 4692 1949 4763 εἰρήνης

342 4784 614 4855 ὑπάρξειν
641 4783 844 4853 ἀγαθά.
901 4783 1262 4839 Κατεθεῶντο
1301 4783 1412 4855 γὰρ
1457 4784 1614 4855 τείχη
1646 4786 1952 4857 κατερριμ-

343 4876 507 4947 μένα,
540 4875 722 4939 οἰκίας
747 4876 1243 4948 ἐμπεπρησμένας,
1291 4876 1514 4940 ἁπάσας
1545 4876 1603 4929 δὲ
1631 4875 1728 4940 τὰς
1764 4878 1823 4929 ὲν
1846 4876 1948 4930 κύ-

339 4977 456 5048 κλῳ
487 4975 676 5039 πόλεις
707 4975 916 5047 θηρίων
969 4975 1179 5047 ἀγρίων
1212 4975 1629 5047 ὲνδιαιτήματα,
1656 4975 1744 5031 διά
1778 4993 1860 5031 τοι
1889 4977 1951 5032 τὸ

339 5066 686 5121 κεκενῶσθαι
712 5065 998 5130 παντελῶς
1024 5065 1134 5121 τῶν
1173 5067 1581 5122 κατοικούντων
1612 5068 1804 5136 αὐτὰς,
1850 5070 1948 5124 καὶ

336 5161 549 5231 ἀγροὺς
586 5160 690 5231 μὲν
719 5161 852 5224 τοὺς
895 5159 1064 5215 πάλαι
1120 5160 1450 5231 παμφόρους
1491 5179 1552 5215 τε
1576 5163 1671 5216 καὶ
1695 5162 1945 5227 εὐανθεῖς
2003 5212 2009 5219 .

336 5252 599 5308 ἀκανθῶν
629 5252 902 5324 ὑπάρχειν
931 5254 1187 5323 μεστοὺς,
1209 5253 1362 5306 οὐδὲν
1397 5252 1622 5325 ἔχοντας
1642 5254 1754 5309 τῶν
1805 5255 1942 5329 ὡρί-

338 5362 481 5416 μων,
523 5343 778 5407 διολωλὺς
819 5344 877 5397 δὲ
906 5345 987 5408 είς
1016 5344 1161 5398 ἅπαν
1193 5343 1304 5397 τῶν
1352 5346 1630 5417 ἀγροίκων
1655 5347 1722 5400 τὸ
1757 5347 1937 5417 γένος.

329 5434 447 5492 ’Ἦν
478 5432 575 5490 οὖν
609 5434 886 5500 ἐντεῦθεν,
912 5435 990 5500 ὡς
1036 5435 1196 5507 ἔφην,
1253 5435 1505 5490 άπιστεῖν
1544 5437 1711 5502 εἰκὸς,
1764 5438 1840 5502 ὡς
1862 5441 1942 5503 είς

330 5529 516 5599 πέρας
540 5528 728 5591 αὐτοῖς
748 5528 1045 5598 ἐκϐήσεται
1081 5529 1153 5583 τά
1198 5530 1607 5601 ἐπηγγελμένα.
1640 5530 1827 5604 Ταύτῃ
1859 5548 1942 5586 τοι

326 5621 468 5683 θεὸς
497 5619 749 5690 διφυχεῖν
786 5621 890 5676 οὐκ
916 5621 1000 5693 ὲᾷ·
1032 5619 1257 5694 θαρσεῖν
1275 5623 1331 5677 δὲ
1355 5621 1568 5677 κελεύει
1590 5662 1604 5689 ,
1638 5624 1733 5677 καὶ
1766 5625 1941 5693 ἐμπε-

402 5804 421 5831 ⁶
459 5802 668 5869 Epltes.
713 5818 775 5865 tt,
824 5803 907 5857 ll.
989 5806 1006 5835 ⁷
1046 5804 1209 5867 Osee,
1264 5822 1324 5869 tt,
1369 5805 1456 5863 l8.

324 5874 384 5940 2.
471 5875 515 5904 ¹²
558 5873 705 5933 Psal.
753 5890 889 5940 χχιι,
917 5874 970 5935 4.
1052 5876 1097 5906 ¹⁸
1127 5875 1265 5931 Gen.
1296 5893 1451 5944 xvttt,
1489 5878 1574 5932 10.

1536 5806 1556 5834 ⁸
1609 5805 1623 5860 1
1665 5809 1819 5866 Joan.
1857 5810 2031 5876 ",15.

2063 4613 2233 4657 turnae
2261 4602 2414 4671 pacis
2443 4599 2727 4656 commoda
2759 4597 3110 4653 exsisterent.
3136 4594 3659 4664 Coutemplahantur

2062 4695 2207 4749 cnim
2241 4707 2425 4748 muros
2458 4692 2694 4759 excisos,
2728 4691 2923 4745 domus
2949 4694 3350 4748 concrematas,
3384 4694 3439 4739 et
3466 4698 3659 4739 omnes

2064 4791 2225 4846 urbes
2252 4788 2605 4844 circumcirca
2639 4784 2877 4841 ferarum
2910 4782 3229 4836 immanium
3260 4777 3483 4840 cubilia,
3510 4778 3655 4846 quod

2060 4882 2254 4937 incolis
2293 4881 2518 4936 omnino
2557 4879 2790 4932 viduata!
2829 4882 3047 4940 essent,
3087 4884 3143 4928 et
3181 4887 3341 4942 agros
3381 4873 3653 4940 quondam

2057 4975 2422 5031 fertilissimos
2469 4980 2527 5028 et
2574 4969 2994 5027 ﬂorentissimos
3047 4967 3325 5036 spinarum
3384 4962 3652 5028 refertos,

2055 5064 2188 5121 nihil
2226 5064 2493 5120 habentes
2526 5070 2798 5117 maturum
2821 5101 2835 5124 ,
2870 5067 2927 5114 et
2964 5058 3261 5131 agrestium
3295 5070 3390 5112 seu
3423 5054 3655 5111 rustico-

2055 5175 2170 5214 rum
2202 5174 2371 5229 genus
2400 5158 2637 5213 deletum
2669 5152 2907 5223 penitus.
2939 5150 3078 5206 Hinc
3107 5150 3295 5221 igitur,
3329 5159 3389 5203 ut
3418 5147 3551 5212 dixi,
3584 5148 3653 5201 de

2052 5252 2337 5322 promissis
2366 5250 2432 5305 ad
2463 5264 2578 5306 rem
2611 5250 2784 5320 ipsam
2820 5245 3167 5302 conferendis
3199 5242 3475 5314 ambigere
3504 5239 3650 5293 haud

2051 5345 2346 5399 absurdum
2387 5352 2528 5398 erat.
2567 5342 2723 5409 Quod
2766 5339 2908 5394 Dens
2983 5350 3088 5392 non
3135 5336 3295 5401 sinit,
3342 5334 3443 5389 sed
3480 5329 3652 5386 contis

2052 5437 2292 5493 dendum
2319 5439 2590 5506 hortatur,
2617 5447 2672 5492 et
2696 5436 2983 5493 conﬁrmat
3008 5448 3103 5489 eos
3130 5433 3273 5487 hunc
3300 5430 3355 5482 in
3384 5425 3600 5481 modum
3631 5439 3647 5479 :

2055 5550 2076 5585 ι
2114 5531 2168 5587 Si
2202 5533 2533 5603 impossibile
2560 5533 2666 5587 erit
2694 5546 2878 5587 coram
2912 5527 3152 5597 reliquiis
3185 5522 3363 5595 populi
3394 5521 3551 5588 hujus
3584 5519 3638 5571 in

2050 5626 2242 5679 diebus
2268 5625 2394 5690 illis.
2421 5624 2681 5697 numquid
2702 5632 2755 5679 et
2778 5636 2963 5678 coram
2988 5634 3073 5673 me
3098 5615 3433 5686 impossibile
3451 5610 3592 5668 erit?
3618 5629 3640 5663 ι

3280 5796 3316 5826 ¹⁸
3348 5795 3489 5847 Ρεδί.
3534 5804 3647 5859 ευ,

2117 5812 2135 5839 ⁸
2181 5809 2323 5864 l’sal.
2368 5826 2508 5873 acer,
2548 5809 2596 5874 l,
2626 5805 2678 5858 ε.
2790 5805 2834 5835 ¹⁰
2867 5805 2972 5863 lsa.
3017 5814 3095 5864 ιιι,
3138 5799 3181 5849 l.
