4130 6494
507 381 604 439 ιιι

1541 378 1601 438 8.
1640 382 1922 440 CYRILLI
1959 384 2431 441 ALEXANDRINI
2470 382 2785 441 ARClllEP.

3684 385 3788 440 ΗΒ

505 498 660 562 Quod
686 497 832 552 enim
858 498 1009 552 vobis
1034 509 1115 553 cst
1144 498 1492 567 impussibile.
1521 500 1631 557 Duo
1661 517 1716 554 ut
1741 502 2074 571 onmiputcnt

2203 503 2303 568 δοῖ,
2337 502 2567 571 λέγων’(
2602 502 2665 556 Εἰ
2693 502 3018 572 ἀδυνατήσει
3042 498 3271 556 ἐνώπιον
3297 498 3408 553 τῶν
3434 498 3785 552 καταλοίπων

504 598 587 642 est
628 590 770 644 factu
812 589 989 644 facile.
1030 592 1147 660 Ipse
1190 596 1329 648 enim
1374 604 1455 647 est
1500 593 1756 648 Dominus
1795 595 2088 657 virtutum,

506 678 780 734 voluntate
818 679 1055 737 efﬁciens
1114 701 1234 753 quae
1271 696 1492 740 natura“
1522 700 1690 740 metas
1733 688 1890 757 longe
1932 704 2091 743 exce-

506 772 667 836 dunt,
700 780 756 826 et
788 774 922 827 citra
959 790 1166 832 morum
1208 777 1402 845 placita
1438 794 1533 831 sua
1566 780 1630 831 ad
1663 780 1866 833 exitum
1903 794 2091 847 perve-

505 862 602 914 Ιιὶι.
648 862 738 917 Ait
787 879 946 929 porro
992 866 1188 921 alicubi
1235 866 1436 922 Juilmis
1486 871 1625 924 Deus
1672 881 1724 925 et
1775 870 1954 936 Pater,
2003 886 2090 926 res

506 951 796 1019 prwclaras
816 969 881 1009 cx
904 954 1135 1010 adventu
1167 955 1464 1013 Salvator-is
1491 959 1661 1012 nostri
1688 960 1927 1013 orituras
1953 973 2089 1025 pra;-

505 1041 763 1096 nuntians
795 1062 809 1098 :
849 1063 867 1096 ι
901 1043 1112 1113 Videte,
1142 1057 1567 1117 contemptores,
1595 1057 1651 1104 et
1684 1050 2005 1117 resipiscite,
2034 1058 2090 1104 et

502 1134 868 1201 admiremini,
917 1138 1040 1206 quia
1066 1154 1202 1209 opus
1224 1156 1328 1211 ego
1351 1158 1546 1210 operor
1570 1143 1622 1195 in
1649 1142 1845 1197 diebus
1872 1143 2085 1205 vestris,

503 1225 646 1291 quod
672 1241 775 1279 non
799 1231 1062 1293 credetis,
1087 1231 1129 1285 si
1156 1232 1277 1300 quis
1302 1233 1601 1288 narraverit
1626 1233 1777 1287 vobis
1796 1234 1857 1286 “.
1883 1252 1902 1285 ι
1934 1233 2087 1300 Quod

502 1316 648 1370 ιιιιιιιι
683 1318 751 1371 ad
787 1334 1094 1376 sermonem
1136 1332 1381 1378 nostrum
1416 1326 1630 1390 attinet,
1661 1339 1879 1379 omnem
1917 1325 2082 1384 adtni-

501 1411 771 1467 ntionem
839 1428 1255 1482 sermonemque
1315 1416 1708 1472 incarnationis
1769 1417 2084 1488 mysterium

502 1515 731 1572 Superat
771 1523 783 1558 :
830 1507 1086 1562 similiter
1116 1510 1239 1563 inde
1275 1510 1341 1564 ad
1376 1525 1477 1566 nos
1520 1509 1764 1578 profecta
1799 1509 2082 1567 beneﬁcia.

502 1596 784 1661 Quomodo
806 1581 951 1655 snitu
980 1617 1084 1656 non
1110 1602 1212 1658 lide
1237 1602 1623 1671 propemodum
1650 1608 1830 1667 caret,
1849 1600 2083 1656 Verbum

499 1700 567 1739 ex
615 1684 724 1747 Deo
769 1698 951 1744 natum
996 1692 1201 1744 unitum
1246 1706 1367 1747 esse
1408 1692 1647 1761 corpori,
1685 1700 1741 1746 et
1781 1690 2085 1760 suscepisse

498 1776 731 1837 fortnam
756 1781 899 1836 servi
926 1784 991 1847 ιδ,
1018 1790 1072 1836 et
1098 1783 1427 1838 sustinuisse
1453 1798 1673 1838 crucem
1699 1784 1765 1848 ¹⁶,
1801 1792 2082 1838 contume-

2192 593 2288 649 τοῦ
2316 594 2448 648 λαοῦ
2502 595 2693 647 τούτου
2750 593 2810 645 ὲν
2864 594 2985 656 ταῖς
3012 595 3244 665 ἡμέραις
3277 590 3536 653 ἐκείναις,
3582 588 3658 659 μὴ
3689 589 3785 640 καὶ

2191 685 2427 740 ἐνώπιόν
2492 702 2595 757 μου
2662 684 3026 756 ἀδυνατήσει;
3083 704 3102 736 ι
3160 685 3227 737 Ὃ
3286 684 3396 754 γάρ
3445 683 3599 735 ἐστιν
3646 682 3784 749 ἡμῖν

2193 776 2495 845 ἀμήχανον,
2526 773 2937 845 εὐκατόρθωτον
2974 773 3177 845 δηλαδὴ
3204 772 3284 843 τῷ
3329 772 3510 825 πάντα
3541 768 3782 840 ἰσχύοντι

2190 868 2330 938 Θεῷ.
2366 868 2522 920 Ἔστι
2560 866 2669 937 γὰρ
2695 866 2859 928 αὐτὸς
2880 865 2908 917 ὁ
2931 864 3041 917 τῶν
3065 860 3345 933 δυνάμεων
3370 861 3595 931 Κύριος,
3631 860 3785 931 θελή-

2191 974 2275 1010 σει
2308 956 2528 1028 πληρῶν
2576 956 2670 1009 καὶ
2726 955 2797 1010 τὰ
2841 954 2961 1007 λίαν
3025 953 3303 1023 ὑπερφυῆ,
3354 952 3449 1006 καὶ
3477 953 3558 1014 είς
3604 953 3780 1023 πέρας

2189 1046 2338 1115 ἄγων
2361 1045 2627 1117 ἀμελλητὶ
2665 1044 2748 1122 τὸ,
2770 1044 2983 1098 δοκοῦν.
3032 1044 3176 1114 Ἔφη
3232 1042 3288 1095 δέ
3341 1058 3444 1095 πο)
3473 1040 3612 1112 πρὸς
3649 1042 3780 1096 Ἰου-

2189 1137 2370 1201 δαίους
2400 1139 2428 1190 ὁ
2460 1137 2593 1201 Θεὸς
2641 1136 2737 1190 καὶ
2784 1134 2997 1206 Πατὴρ,
3030 1134 3099 1188 τὰ
3129 1136 3193 1187 ἐκ
3248 1134 3347 1203 τῆς
3373 1132 3467 1186 τοῦ
3522 1133 3778 1204 Σωτῆρος

2189 1230 2345 1300 ἡμῶν
2379 1228 2674 1299 ξπιδημίας
2696 1227 3101 1299 προαναφωνῶν
3145 1224 3578 1297 κατορθώματα·
3640 1244 3657 1278 ι
3689 1225 3778 1277 Εἷ-

2187 1321 2327 1384 δετε,
2352 1322 2402 1373 οἱ
2429 1320 2861 1389 καταφρονηταὶ,
2893 1320 2988 1372 καὶ
3018 1317 3348 1387 ἐπιϐλέψατε
3371 1357 3385 1379 ,
3443 1319 3538 1370 καὶ
3563 1317 3781 1387 θαυμάο

2190 1429 2340 1475 σατε,
2358 1413 2440 1466 ὅτι
2465 1411 2627 1482 ἔργον
2656 1410 2767 1478 ἐγὼ
2789 1411 3092 1482 ἐργάζομαι
3115 1412 3174 1465 ὲν
3198 1412 3317 1472 ταῖς
3341 1409 3574 1479 ἡμέραις
3594 1408 3773 1478 ὑμῶν,

2186 1503 2307 1565 dou
2359 1502 2434 1574 μὴ
2492 1502 2859 1575 πιστεύσητε,
2923 1502 3020 1556 ἐάν
3080 1519 3165 1566 τις
3196 1501 3516 1571 ἐκδιηγῆται
3567 1501 3719 1570 ὑμῖν.
3750 1519 3770 1552 ι

2189 1591 2353 1646 Ὅσον
2380 1593 2479 1662 μὲν
2505 1593 2617 1664 γὰρ
2644 1594 2770 1665 ἥκει
2825 1596 2905 1658 εἰς
2952 1593 3146 1662 λόγους
3175 1592 3303 1655 τοὺς
3350 1592 3410 1644 ὲν
3449 1592 3605 1662 ἡμῖν,
3632 1591 3775 1662 ὑπὲρ

2187 1682 2370 1754 θαῦμα
2417 1684 2515 1737 καὶ
2555 1683 2711 1754 λόγον
2748 1684 2843 1738 καὶ
2880 1684 3011 1737 αὐτὸ
3049 1683 3110 1737 τὸ
3157 1683 3257 1753 τῆς
3309 1680 3778 1753 ὲνανθρωπήσεως

2190 1776 2528 1846 μυστήριον·
2588 1775 2740 1829 οὐδὲν
2773 1775 2831 1837 δὲ
2863 1769 3027 1847 ἦττον
3075 1774 3169 1831 καὶ
3215 1772 3287 1827 τὰ
3340 1771 3592 1829 ἐντεῦθεν
3641 1774 3777 1844 ήμίν

495 1869 709 1941 liaeque
743 1881 798 1927 et
826 1875 1049 1930 verbera
1070 1914 1085 1941 ,
1114 1884 1169 1928 et
1214 1889 1409 1929 vesana
1453 1873 1761 1930 Judmorum
1791 1872 2077 1944 opprobria

2186 1864 2531 1936 ἐκῦεὸηκότα
2577 1865 3002 1937 κατορθώματα.
3053 1864 3179 1927 Πῶς
3217 1863 3327 1933 γὰρ
3371 1864 3472 1917 οὐκ
3516 1863 3777 1927 ἀπιστίας

496 1964 825 2029 pertulisse?
857 1965 960 2019 Aut
994 1966 1268 2035 quomodo
1301 1966 1424 2035 quis
1461 1981 1566 2020 non
1603 1980 1947 2034 summopere
1982 1966 2082 2020 ad-

497 2052 728 2109 miretur
765 2053 931 2125 718
967 2055 1285 2110 osconomiae
1323 2056 1566 2120 exitum,
1608 2055 1824 2125 quando
1864 2057 2079 2110 destru-

493 2152 639 2206 ctum
667 2150 752 2199 est
776 2155 1089 2214 peccatum,
1118 2147 1394 2202 destructa
1425 2161 1603 2211 mors,
1639 2146 1922 2218 proﬂigata
1953 2161 2078 2202 coro

492 2237 705 2305 ruptio,
743 2246 799 2292 et
840 2237 1003 2293 homo
1055 2239 1184 2293 olim
1244 2238 1504 2308 fugitivus
1558 2238 1732 2308 gratia
1774 2237 2081 2308 adoptionis

493 2328 730 2396 ﬁliorum
767 2331 1023 2401 deinceps
1063 2330 1367 2387 illustratus
1402 2330 1680 2385 cernitur?
1717 2332 1902 2400 Itaque
1935 2331 2081 2386 dicat

489 2417 744 2484 Christus
787 2430 1009 2490 propter
1048 2421 1165 2477 haec
1205 2422 1318 2491 ipsa
1360 2438 1374 2476 :
1427 2439 1447 2473 ι
1495 2420 1553 2475 Si
1596 2421 1931 2487 impossibile
1974 2422 2081 2477 erit

490 2525 677 2579 coram
707 2512 949 2582 reliquiis
975 2513 1156 2583 pepuli
1185 2513 1343 2582 hujus
1371 2512 1425 2567 iu
1451 2513 1642 2569 diebus
1671 2513 1797 2579 illis,
1821 2515 2083 2582 numquid

490 2611 548 2656 et
590 2617 774 2657 coram
816 2619 903 2659 me
948 2603 1282 2672 impossibile
1327 2603 1468 2659 erit?
1513 2623 1533 2656 ι
1581 2602 1772 2659 Omnia
1817 2604 1963 2658 enim
2007 2603 2081 2658 illi

490 2692 631 2756 levia
665 2704 721 2750 et
753 2694 914 2766 plana
949 2704 1076 2751 sunt
1111 2714 1123 2752 :
1160 2704 1214 2751 et
1246 2693 1445 2751 volenti
1503 2694 1780 2765 quidpiam
1816 2695 2078 2749 eximium

491 2786 693 2851 facere,
726 2786 881 2852 nihil,
912 2789 1120 2857 opinor,
1155 2789 1453 2844 obnitetur.

2186 1958 2355 2025 ἐγγὺς
2394 1956 2487 2010 τὸν
2534 1959 2601 2011 ἐκ
2628 1957 2766 2011 Θεοῦ
2828 1956 3004 2027 φύντα
3045 1958 3218 2026 Λόγον
3273 1956 3542 2027 ὲνωθῆναι
3583 1955 3773 2027 σαρκὶ,

2187 2052 2282 2103 καὶ
2312 2052 2371 2102 ὲν
2391 2053 2458 2122 τῇ
2489 2049 2584 2103 τοῦ
2606 2049 2793 2104 δούλου
2818 2048 3073 2118 γενέσθαι
3121 2051 3326 2120 μορφῇ,
3361 2048 3457 2102 καὶ
3475 2048 3774 2119 ὑπομεῖναι

2187 2142 2442 2213 σταυρὸν,
2474 2141 2664 2214 ὕϐρεις
2688 2158 2746 2196 τε
2770 2143 2869 2195 καὶ
2893 2142 3078 2205 αἰκίας
3107 2142 3454 2209 ὑπενεγκεῖν.
3517 2138 3614 2193 καὶ
3673 2137 3775 2210 τῆς

2199 2234 2468 2288 Ἰουδαίων
2524 2234 2852 2306 ἀδελτηρίας
2887 2234 2990 2297 τὰς
3035 2233 3362 2305 παροινίας;
3404 2233 3476 2286 Ἦ
3526 2229 3644 2294 πῶς
3672 2230 3779 2284 οὐκ

2184 2326 2250 2382 ἄν
2277 2344 2364 2391 τις
2390 2328 2803 2399 ὑπεραγάσαιτο
2840 2328 2941 2399 τῆς
2992 2326 3306 2398 οἰκονομίας
3360 2325 3460 2397 τὴν
3511 2322 3773 2388 ἔκϐασιν,

2184 2420 2320 2474 ὅπου
2350 2419 2663 2491 καθῄρηται
2715 2419 2814 2489 μὲν
2847 2419 2881 2490 ἡ
2912 2417 3156 2489 ἁμαρτία
3175 2457 3190 2483 ,
3219 2417 3566 2487 κατήργηται
3592 2413 3652 2467 δὲ
3676 2412 3776 2470 καὶ

2182 2512 2213 2565 ὁ
2237 2512 2487 2579 θάνατος,
2521 2513 2618 2567 καὶ
2657 2511 2997 2583 ἀπελήλαται
3029 2508 3226 2581 φθορὰ,
3259 2510 3355 2562 καὶ⁵
3379 2509 3408 2562 ὁ
3439 2507 3609 2562 πάλαι
3633 2506 3774 2575 δρα-.

2182 2605 2356 2678 πέτης
2390 2605 2679 2676 ἅνθρωπος
2709 2606 2777 2675 τῇ
2809 2602 2910 2675 τῆς
2933 2602 3208 2666 υἱοθεσίας
3242 2602 3427 2673 χάριτι
3475 2599 3775 2670 κατηγλαῖ-

2184 2698 2382 2770 σμένος
2421 2698 2615 2769 ὁρᾶται
2664 2696 2890 2764 λοιπὸν;
2925 2695 3137 2750 Οὐκοῦν
3161 2695 3370 2764 λεγέτω
3404 2693 3639 2768 Χριστὸς
3678 2691 3775 2746 ἐπί

2169 2807 2249 2861 ,γε
2275 2791 2481 2853 τούτοις
2515 2791 2720 2854 αὐτοῖς’
2755 2810 2775 2842 ι
2809 2789 2871 2843 Ei
2894 2788 3219 2860 ἀδυνατήσει
3255 2787 3487 2842 ἐνώπιον
3520 2785 3631 2840 τῶν
3672 2800 3775 2838 κατ

486 2877 758 2932 ταλοίπων
792 2877 884 2932 τοῦ
931 2877 1062 2932 λαοῦ
1093 2878 1282 2932 τούτου
1313 2880 1371 2932 ἐν
1402 2882 1523 2945 ταῖς
1550 2880 1784 2951 ήμέραις
1844 2881 2115 2947 οέκείναις,
2155 2887 2229 2954 μὴ
2259 2882 2355 2937 καὶ
2383 2881 2614 2936 ἐνώπιόν
2681 2900 2783 2953 μου
2838 2881 3207 2953 ἀδυνατήσει;
3240 2901 3258 2933 ι
3290 2882 3424 2935 Asia
3450 2881 3559 2951 γὰρ
3593 2880 3775 2934 πάντα

486 2968 638 3039 αὐτῷ
663 2969 759 3023 καὶ
790 2968 1091 3040 ἱππήλατα,
1123 2969 1216 3023 καί
1241 2987 1294 3023 τι
1328 2970 1436 3023 τῶν
1497 2970 1812 3039 ἀναγκαίων
1841 2971 2077 3025 ἐθέλοντι
2108 2975 2430 3045 κατορῒοῦν,
2465 2974 2551 3045 εἴη
2589 2975 2677 3041 ἂν,
2714 2971 2890 3045 οἶμαι,
2918 2974 2978 3027 τὸ
3003 2973 3359 3027 ἀντιστατοῦν
3398 2973 3570 3027 οὐδέν.

563 3057 723 3117 Vens.
755 3056 812 3126 7,
844 3056 897 3112 8.
932 3056 1063 3112 Ha’c
1092 3058 1222 3111 dicit
1254 3057 1512 3113 Dominus
1543 3062 1866 3128 omnipotens
1895 3076 1914 3115 :
1947 3060 2077 3116 Ecce

2259 3064 2403 3119 Τάδε
2456 3065 2619 3135 λέγει
2666 3066 2880 3133 Κύριος
2923 3062 3381 3132 παντοκράτωρ’
3441 3064 3596 3119 Ἰδοὺ
3655 3064 3774 3134 ἐγὼ

487 3165 579 3221 ego
611 3150 784 3204 denuo
816 3147 960 3204 salvo
993 3150 1240 3219 populum
1278 3167 1449 3205 meum
1483 3152 1550 3205 de
1581 3161 1722 3206 terra
1756 3154 1996 3220 orientis,
2030 3164 2077 3209 et

487 3243 553 3297 de
590 3253 733 3296 terra
771 3240 1077 3307 occidentis,
1115 3252 1162 3295 et
1202 3242 1466 3297 adducam
1505 3259 1614 3310 eos,
1653 3254 1700 3297 et
1741 3242 1987 3298 habitabo
2025 3246 2079 3299 in

486 3338 662 3390 medio
683 3333 1002 3399 Jerusalem,
1027 3340 1079 3387 et
1103 3344 1250 3389 crum
1274 3335 1403 3389 mihi
1428 3335 1482 3388 in
1507 3335 1780 3407 populum,
1805 3346 1853 3392 et
1875 3352 1967 3409 ego
1988 3354 2077 3393 ero

488 3427 564 3486 eis
589 3427 647 3481 in
673 3426 843 3482 Deum
870 3425 927 3480 in
955 3425 1172 3481 veritate
1197 3435 1243 3481 et
1263 3424 1500 3496 justitia.
1918 3418 1923 3425 ’

557 3602 715 3658 XLII.
764 3601 1011 3658 Salvavit
1048 3603 1265 3674 quidem
1306 3612 1363 3659 et
1399 3603 1531 3659 olim
1578 3603 1721 3661 Deus
1761 3608 2074 3677 progeniem

484 3694 680 3760 Israel,
716 3694 856 3750 bello
890 3695 1163 3765 dispersos
1195 3694 1626 3766 Hierosolymam
1650 3712 2004 3767 congregans,
2022 3709 2077 3754 et

483 3787 736 3844 habitans
769 3788 911 3844 inter
940 3788 1093 3855 illos,
1129 3789 1255 3842 dum
1294 3789 1551 3860 templum
1588 3790 1826 3846 divinum
1863 3792 2071 3849 instau-

482 3881 631 3947 rari,
677 3896 894 3937 rursum
939 3883 1223 3938 sacriliciis
1268 3897 1390 3938 sese
1438 3884 1674 3954 placari,
1719 3894 1774 3942 et
1822 3888 2075 3957 precibus

482 3973 586 4045 coli
606 4016 620 4041 ,
641 3984 696 4030 et
718 3974 876 4031 l‘estis
897 3975 1088 4031 diebus
1113 3975 1336 4045 agendis
1362 3975 1619 4032 honorari
1643 3979 1928 4048 permittit.
1953 3978 2073 4033 Cne-

484 4079 657 4127 terum
691 4072 836 4139 quod
869 4069 1003 4123 dicit
1036 4083 1097 4124 se
1127 4084 1343 4124 rursum
1378 4070 1592 4125 salvare
1624 4071 1879 4141 populum
1914 4088 2070 4127 suum

479 4174 546 4222 ex
576 4160 786 4215 oriente
812 4170 869 4215 et
893 4161 1201 4229 occidente,
1230 4162 1519 4231 quadrabit
1551 4164 1602 4218 in
1635 4164 2068 4227 Emmanuelem,

479 4253 570 4320 qui
601 4262 771 4308 totum
799 4253 899 4307 sub
925 4252 1065 4310 coelo
1091 4256 1350 4308 mundmn
1376 4257 1610 4321 vocavit,
1636 4272 1760 4312 eum
1787 4272 1885 4326 per
1910 4257 2070 4311 [idem

480 4360 578 4401 ceu
613 4346 884 4401 verriculo
919 4361 948 4399 a
988 4346 1170 4400 mundi
1214 4347 1412 4402 finibus
1449 4363 1623 4419 usque
1657 4349 1903 4403 homines
1937 4362 2071 4403 cou-

2179 3152 2460 3215 ἀνασώζω
2484 3153 2592 3209 τὸν
2623 3155 2778 3209 λαόν
2829 3172 2949 3224 μου
2982 3153 3102 3209 ἀπὸ
3152 3152 3267 3223 τῆς
3292 3153 3635 3219 ἀνατολῶν,
3670 3154 3773 3209 καὶ

2178 3246 2298 3303 ἀπὸ
2334 3246 2450 3317 γῆς
2473 3245 2742 3315 δυσμῶν,
2793 3247 2893 3300 και
2931 3244 3155 3309 εἰσάξω
3181 3243 3425 3310 αὐτοὺς,
3452 3244 3552 3298 καὶ
3595 3262 3773 3299 κατα-

2178 3337 2477 3406 σκηνώσω
2501 3336 2756 3407 ἐνμέσῳ
2800 3336 3222 3407 Ἰερουσαλὴμ,
3269 3333 3370 3389 καὶ
3395 3333 3645 3388 ἔσονται
3666 3351 3772 3405 μοι

2178 3436 2265 3497 είς
2292 3431 2467 3497 λαὸν,
2503 3430 2667 3501 κάγὼ
2698 3430 2913 3500 ἔσομαι
2953 3429 3159 3497 αὐτοῖς
3206 3431 3294 3494 εις
3324 3429 3494 3496 Θεὸν,
3520 3427 3589 3481 ἐν
3618 3427 3771 3496 άλη-

2178 3525 2308 3590 θείᾳ
2336 3524 2432 3578 καὶ
2460 3523 2837 3592 δικαιοσύνῃ.

2212 3672 2217 3677 ι
2247 3614 2383 3669 MB’.
2417 3612 2636 3666 Σέσωκε
2657 3613 2757 3683 μὲν
2791 3613 2886 3666 καὶ
2922 3613 3091 3668 πάλαι
3115 3612 3247 3676 Θεὸς
3280 3612 3407 3675 τοὺς
3435 3609 3497 3675 ἐξ
3534 3608 3769 3679 αἵματος

2190 3705 2431 3778 Ἰσραὴλ,
2465 3706 3006 3777 κατεσκεδασμένους
3040 3706 3119 3776 τῷ
3161 3705 3385 3777 πολέμῳ
3429 3703 3771 3774 συναγείρων

2177 3799 2258 3862 είς
2310 3798 2682 3869 Ἱεροσόλυμα,
2736 3800 2831 3852 καὶ
2866 3799 3198 3869 κατοικήσας
3248 3799 3306 3849 ὲν
3354 3797 3556 3861 αὐτοῖς,
3589 3795 3682 3849 διά
3703 3813 3769 3864 γε

2174 3891 2272 3945 τοῦ
2295 3892 2390 3949 καὶ
2416 3891 2507 3946 τὸν
2527 3892 2670 3947 θεῖον
2697 3894 2911 3965 ἐγεῖραι
2942 3892 3092 3959 ναὸν,
3109 3892 3205 3946 καὶ
3233 3893 3448 3961 ἐφεῖναι
3474 3890 3637 3945 πάλιν
3665 3891 3770 3945 αὐ-

2174 3984 2290 4046 τοῖς
2322 3985 2443 4048 ταῖς
2472 3985 2614 4039 κατὰ
2644 3984 2808 4056 νόμον
2864 3983 3080 4046 θυσίαις
3132 3980 3651 4054 καταμειλίσσεσθαί
3706 3999 3769 4035 τε

2177 4075 2274 4128 καὶ
2301 4076 2694 4148 ἀποπεραίνειν
2740 4076 2928 4147 εὐχὰς,
2985 4077 3083 4131 καὶ⁸
3135 4075 3492 4146 ἀποπληροῦν
3548 4074 3765 4145 ἑορτάς.

2176 4165 2325 4235 Πλὴν
2356 4163 2417 4219 τὸ
2449 4166 2755 4231 ἀνασώζειν
2784 4166 2875 4222 τὸν
2928 4166 3059 4219 ἴδιον
3107 4167 3273 4235 φάναι
3325 4164 3454 4217 λαὸν
3486 4162 3545 4229 ἐξ
3573 4164 3771 4218 ἀνατοο

2175 4257 2283 4312 λῶν
2317 4258 2412 4312 καὶ
2463 4259 2707 4329 δυσμῶν,
2763 4259 2966 4328 πρέποι
3002 4256 3069 4311 ἂν
3128 4257 3353 4320 εἰκότως
3403 4255 3483 4327 τῷ
3550 4254 3763 4325 Ἐμμα-

2175 4350 2358 4422 νουὴλ,
2391 4349 2451 4413 ὃς
2486 4352 2671 4404 πᾶσαν
2698 4349 2924 4403 ἐκάλεσε
2951 4348 3051 4419 τὴν
3100 4348 3191 4401 ὑπ’
3220 4348 3472 4419 οὐρανὸν.
3506 4345 3770 4418 σαγηνεύ-

481 4438 670 4505 clusit,
707 4448 763 4494 et
797 4439 1106 4494 universam
1141 4438 1381 4508 gentium
1417 4440 1818 4495 multitudinem
1856 4441 1908 4494 in
1944 4455 2070 4495 vere

2182 4458 2280 4503 σας
2300 4439 2389 4493 διὰ
2412 4440 2513 4509 τῆς
2538 4441 2777 4503 πίστεως
2808 4440 2934 4503 τοὺς
2962 4439 3027 4492 ἐκ
3068 4438 3324 4510 περάτων
3360 4437 3463 4507 τῆς
3498 4436 3622 4507 γῆς.
3672 4436 3771 4489 καὶ

484 4543 728 4587 Sanctam
760 4540 814 4586 et
845 4531 987 4585 fama
1034 4530 1289 4603 inclytam
1318 4532 1618 4595 civitatem,
1649 4546 1772 4600 quae
1796 4539 1880 4585 cst
1911 4550 1930 4583 ι
1970 4533 2071 4585 Ee-

481 4625 645 4683 eiesia
682 4622 779 4681 Dei
809 4622 1039 4677 viventis
1061 4624 1124 4689 ιτ,
1164 4643 1183 4676 ι
1217 4633 1273 4679 et
1306 4625 1546 4681 cmlestis
1574 4622 1877 4680 Jerusalem
1896 4664 1911 4689 ,
1941 4638 2072 4678 con-

479 4716 742 4787 gregavit.
778 4715 1066 4771 Habitasse
1101 4725 1282 4772 autem
1320 4716 1469 4771 illum
1504 4716 1557 4770 in
1594 4716 1772 4771 medio
1802 4715 1918 4783 ejus
1946 4715 2070 4785 quis

481 4808 729 4864 dubitet?
756 4808 954 4875 Factus
977 4818 1059 4864 est
1082 4809 1348 4878 siquidem
1375 4809 1570 4864 similis
1595 4808 1789 4872 nostri,
1819 4825 1837 4858 ι
1867 4818 2067 4862 etcum

482 4902 791 4969 hominibus
816 4912 1168 4966 conversatus
1191 4911 1276 4958 est
1297 4903 1340 4935 ³⁸
1375 4922 1393 4955 ι
1427 4903 1479 4956 ἰιι
1509 4917 1694 4957 carne.
1722 4900 1778 4956 Id
1805 4901 1946 4970 quod
1973 4916 2068 4971 per

480 4995 645 5049 alium
679 4994 997 5064 prophetam
1031 4995 1172 5050 Deus
1203 4994 1606 5063 praenuntiavit,
1638 5009 1656 5043 ι
1687 4991 1932 5057 Coulide,
1961 5008 2066 5046 non

481 5084 849 5142 dissolvantur
875 5100 1068 5140 manus
1099 5093 1221 5139 tum.
1252 5082 1518 5149 Dominus
1552 5083 1693 5136 Deus
1725 5092 1849 5137 tuus
1877 5091 2071 5151 potens

478 5176 531 5229 iu
567 5187 619 5231 te
658 5174 889 5231 sztlvabit
920 5186 1004 5242 te,
1037 5175 1272 5231 adducet
1299 5188 1462 5242 super
1506 5184 1559 5230 te
1591 5174 1832 5231 lzntitiam
1854 5212 1868 5238 ,
1900 5183 1955 5228 et
1985 5174 2072 5227 in-

481 5267 706 5331 novabit
741 5276 794 5323 te
827 5267 879 5322 in
916 5267 1188 5323 charitate
1223 5281 1320 5321 Sua
1344 5266 1408 5321 ιθ.
1454 5285 1473 5323 ι
1516 5267 1659 5334 Quin
1695 5277 1751 5324 et
1786 5268 2070 5323 nobiscum

476 5370 561 5425 cst
591 5376 606 5415 :
641 5374 746 5414 non
782 5361 924 5421 enim
963 5358 1181 5427 reliquit
1215 5373 1313 5413 nos
1346 5360 1716 5428 orphanos”;
1752 5375 1851 5429 pro
1882 5374 1941 5413 se
1973 5374 2075 5413 au-

481 5460 587 5505 tem
621 5452 768 5507 misit
798 5450 1163 5514 Paracletum,
1197 5459 1250 5505 et
1284 5465 1379 5521 per
1404 5451 1579 5521 ipsum
1610 5452 1763 5507 adest
1794 5451 2067 5513 diligenti-

481 5540 581 5600 bus
605 5556 694 5608 se,
721 5544 863 5613 quod
899 5550 1131 5605 testatur
1153 5541 1260 5605 illis
1283 5542 1469 5601 verbis
1497 5562 1509 5599 :
1543 5564 1562 5596 ι
1595 5544 1734 5600 Ecce
1764 5559 1863 5614 ego
1887 5544 2066 5599 vobis-

554 5738 598 5813 ξξ
623 5739 824 5813 Hahae.
858 5756 896 5806 ι,
924 5742 982 5807 5;
1010 5744 1130 5799 Act.
1156 5744 1389 5807 Iun“.
1471 5745 1515 5776 "
1541 5743 1774 5813 Philipp.
1801 5758 1862 5811 tt,
1896 5743 1949 5809 6,
1980 5745 2030 5798 7.
2115 5744 2158 5776 ¹⁶
2182 5743 2346 5800 llebr.
2384 5759 2479 5811 ιιι,
2506 5742 2561 5798 2.
2641 5742 2680 5773 ¹⁷
2715 5741 2896 5796 l'l'im.
2931 5756 3014 5805 ut,
3043 5739 3128 5796 15.

502 5803 801 5890 "Sopbou.
836 5803 918 5888 ιιι,
954 5803 1043 5882 l6,
1088 5815 1172 5870 l7.
1250 5803 1295 5848 ²⁷⁰
1334 5814 1491 5881 Joan.
1535 5829 1646 5881 xlv,
1681 5803 1766 5869 l8.

2174 4535 2357 4587 πᾶσαν
2381 4531 2551 4586 ἐθνῶν
2602 4531 2804 4601 ἀγέλην
2864 4528 3292 4599 συναγηγερκὼς
3338 4529 3419 4592 είς
3460 4526 3559 4598 τὴν
3599 4524 3767 4594 ἁγίαν

2174 4623 2392 4696 ἀληθῶς
2417 4624 2513 4678 καὶ
2535 4623 2822 4695 διαϐόητον
2871 4622 3050 4682 πόλιν.
3074 4622 3197 4693 ἥτις
3227 4621 3375 4674 ἐστὶν
3410 4638 3427 4671 ι
3463 4617 3767 4688 Ἐκκλησία

2180 4717 2317 4771 Θεοῦ
2355 4716 2578 4781 ζῶντος,
2618 4735 2636 4767 ι
2688 4716 2724 4786 ή
2772 4715 3097 4786 ἐπουράνιος
3133 4711 3512 4783 Ἰερουσαλήμ.
3541 4711 3663 4763 Ὅτι
3707 4708 3767 4763 δὲ

2179 4809 2275 4862 καὶ
2298 4808 2612 4871 ἐσκήνωσεν
2648 4809 2706 4860 ἐν
2768 4807 2918 4877 μέσῳ
2949 4805 3142 4876 αὐτῆς,
3183 4804 3302 4867 πῶς
3340 4801 3488 4855 ἔστιν
3517 4800 3767 4871 ἀμφιϐαο

2176 4900 2329 4965 λεῖν;
2360 4900 2556 4969 Γέγονε
2585 4899 2693 4971 γὰρ
2729 4898 2851 4952 καθ’
2899 4899 3066 4970 ἡμᾶς,
3123 4916 3142 4948 ι
3170 4898 3266 4951 καὶ
3298 4899 3409 4959 τοίς
3454 4892 3767 4965 ἀνθρώποις

2182 4993 2601 5063 συνανεστράφη
2633 5012 2651 5044 ι
2699 4989 2841 5062 μετὰ
2892 4990 3112 5062 σαρκός.
3167 4987 3280 5042 Καὶ
3310 4986 3468 5040 τοῦτο
3518 4986 3652 5055 ἡμῖν
3697 4984 3781 5053 δι’,

2177 5086 2367 5157 ἐτέρου
2392 5085 2672 5156 προφήτου
2723 5083 2854 5148 Θεὸς
2895 5080 3294 5158 προανεφώνει,
3330 5079 3527 5147 λέγων·
3567 5095 3586 5127 ι
3620 5075 3768 5146 Θάρ-

2175 5194 2278 5242 σει,
2316 5176 2475 5242 Σιὼν,
2509 5179 2585 5248 μὴ
2623 5176 3006 5249 παρείσθωσαν
3052 5178 3107 5229 αἱ
3141 5174 3325 5245 χεῖρές
3355 5190 3472 5228 σου.
3501 5169 3705 5242 Κύριος
3734 5169 3765 5221 ὀ

2173 5270 2307 5334 Θεὸς
2330 5268 2555 5333 δυνατὸς
2601 5271 2659 5323 ὲν
2682 5326 2695 5339 _
2713 5269 2797 5322 σοὶ
2832 5267 2997 5322 σώσει
3034 5284 3117 5330 σε,
3151 5263 3344 5329 ἐπάξει
3374 5263 3464 5317 ἐπὶ
3488 5262 3549 5315 σε
3571 5261 3766 5331 εὐφρο·

2176 5361 2367 5433 σύνην,
2401 5361 2495 5417 καὶ
2527 5364 2727 5415 καινιεῖ
2752 5378 2811 5414 σε
2841 5363 2901 5415 ὲν
2925 5361 2992 5431 τῇ
3018 5360 3298 5430 ἀγαπήσει
3335 5354 3559 5411 αὐτοῦ.»
3600 5351 3764 5406 Ἀλλὰ

2177 5452 2273 5505 καὶ
2302 5451 2551 5506 σύνεστιν
2584 5453 2738 5522 ἡμῖν*
2771 5451 2833 5504 οὐ
2862 5452 2970 5521 γὰρ
2998 5450 3214 5519 ἀφῆκεν
3260 5448 3409 5519 ἡμᾶς
3455 5443 3757 5518 ὀρφανοὺς,

2178 5544 2431 5615 πέπομφε
2464 5545 2522 5598 δὲ
2547 5547 2680 5617 ήμϊν
2713 5542 2829 5598 ἀνθ’
2878 5541 3070 5596 ἑαυτοῦ
3114 5542 3207 5596 τὸν
3260 5537 3638 5610 Παράκλητον,
3668 5534 3763 5587 καὶ

3227 5739 3268 5770 η
3300 5734 3509 5792 Baruclt
3548 5750 3629 5801 ttt,
3657 5733 3750 5791 38.
