4130 6478
343 365 449 420 H7

1174 358 1732 421 COMMENTARIUS
1773 363 1837 418 IN
1880 361 2288 420 ZACIIARIAM
2328 359 2771 418 PIKOPIIETAM.

3545 359 3649 415 H8

338 481 568 535 σύνεστι
596 479 666 533 δι’
697 478 866 534 αὐτοῦ
896 481 1008 542 τοῖς
1047 478 1337 548 ἀγαπῶσιν
1368 479 1553 545 αὐτὸν,
1605 482 1702 535 καὶ
1748 483 1949 554 πληροο
1978 538 1979 543 η

2066 497 2172 536 :um
2196 496 2314 536 sum
2337 480 2588 535 omnibus
2611 477 2821 541 diebus,
2842 490 3013 547 usque
3036 476 3100 530 ad
3121 474 3646 532 consummationem

339 575 601 647 φορήσει,
632 573 826 644 λέγων’
864 592 883 625 ι
933 572 1098 642 Ἰδοὺ,
1124 570 1237 640 ἐγὼ
1269 571 1388 643 μεθ’
1415 572 1570 643 ὑμῶν
1622 575 1740 645 εἰμι
1768 574 1951 639 πάσας

338 668 441 732 τὰς
472 667 712 740 ἡμέρας,
764 667 871 732 ἕως
902 669 1003 738 τῆς
1040 666 1355 730 συντελείας
1381 667 1478 721 τοῦ
1523 667 1740 733 αἰῶνος.
1784 688 1804 722 ι
1848 669 1949 723 Γέ-

337 775 471 828 γονε
507 759 689 813 τοίνυν
710 760 880 815 αὐτοῦ
909 760 1041 824 λαὸς
1078 759 1133 814 οἵ
1174 777 1306 814 ποτε
1335 762 1395 815 οὐ
1423 762 1563 824 λαοὶ,
1612 762 1707 815 καλ⁸
1754 764 1802 816 oi
1840 762 1948 815 τῶν

335 852 512 907 λίθων
542 854 953 925 προσκυνηταὶ,
977 854 1080 923 τὴν
1122 853 1359 924 ἀρχαίαν
1379 854 1475 908 καὶ
1506 853 1735 925 βέϐηλον
1775 871 1946 908 κατα-

336 947 752 1016 μυσαττόμενοι
796 945 1091 1015 πλάνησιν,
1148 944 1281 998 Θεὸν
1300 945 1465 1000 αὐτὸν
1483 945 1939 1017 ἐπεγραψάμεθα,

334 1038 439 1091 καὶ
477 1037 672 1091 τοῦτον
709 1057 727 1089 ι
762 1038 821 1090 ὲν
859 1037 1092 1110 ἀληθείᾳ
1143 1038 1237 1092 καὶ
1259 1036 1601 1109 δικαιοσύνῃ.
1636 1056 1652 1090 ι
1707 1036 1782 1090 Οὐ
1834 1037 1944 1108 γὰρ

337 1131 401 1182 ὲν
430 1128 534 1200 ἴσῳ
554 1130 668 1193 τοῖς
701 1128 797 1183 τοῦ
823 1130 1153 1202 γράμματος
1189 1130 1384 1201 φίλοις,
1419 1129 1613 1193 τύποις
1638 1130 1734 1183 καὶ
1766 1132 1946 1194 σκιαῖς

339 1219 731 1291 προσκείμεθα
750 1260 766 1289 ,
796 1219 1238 1292 παραδεξάμενοι
1260 1221 1318 1275 δὲ
1354 1221 1556 1292 μᾶλλον
1579 1222 1661 1284 είς
1705 1220 1832 1274 νοῦν
1855 1221 1949 1275 καὶ

337 1310 578 1381 καρδίαν
610 1310 713 1383 τὴν
743 1310 855 1366 τῶν
883 1311 1263 1382 εὐαγγελικῶν
1288 1313 1665 1383 κηρυγμάτων
1696 1312 1947 1384 λαμπρό⁹

334 1420 518 1472 τητα,
562 1403 665 1477 τὴν
716 1403 892 1476 ἀληθῆ
941 1403 1208 1475 τελοῦμεν
1261 1404 1550 1474 λατρείαν,
1605 1405 1702 1459 καὶ
1733 1406 1831 1475 τῆς
1855 1406 1949 1460 ἀν-

335 1494 612 1566 δανούσης
633 1497 785 1569 αὐτῷ
808 1495 1158 1569 δικαιοσύνης
1194 1497 1364 1569 ἀπρὶξ
1408 1498 1682 1569 ἐχόμενοι,
1743 1500 1841 1570 τὴν
1889 1500 1947 1552 ὲν

340 1587 625 1660 πνεύματι
652 1588 974 1662 πληροῦμεν
1003 1588 1397 1661 προσκύνησιν.
1437 1606 1456 1641 ι
1501 1588 1730 1661 Πνεῦμα
1756 1590 1865 1663 γάρ
1917 1592 1947 1645 ὁ

2050 576 2232 632 saeculi
2258 576 2325 628 ἰ.
2367 592 2386 626 ι
2426 572 2632 629 Factus
2666 582 2748 626 est
2784 572 2947 640 igitur
2979 569 3207 639 populus
3241 569 3379 637 ejus,
3416 569 3506 637 qui
3545 569 3645 623 ali-

2049 668 2267 737 quando
2295 681 2401 722 non
2436 664 2664 736 populus
2683 664 2729 694 "
2763 682 2776 718 :
2809 671 2863 719 et
2896 662 2988 733 qui
3026 661 3230 729 lapides
3260 662 3489 715 adorare
3514 658 3652 714 sole-

2050 763 2271 828 bamus,
2307 770 2547 814 veterem
2592 766 2647 812 et
2705 756 2978 826 impurum
3009 770 3251 810 errorem
3284 755 3657 817 detestantes,

2048 857 2222 925 ipsum
2257 853 2413 909 nobis
2446 853 2613 907 Deum
2649 850 2966 917 ascivimns,
3000 859 3055 903 et
3088 851 3232 903 hunc
3272 866 3288 899 ι
3339 848 3391 902 iu
3430 848 3658 901 veritate

2051 958 2104 1003 ct
2126 947 2360 1018 justitia.
2391 966 2412 1000 ι
2444 945 2560 1001 Non
2587 945 2733 1001 enim
2764 945 2909 1000 sicut
2934 945 3135 1014 quibus
3163 942 3348 996 littera
3374 940 3526 997 cordi
3553 950 3659 1002 est,

2054 1041 2195 1113 typis
2219 1047 2275 1095 et
2304 1038 2513 1093 umbris
2545 1036 2892 1093 adbazremus
2915 1052 2931 1091 :
2958 1037 3088 1107 quin
3123 1035 3305 1105 potius
3337 1033 3574 1088 admissa
3607 1032 3659 1083 in

2054 1133 2296 1186 animum
2350 1130 2792 1199 evangelicarum
2859 1127 3309 1197 prmdicationutu
3374 1125 3660 1182 claritate,

2056 1223 2222 1295 719
2253 1238 2439 1279 verum
2480 1222 2685 1277 cultum
2722 1220 3080 1283 exhibemus,
3116 1229 3174 1275 et
3209 1233 3373 1289 quam
3413 1216 3504 1270 ilIe
3539 1231 3663 1286 pro-

2057 1317 2147 1371 bat
2181 1315 2408 1387 justitiae
2447 1314 2627 1380 alIIxi,
2673 1313 3050 1370 adorationcm
3097 1312 3151 1366 in
3194 1310 3394 1381 spiritu
3434 1316 3663 1377 praesta-

2055 1423 2195 1464 mus.
2221 1427 2239 1460 ι
2261 1406 2498 1478 Spiritus
2525 1408 2669 1464 enim
2703 1415 2790 1464 est
2817 1406 2981 1472 Deus,
3004 1425 3022 1459 ι
3046 1415 3105 1460 ut
3135 1405 3250 1475 ipse
3281 1402 3451 1457 Filius
3479 1400 3617 1457 dixit
3646 1416 3659 1451 :

2057 1519 2079 1553 ι
2118 1510 2173 1556 et
2198 1504 2495 1558 adorantes
2535 1516 2683 1569 eum,
2741 1500 2795 1556 in
2852 1500 3069 1572 spiritu
3096 1508 3155 1557 et
3191 1496 3423 1554 veritate
3450 1501 3666 1566 oportet

2053 1593 2285 1650 adorare
2301 1593 2398 1648 υ.»

338 1680 502 1747 Θεὸς,
528 1699 548 1734 ι
586 1680 736 1739 καθά
768 1698 934 1755 φησιν
977 1682 1141 1747 αὐτὸς
1188 1683 1218 1736 ὁ
1260 1682 1407 1752 Υἱὸς,
1446 1700 1465 1735 ι
1491 1684 1587 1739 καὶ
1623 1684 1753 1749 τοὺς
1812 1686 2257 1754 προσκυνοῦντας
2291 1688 2477 1756 αὐτὸν,
2538 1690 2596 1742 ὲν
2637 1685 2915 1760 πνεύματι
2946 1685 3044 1741 καὶ
3089 1682 3322 1756 ἀληθείᾳ
3365 1680 3447 1735 δεῖ
3498 1694 3668 1751 προσ-

339 1777 535 1831 κυνεῖν
592 1793 615 1827 ι

425 1855 575 1922 Τάδε
627 1868 796 1940 λέγει
840 1869 1060 1939 Κύριος
1107 1869 1534 1940 παντοκράτωρ
1557 1885 1571 1899 ο
1618 1869 1668 1925 Κ
1671 1868 1951 1940 ατισχυέ-

2123 1863 2296 1927 Vens.
2330 1869 2383 1926 9.
2415 1850 2547 1924 Iith
2578 1870 2706 1924 dicit
2732 1868 2987 1924 Dominus
3034 1866 3358 1935 omnipotens
3387 1879 3408 1920 :
3444 1862 3671 1933 Confer-

338 1975 557 2014 τωσαν
582 1962 646 2015 αι
682 1961 880 2032 χεῖρες
910 1953 1081 2032 ὑμῶν
1131 1961 1256 2019 τῶν
1313 1963 1663 2018 ἀκουόντων
1712 1963 1782 2019 ἐν
1825 1963 1956 2031 ταῖς

340 2051 603 2122 ⁴ἡμέραις
626 2053 868 2119 ταύταις
891 2051 1034 2121 τοὺς
1079 2054 1305 2123 λόγους
1344 2054 1600 2121 τούτους
1634 2054 1706 2109 ἐκ
1735 2055 1958 2125 στόμαο

345 2160 455 2210 τος
483 2141 610 2216 τῶν
633 2141 979 2213 προφητῶν,
1026 2142 1130 2213 ἀφ’
1156 2139 1234 2215 ἧς
1261 2143 1490 2216 ἡμέρας
1543 2147 1958 2217 τεθεμελίωται

345 2239 383 2290 ό
414 2231 584 2303 οἶκος
632 2234 864 2304 Κυρίου
911 2234 1422 2308 παντοκράτορος,
1465 2237 1564 2293 καί
1597 2240 1630 2293 ὁ
1667 2238 1817 2307 ναὸς
1854 2238 1956 2309 ἀφ’

346 2322 424 2384 οὗ
457 2326 853 2398 ᾠκοδόμηται.

418 2419 558 2477 MI".
602 2421 980 2495 ’Υπισχνεῖται
1003 2424 1103 2496 μὲν
1136 2425 1251 2489 τοῖς
1283 2423 1575 2494 ἀγαπῶσιν
1605 2423 1769 2478 αὐτὸν
1802 2422 1958 2477 ότῶν

346 2515 493 2569 ὅλων
521 2515 658 2580 θεὸς
693 2516 764 2569 τὶ
794 2516 938 2589 ὑπὲρ
981 2516 1176 2571 ἐλπίδα
1231 2515 1515 2582 πολλάκις,
1542 2515 1874 2589 ψευδομυθεῖ
1902 2515 1960 2569 δὲ

348 2606 634 2678 οὐδαμῶς,
678 2607 798 2662 ἀλλ’
830 2607 939 2680 ἰδίᾳ
993 2608 1226 2680 δυνάμει
1276 2608 1373 2663 καὶ
1428 2608 1765 2682 ἀπορρήτοις
1815 2607 1960 2661 τισὶν

349 2701 663 2772 ἐνεργείαις
687 2701 1056 2774 ἀποπεραίνει
1087 2701 1232 2757 κατὰ
1273 2703 1522 2775 καιροὺς,
1546 2703 1693 2775 ἅπερ
1744 2702 1811 2758 ἂν
1832 2701 1960 2773 βού-

350 2795 520 2857 λοιτο,
553 2795 650 2848 καὶ
672 2794 796 2849 λίαν
828 2795 1062 2851 ἀκονιτί.
1093 2794 1303 2866 Πρέποι
1331 2795 1375 2849 δ’
1398 2795 1465 2850 ἂν
1489 2797 1638 2868 ἡμᾶς
1669 2796 1771 2850 οὐκ
1800 2794 1962 2849 ἀσθε-

353 2887 585 2952 νοῦντας
604 2890 673 2960 τῇ
694 2888 898 2953 πίστει,
921 2890 1102 2962 πάντη
1125 2907 1186 2944 τε
1208 2890 1304 2944 καὶ
1321 2889 1544 2954 πάντως
1559 2892 1962 2964 ἐπιμαρτυρεῖν

353 2979 529 3052 αὐτῷ,
550 2981 614 3034 τὸ
632 2980 815 3035 πάντα
845 2981 1110 3037 δύνασθαι
1134 2982 1509 3053 διαπεραίνειν
1541 2981 1784 3046 εὐκόλως
1807 2998 1823 3015 ·
1862 2983 1961 3036 ἀνα

2059 1971 2238 2017 tentur
2266 1979 2457 2018 manus
2485 1972 2691 2028 vestrm,
2716 1961 2811 2032 qui
2842 1960 3047 2015 auditis
3103 1960 3159 2013 in
3187 1958 3371 2011 diebus
3403 1958 3522 2011 istis
3553 1971 3667 2011 ser-

2058 2070 2235 2109 mones
2264 2054 2359 2110 hos
2397 2071 2462 2110 ex
2486 2071 2575 2109 ore
2620 2054 3021 2125 prophetarum,
3062 2065 3129 2105 ea:
3180 2065 3289 2120 qua
3321 2048 3408 2102 die
3441 2046 3671 2117 [undam

2057 2159 2134 2203 est
2167 2148 2354 2203 domus
2387 2147 2602 2203 Domini
2658 2144 3051 2217 omnipotentis,
3101 2150 3153 2198 et
3188 2139 3441 2213 templum
3472 2155 3536 2196 ex
3565 2155 3675 2210 quo

2061 2238 2393 2310 anti/icatum
2429 2248 2530 2295 est.

2131 2424 2316 2491 XLIII.
2353 2426 2715 2497 Diligentibns
2749 2439 2811 2481 se
2852 2421 3233 2479 universorum
3298 2417 3440 2472 Deus
3481 2414 3679 2471 crebro

2061 2520 2211 2576 omni
2243 2534 2342 2591 spe
2372 2519 2578 2590 majora
2610 2516 2900 2589 promittit,
2933 2528 3035 2572 nec
3063 2513 3203 2569 fallit
3233 2511 3341 2567 ullo
3370 2508 3552 2574 modo,
3579 2509 3675 2563 scd

2063 2614 2266 2669 virtute
2326 2627 2425 2669 sua
2480 2619 2538 2668 et
2584 2607 3054 2680 inexplicabilibns
3081 2605 3405 2677 quibusdam
3437 2596 3678 2654 ellicien-

2066 2707 2154 2762 tiis
2248 2713 2473 2776 praestat
2527 2703 2642 2762 suis
2692 2702 3047 2773 temporibus,
3102 2707 3158 2753 et
3215 2694 3475 2750 facillime
3556 2704 3677 2759 quae

2067 2800 2318 2857 voluerit.
2384 2798 2555 2854 Decet
2624 2806 2806 2852 autem
2858 2808 2960 2849 nos
3011 2791 3067 2846 in
3129 2789 3236 2844 ﬁde
3264 2801 3373 2843 non
3429 2785 3678 2841 labantes

2068 2889 2436 2948 testimonium
2487 2887 2652 2954 dare,-
2672 2902 2798 2944 eum
2825 2882 3042 2942 edicere
3068 2878 3253 2938 omnia
3283 2878 3434 2934 nullo
3457 2878 3681 2948 negotio

2064 2998 2263 3057 posse:
2309 2989 2365 3037 et
2418 2993 2566 3036 Viros
2628 2993 2730 3033 nos
2768 2976 3014 3049 praebere
3071 2974 3139 3027 ad
3193 2983 3357 3039 opera
3415 2983 3511 3040 per
3556 2982 3679 3037 quae

352 3069 639 3140 ὁρίζεσθαι
664 3070 724 3125 δὲ
748 3072 888 3145 πρὸς
918 3071 1056 3144 ἔργα
1085 3073 1153 3126 δι’
1186 3065 1263 3127 ὧν
1298 3072 1538 3142 ἐσόμεθα
1563 3071 1832 3145 λαμπροὶ,
1868 3071 1964 3126 καὶ

2067 3069 2453 3135 claritudinem
2502 3084 2927 3141 consequemur,
2962 3075 3017 3123 et
3068 3065 3362 3138 probitatis
3410 3076 3675 3118 coronam

353 3162 446 3216 τὸν
480 3162 685 3234 εὐκλεῆ
710 3163 812 3235 τῆς
831 3166 1135 3230 ἐπιεικείας
1163 3165 1648 3239 ἀποκερδανοῦμεν
1674 3166 1960 3237 στέφανον,

2068 3171 2361 3244 gloriosam
2422 3167 2806 3238 acquiremus;
2863 3162 3249 3233 obtemperare
3292 3157 3508 3214 demum
3563 3153 3681 3222 eius

357 3231 798 3312 καταπείθεσθαί
827 3275 889 3312 τε
927 3260 1040 3323 τοῖς
1069 3260 1202 3331 παρ’
1253 3231 1421 3314 αὐτοῦ
1468 3231 1672 3328 λόγοις,
1834 3231 1963 3314 ποδέ

2070 3231 2436 3327 sermonibus,
2484 3268 2540 3315 et
2567 3258 2791 3315 studere
2847 3257 3013 3311 duces
3052 3231 3208 3324 sequi
3244 3250 3363 3307 illos
3437 3248 3530 3319 qui
3585 3261 3682 3314 per

354 3350 533 3418 ηγούς
554 3349 831 3404 ποιεῖσθαι
855 3349 1182 3415 σπουδάζειν
1213 3348 1343 3413 τοὺς
1359 3391 1373 3416 ,
1409 3349 1574 3421 οἵπερ
1601 3348 1668 3405 ἂν
1691 3345 1803 3404 εἷεν
1818 3348 1964 3405 κατά

2072 3366 2322 3425 tempora
2336 3350 2496 3409 nobis
2515 3349 2702 3407 divina
2732 3345 2953 3404 oracula
2969 3342 3115 3400 nulla
3142 3340 3345 3399 erroris
3371 3337 3681 3410 suspicione

357 3444 591 3516 καιροὺς
624 3445 737 3500 τῶν
767 3444 928 3501 θείων
956 3448 1092 3518 ἡμῖν
1126 3444 1520 3518 θεσπισμάτων
1562 3443 1965 3499 ἀπλανέστατοι

2072 3453 2369 3521 apportant
2418 3454 2474 3500 et
2524 3443 2843 3515 explanant.
2869 3436 3130 3495 Promisit
3178 3444 3364 3498 autem
3415 3432 3682 3491 Dominus

356 3536 736 3608 διακομισταί.
794 3536 1296 3608 Κατεπηγγέλλετο
1340 3537 1400 3592 δὲ
1450 3540 1480 3591 ό
1546 3537 1753 3608 Κύριος
1805 3537 1966 3611 ἡμῶν

371 3626 586 3697 Ἰησοῦς
616 3627 856 3698 Χριστὸς
884 3628 974 3684 διὰ
999 3629 1111 3683 τῶν
1149 3628 1324 3698 ἁγίων
1349 3628 1648 3702 προφητῶν
1670 3628 1741 3683 τά
1772 3630 1839 3684 ὲκ
1864 3632 1966 3700 τῆς

359 3718 834 3792 ὲνανθρωπήσεως
857 3720 1062 3790 ἀγαθὰ,
1086 3722 1184 3776 καὶ
1209 3722 1335 3775 ὅσον
1359 3721 1457 3794 μὲν
1489 3723 1617 3794 ἥκει
1650 3723 1732 3786 είς
1754 3722 1852 3776 ἀνθ
1862 3739 1967 3794 ρωο

360 3810 524 3875 πίνας
558 3812 790 3880 ἑννοίας,
825 3812 1107 3879 ἀπιστίαν,
1138 3811 1215 3876 ὡς
1236 3811 1396 3884 ἔφην,
1420 3812 1480 3866 οὐ
1517 3814 1737 3885 μακρὰν
1765 3811 1855 3866 τὸν
1881 3811 1968 3866 λό-

361 3920 460 3973 γον
485 3903 674 3971 ἐτίθει,
699 3904 811 3959 τῶν
837 3905 1197 3978 χαρισμάτων
1216 3904 1277 3959 τὺ
1299 3903 1531 3976 μέγεθος
1555 3902 1960 3976 ἀφηγούμενος.

374 3997 519 4052 Ἀλλ’
552 3998 614 4052 ἐν
661 3996 846 4053 πίστει
894 3996 1246 4069 πεποιήμεθα
1295 3997 1394 4051 καὶ
1448 3995 1519 4051 τά
1548 3996 1692 4069 ὑπὲρ
1726 3996 1964 4063 ἔννοιαν,

360 4094 477 4155 τοῖς
502 4091 604 4163 τῆς
626 4091 912 4155 εὐσεϐείας
937 4091 1249 4165 ὑφηγηταίς
1269 4090 1452 4162 εὐαφῆ
1475 4090 1676 4161 τρόπον
1702 4090 1822 4145 τινὰ
1873 4089 1969 4144 καὶ

362 4185 582 4256 εὐήνιον
610 4184 704 4240 τὸν
753 4185 855 4256 τῆς
881 4183 1124 4249 διανοίας
1158 4182 1454 4247 δεδωκότες
1497 4182 1722 4253 αὐχένα.
1756 4181 1969 4253 Καιρὸς

362 4276 422 4330 δὲ
449 4277 480 4329 ό
510 4276 743 4348 πρέπων
795 4279 918 4340 ταῖς
955 4275 1068 4330 τῶν
1104 4274 1328 4344 ἀγαθῶν
1380 4276 1708 4347 χορηγίαις,
1764 4275 1965 4347 καὶοτῇ

363 4368 501 4442 παρ’
520 4367 682 4439 ἡμῶν
710 4366 892 4422 αὐτῶν
919 4368 1170 4440 ὑποταγῇ
1200 4367 1305 4438 τῆς
1341 4367 1672 4438 Ἐκκλησίας
1695 4369 1728 4440 ή
1755 4368 1971 4421 ἀνάδει-

362 4463 474 4530 ξις.
499 4460 615 4516 Θᾶα
646 4462 756 4533 γὰρ
784 4463 937 4527 ὅπως
964 4461 1059 4516 καὶ
1089 4461 1160 4516 τὰ
1186 4461 1320 4534 πρὸς
1354 4460 1512 4533 ἡμῶν
1542 4460 1911 4532 προσέταττεν
1941 4460 1972 4515 ὁ

362 4560 478 4614 τῶν
503 4556 644 4614 ὅλων
681 4558 817 4623 Θεὸς
863 4558 1202 4630 κατισχύειν,
1252 4557 1349 4612 καὶ
1396 4557 1536 4631 ἔργα
1586 4557 1851 4631 πληροῦν,
1875 4558 1970 4613 καί

360 4653 484 4713 τοῖς
517 4650 631 4704 τῶν
676 4649 980 4723 προφητῶν
1033 4648 1425 4704 κατατίθεσθαι
1461 4650 1664 4718 λόγοις,
1731 4668 1750 4702 ι
1778 4651 1873 4719 ἀφ’
1904 4644 1974 4722 ἧς

362 4744 588 4814 ἡμέρας
612 4743 1009 4814 τεθεμελίωται
1041 4744 1070 4797 ό
1095 4735 1244 4807 οἶκος
1262 4742 1472 4816 Κυρίου
1509 4742 1974 4815 παντοκράτορος,

366 4836 464 4890 καὶ
483 4838 513 4889 ό
536 4837 664 4900 ναὸς
684 4836 780 4907 ἀφ’
805 4828 868 4889 οὗ
890 4836 1262 4908 ᾠκοδόμηται.
1287 4855 1306 4889 ι

440 4931 602 4983 Διότι
663 4929 777 4999 πρὸ
827 4927 950 4982 τῶν
1000 4927 1239 4998 ’ἡμερῶν
1266 4928 1497 4984 τούτων
1533 4931 1567 4983 ό
1588 4928 1813 4998 μισθὸς
1844 4928 1976 4993 dr-

366 5020 622 5090 θρώπων
654 5022 768 5075 οὐκ
793 5021 968 5074 ἔσται
1006 5024 1096 5087 εις
1126 5019 1372 5088 ὄνησιν,
1403 5019 1504 5074 καί
1539 5023 1573 5075 ό
1598 5019 1820 5090 μισθός
1854 5017 1978 5073 τῶν

366 5113 616 5183 κτηνῶν
661 5115 780 5183 οὐχ
806 5111 1086 5182 ὑπάρξει,
1119 5111 1219 5166 καί
1258 5110 1340 5177 τῷ
1376 5110 1834 5183 ἐκπορευομένῳ
1876 5110 1977 5165 καί

363 5205 450 5271 τῷ
500 5201 991 5274 είσπορευομένφ
1028 5205 1142 5257 οὐκ
1200 5202 1377 5256 ἔσται
1424 5201 1636 5272 εἰρήνη
1693 5201 1813 5257 ἀπὸ
1862 5198 1974 5267 τῆς

362 5299 656 5368 θλίψεως.
707 5294 825 5350 Καὶ
873 5293 1270 5361 ἐξαποστελῶ
1306 5291 1540 5360 πάντας
1568 5294 1705 5361 τοὺς
1755 5293 1974 5364 ἀνθρώ-

361 5408 546 5458 πους,
568 5389 839 5445 ἕκαστον
875 5387 1025 5458 πρὸς
1056 5389 1164 5443 τὸν
1210 5372 1485 5454 πλησίον
1510 5387 1719 5444 αὐτοῦ.

432 5485 572 5540 MA’.
622 5483 689 5538 Ἠ
719 5482 833 5537 τῶν
882 5482 1154 5555 Ἐϐραίων
1183 5480 1399 5546 ἐκδοσις
1426 5482 1527 5553 οὐχ
1574 5481 1652 5546 ὡς
1704 5482 1800 5537 ἐπὶ
1841 5480 1976 5554 μέλ-

358 5577 553 5641 λοντος
589 5574 789 5645 καιροῦ
825 5577 1060 5630 ποιεῖται
1094 5575 1223 5639 τοὺς
1256 5572 1470 5644 λόγους,
1496 5573 1691 5646 χρόνον
1710 5574 1769 5629 δὲ
1788 5574 1974 5645 τίθησι

359 5668 457 5723 τὸν
489 5665 888 5739 παρῳχηκότα.
924 5684 944 5718 ι
984 5666 1100 5738 Πρὸ
1152 5666 1263 5738 γὰρ
1292 5665 1402 5723 τῶν
1444 5665 1671 5740 ἡμερῶν
1704 5667 1932 5727 ἐκείνων
1956 5706 1972 5733 ,

434 5844 480 5883 ³⁸
514 5852 713 5911 Matth.
752 5868 943 5915 xxvm.
979 5851 1069 5905 20.
1150 5854 1195 5885 "
1223 5853 1361 5907 Uscc
1404 5867 1461 5916 ιι,
1499 5849 1588 5902 ει.

2072 3551 2264 3601 noster
2285 3538 2446 3597 Jesns
2472 3537 2722 3595 Christus
2755 3549 2851 3607 pcr
2884 3541 3105 3590 sanctos
3159 3530 3459 3605 prophetas
3521 3527 3665 3581 bona

2076 3650 2145 3690 ex
2175 3630 2554 3689 incarnatione
2580 3635 2995 3700 promanatura,
3018 3633 3076 3679 et
3108 3622 3257 3692 quod
3293 3620 3360 3674 ad
3389 3617 3680 3689 cogitatio-

2077 3741 2175 3783 nes
2196 3724 2416 3797 quidem
2444 3722 2714 3779 humanas
2734 3719 2951 3784 attinet,
2980 3713 3353 3773 incredibilem
3375 3711 3680 3768 orationem

2076 3818 2277 3885 attulit,
2328 3823 2391 3871 ut
2442 3814 2554 3870 disi
2613 3812 2776 3884 paulo
2832 3820 2983 3877 ante,
3058 3823 3184 3865 cum
3245 3802 3678 3877 magnitudinem

2076 3909 2469 3970 beneﬁciorum
2488 3919 2840 3977 exponerem.
2873 3902 3077 3959 Verum
3110 3899 3234 3955 ﬁdei
3297 3894 3683 3953 mandavimus

2077 4018 2200 4073 quas
2223 4003 2276 4058 in
2310 3999 2698 4073 cogitationem
2731 4006 2980 4054 nostram
3006 4010 3114 4050 non
3144 3992 3435 4055 cadebant,
3459 3987 3684 4060 pietatis

2077 4096 2304 4154 ducibus
2333 4094 2601 4151 cervicem
2653 4090 2852 4147 mentis
2877 4098 3076 4145 nostrae
3105 4084 3505 4157 quodammodo
3545 4096 3684 4137 con-

2077 4186 2418 4245 trectabilem
2450 4194 2507 4242 et
2534 4184 2763 4241 habenis
2811 4181 2974 4238 facile
2997 4189 3280 4252 parentem
3306 4175 3678 4246 subjicientes.

2077 4279 2316 4349 Tempus
2349 4286 2529 4334 autem
2587 4276 2854 4332 bonorum
2914 4272 3193 4345 largitioni
3246 4279 3303 4326 et
3349 4267 3678 4325 obedientiae

2078 4380 2282 4429 nostras
2308 4378 2695 4442 opportunum,
2724 4376 2810 4425 est
2884 4367 3131 4424 Ecclesia
3188 4362 3491 4436 proposita.
3543 4359 3689 4416 Vide

2077 4465 2222 4522 enim
2235 4463 2506 4535 quomodo
2526 4471 2581 4518 et
2608 4476 2729 4533 quae
2742 4459 2903 4518 ollicii
2928 4460 3098 4516 nostri
3129 4467 3279 4523 sunt,
3305 4457 3691 4512 universorum

2082 4559 2229 4615 Deus
2250 4554 2560 4613 confortare
2578 4553 2751 4623 jubet,
2774 4562 2830 4608 et
2854 4566 3021 4623 opera
3033 4550 3210 4616 obire,
3224 4557 3280 4604 et
3297 4547 3683 4619 prophetarum

2092 4651 2255 4709 dictis
2295 4647 2575 4713 assentiri,
2617 4663 2637 4699 ι
2673 4660 2705 4702 a
2754 4646 2841 4701 die
2890 4660 2998 4716 quo
3063 4643 3289 4699 fundata
3328 4649 3415 4696 est
3490 4639 3693 4695 domus.

2082 4744 2297 4801 Domini
2318 4739 2730 4812 omnipotentis,
2755 4747 2808 4796 et
2835 4754 2900 4794 ex
2936 4751 3044 4810 quo
3062 4735 3322 4807 templum
3357 4732 3688 4794 aediﬁcatum

2083 4847 2187 4896 est.
2231 4856 2254 4892 ι

2151 4928 2315 4985 Vsus.
2347 4926 2437 4985 ID.
2455 4924 2595 4993 Quia
2617 4935 2738 4982 ante
2764 4925 2875 4981 dies
2901 4923 3021 4979 illos
3047 4938 3246 4978 merces
3288 4918 3561 4975 hominum
3583 4933 3692 4972 non

2071 5023 2168 5078 erit
2202 5021 2507 5086 inlucrum,
2537 5027 2586 5078 et
2616 5035 2811 5074 merces
2854 5018 3217 5088 jumentorum
3255 5029 3360 5069 non
3406 5012 3696 5075 subsistet,

2072 5125 2119 5168 et
2144 5114 2435 5183 egredienti
2458 5121 2508 5166 et
2547 5112 2862 5182 ingredienti
2896 5127 2999 5165 non
3032 5109 3134 5165 erit
3162 5123 3271 5178 pax
3301 5121 3412 5177 pm
3447 5104 3675 5159 tribula-
3758 5111 3773 5123 ‘

2072 5208 2235 5261 tione.
2288 5202 2355 5259 Et
2394 5204 2635 5262 emittam
2677 5218 2853 5258 omnes
2919 5201 3178 5269 homines,
3263 5210 3688 5267 unumquemque

2072 5299 2141 5353 ad
2175 5297 2473 5367 proximum
2521 5313 2702 5352 suum.

2149 5474 2336 5533 XLIV.
2397 5475 2625 5532 Ilebra'a
2673 5474 2843 5531 editio
2906 5486 3012 5526 non
3052 5469 3221 5525 habet
3250 5465 3475 5520 verbum
3515 5461 3688 5523 futuri

2076 5572 2357 5642 temporis,
2389 5571 2483 5625 sed
2532 5569 2817 5641 praeteriti.
2858 5567 2950 5621 Ait
2972 5564 3141 5628 enim,
3179 5579 3199 5614 ι
3235 5560 3378 5615 Ante
3398 5559 3515 5615 dies
3565 5555 3684 5619 illos

2078 5679 2291 5723 merces
2314 5661 2480 5734 720
2495 5660 2772 5716 hominum
2797 5674 2902 5717 non
2923 5665 3039 5713 erat
3067 5654 3127 5712 in
3143 5653 3452 5742 lucrumaet
3478 5664 3688 5713 merces

1670 5849 1714 5879 "
1743 5848 1880 5909 Junii
1937 5864 2008 5913 ιγ,
2043 5847 2134 5907 ει.
