  <div class='ocr_page' id='page_1' title='image "/cluster/home/n/w/nwhite01/storage/ocr_20150623/72:no.5/coo.31924054869700/067.png"; bbox 0 0 4130 6470; ppageno 0'>
   <div class='ocr_carea' id='block_1_1' title="bbox 468 368 573 428">
    <p class='ocr_par' dir='ltr' id='par_1_1' title="bbox 468 368 573 428">
     <span class='ocr_line' id='line_1_1' title="bbox 468 368 573 428; baseline -0.057 0"><span class='ocrx_word' id='word_1_1' title='bbox 468 368 573 428; x_wconf 73' lang='grc' dir='ltr'>Ηθ</span> 
     </span>
    </p>
   </div>
   <div class='ocr_carea' id='block_1_2' title="bbox 1476 380 2724 444">
    <p class='ocr_par' dir='ltr' id='par_1_2' title="bbox 1476 380 2724 444">
     <span class='ocr_line' id='line_1_2' title="bbox 1476 380 2724 444; baseline 0.002 -7"><span class='ocrx_word' id='word_1_2' title='bbox 1476 380 1534 437; x_wconf 84' lang='lat' dir='ltr'><strong>S.</strong></span> <span class='ocrx_word' id='word_1_3' title='bbox 1574 380 1845 437; x_wconf 81' lang='lat' dir='ltr'><strong>CYRILLI</strong></span> <span class='ocrx_word' id='word_1_4' title='bbox 1884 380 2359 440; x_wconf 73' lang='lat' dir='ltr'><strong>ALEXANDRINI</strong></span> <span class='ocrx_word' id='word_1_5' title='bbox 2399 385 2724 444; x_wconf 77' lang='lat' dir='ltr'><strong>ARCHIEP.</strong></span> 
     </span>
    </p>
   </div>
   <div class='ocr_carea' id='block_1_3' title="bbox 3648 378 3748 433">
    <p class='ocr_par' dir='ltr' id='par_1_3' title="bbox 3648 378 3748 433">
     <span class='ocr_line' id='line_1_3' title="bbox 3648 378 3748 433; baseline 0.01 -1"><span class='ocrx_word' id='word_1_6' title='bbox 3648 378 3748 433; x_wconf 65' lang='lat'><strong>£20</strong></span> 
     </span>
    </p>
   </div>
   <div class='ocr_carea' id='block_1_4' title="bbox 469 493 2056 577">
    <p class='ocr_par' dir='ltr' id='par_1_4' title="bbox 469 493 2044 574">
     <span class='ocr_line' id='line_1_4' title="bbox 469 493 2044 574; baseline 0.008 -29"><span class='ocrx_word' id='word_1_7' title='bbox 469 493 829 564; x_wconf 68' lang='lat' dir='ltr'><strong>iumentorum</strong></span> <span class='ocrx_word' id='word_1_8' title='bbox 865 511 971 553; x_wconf 89' lang='lat' dir='ltr'><strong>non</strong></span> <span class='ocrx_word' id='word_1_9' title='bbox 1005 505 1139 553; x_wconf 84' lang='lat' dir='ltr'><strong>erat.</strong></span> <span class='ocrx_word' id='word_1_10' title='bbox 1182 515 1199 549; x_wconf 78' lang='grc' dir='ltr'><strong>ι</strong></span> <span class='ocrx_word' id='word_1_11' title='bbox 1243 497 1308 552; x_wconf 86' lang='lat' dir='ltr'><strong>Et</strong></span> <span class='ocrx_word' id='word_1_12' title='bbox 1339 542 1353 564; x_wconf 88' lang='lat'><strong>,</strong></span> <span class='ocrx_word' id='word_1_13' title='bbox 1388 517 1406 551; x_wconf 79' lang='grc' dir='ltr'><strong>ι</strong></span> <span class='ocrx_word' id='word_1_14' title='bbox 1438 498 1771 571; x_wconf 83' lang='lat' dir='ltr'><strong>lngredienti</strong></span> <span class='ocrx_word' id='word_1_15' title='bbox 1802 511 1857 557; x_wconf 90' lang='lat' dir='ltr'><strong>et</strong></span> <span class='ocrx_word' id='word_1_16' title='bbox 1884 516 2044 574; x_wconf 85' lang='lat' dir='ltr'><strong>egre-</strong></span> 
     </span>
    </p>
   </div>
   <div class='ocr_carea' id='block_1_5' title="bbox 2159 493 3746 577">
    <p class='ocr_par' dir='ltr' id='par_1_5' title="bbox 2160 494 3746 577">
     <span class='ocr_line' id='line_1_5' title="bbox 2160 494 3746 577; baseline -0.009 -17"><span class='ocrx_word' id='word_1_17' title='bbox 2160 506 2347 575; x_wconf 72' lang='grc' dir='ltr'>φησὶν,</span> <span class='ocrx_word' id='word_1_18' title='bbox 2377 506 2407 559; x_wconf 99' lang='lat'><strong>6</strong></span> <span class='ocrx_word' id='word_1_19' title='bbox 2435 505 2628 577; x_wconf 86' lang='grc' dir='ltr'>μισθὸς</span> <span class='ocrx_word' id='word_1_20' title='bbox 2683 502 2794 556; x_wconf 87' lang='grc' dir='ltr'><strong>τῶν</strong></span> <span class='ocrx_word' id='word_1_21' title='bbox 2845 502 3149 571; x_wconf 77' lang='grc' dir='ltr'>ἀνθρώπων</span> <span class='ocrx_word' id='word_1_22' title='bbox 3198 498 3298 551; x_wconf 78' lang='grc' dir='ltr'><strong>οὐκ</strong></span> <span class='ocrx_word' id='word_1_23' title='bbox 3324 494 3393 568; x_wconf 85' lang='grc' dir='ltr'>ἦν</span> <span class='ocrx_word' id='word_1_24' title='bbox 3434 497 3513 560; x_wconf 88' lang='grc' dir='ltr'><strong>είς</strong></span> <span class='ocrx_word' id='word_1_25' title='bbox 3539 495 3746 565; x_wconf 75' lang='grc' dir='ltr'>θνησιν,</span> 
     </span>
    </p>
   </div>
   <div class='ocr_carea' id='block_1_6' title="bbox 474 586 2055 659">
    <p class='ocr_par' dir='ltr' id='par_1_6' title="bbox 474 586 2055 659">
     <span class='ocr_line' id='line_1_6' title="bbox 474 586 2055 659; baseline 0.006 -19"><span class='ocrx_word' id='word_1_26' title='bbox 474 586 639 640; x_wconf 86' lang='lat' dir='ltr'><strong>dienti</strong></span> <span class='ocrx_word' id='word_1_27' title='bbox 737 602 843 643; x_wconf 92' lang='lat' dir='ltr'><strong>non</strong></span> <span class='ocrx_word' id='word_1_28' title='bbox 923 597 1040 644; x_wconf 88' lang='lat' dir='ltr'><strong>erat</strong></span> <span class='ocrx_word' id='word_1_29' title='bbox 1087 604 1209 659; x_wconf 78' lang='lat' dir='ltr'><strong>pax.</strong></span> <span class='ocrx_word' id='word_1_30' title='bbox 1253 609 1270 643; x_wconf 82' lang='grc' dir='ltr'><strong>ι</strong></span> <span class='ocrx_word' id='word_1_31' title='bbox 1308 591 1398 645; x_wconf 87' lang='lat' dir='ltr'><strong>Est</strong></span> <span class='ocrx_word' id='word_1_32' title='bbox 1457 602 1636 647; x_wconf 87' lang='lat' dir='ltr'><strong>autem</strong></span> <span class='ocrx_word' id='word_1_33' title='bbox 1700 594 1855 647; x_wconf 86' lang='lat' dir='ltr'><strong>valde</strong></span> <span class='ocrx_word' id='word_1_34' title='bbox 1925 610 2055 650; x_wconf 79' lang='lat' dir='ltr'><strong>eon-</strong></span> 
     </span>
    </p>
   </div>
   <div class='ocr_carea' id='block_1_7' title="bbox 466 681 2049 750">
    <p class='ocr_par' dir='ltr' id='par_1_7' title="bbox 466 681 2049 750">
     <span class='ocr_line' id='line_1_7' title="bbox 466 681 2049 750; baseline 0.007 -19"><span class='ocrx_word' id='word_1_35' title='bbox 466 686 727 733; x_wconf 72' lang='lat' dir='ltr'><strong>scntanea</strong></span> <span class='ocrx_word' id='word_1_36' title='bbox 840 681 1051 746; x_wconf 88' lang='lat' dir='ltr'><strong>oratio,</strong></span> <span class='ocrx_word' id='word_1_37' title='bbox 1117 681 1268 750; x_wconf 88' lang='lat' dir='ltr'><strong>cujus</strong></span> <span class='ocrx_word' id='word_1_38' title='bbox 1347 685 1632 740; x_wconf 71' lang='lat' dir='ltr'><strong>veritatem</strong></span> <span class='ocrx_word' id='word_1_39' title='bbox 1714 687 2049 742; x_wconf 71' lang='lat' dir='ltr'><strong>narrationis</strong></span> 
     </span>
    </p>
   </div>
   <div class='ocr_carea' id='block_1_8' title="bbox 466 771 2045 848">
    <p class='ocr_par' dir='ltr' id='par_1_8' title="bbox 466 771 2045 848">
     <span class='ocr_line' id='line_1_8' title="bbox 466 771 2045 848; baseline 0.008 -29"><span class='ocrx_word' id='word_1_40' title='bbox 466 771 766 827; x_wconf 73' lang='lat' dir='ltr'><strong>auctoritas</strong></span> <span class='ocrx_word' id='word_1_41' title='bbox 800 773 1106 830; x_wconf 72' lang='lat' dir='ltr'><strong>confirmat.</strong></span> <span class='ocrx_word' id='word_1_42' title='bbox 1126 772 1256 828; x_wconf 89' lang='lat' dir='ltr'><strong>Tale</strong></span> <span class='ocrx_word' id='word_1_43' title='bbox 1278 774 1421 828; x_wconf 91' lang='lat' dir='ltr'><strong>enim</strong></span> <span class='ocrx_word' id='word_1_44' title='bbox 1443 775 1695 844; x_wconf 81' lang='lat' dir='ltr'><strong>quiddam</strong></span> <span class='ocrx_word' id='word_1_45' title='bbox 1730 778 2045 848; x_wconf 81' lang='lat' dir='ltr'><strong>signiﬁcare</strong></span> 
     </span>
    </p>
   </div>
   <div class='ocr_carea' id='block_1_9' title="bbox 464 862 2049 935">
    <p class='ocr_par' dir='ltr' id='par_1_9' title="bbox 464 862 2049 935">
     <span class='ocr_line' id='line_1_9' title="bbox 464 862 2049 935; baseline 0.006 -22"><span class='ocrx_word' id='word_1_46' title='bbox 464 862 600 917; x_wconf 70' lang='lat' dir='ltr'><strong>vult.</strong></span> <span class='ocrx_word' id='word_1_47' title='bbox 666 862 944 919; x_wconf 84' lang='lat' dir='ltr'><strong>Venerunt</strong></span> <span class='ocrx_word' id='word_1_48' title='bbox 1001 865 1273 935; x_wconf 73' lang='lat' dir='ltr'><strong>Babylone</strong></span> <span class='ocrx_word' id='word_1_49' title='bbox 1325 867 1376 921; x_wconf 91' lang='lat' dir='ltr'><strong>in</strong></span> <span class='ocrx_word' id='word_1_50' title='bbox 1436 878 1678 923; x_wconf 86' lang='lat' dir='ltr'><strong>sanctam</strong></span> <span class='ocrx_word' id='word_1_51' title='bbox 1771 870 2049 923; x_wconf 84' lang='lat' dir='ltr'><strong>civitatein</strong></span> 
     </span>
    </p>
   </div>
   <div class='ocr_carea' id='block_1_10' title="bbox 462 953 2055 1028">
    <p class='ocr_par' dir='ltr' id='par_1_10' title="bbox 462 953 2055 1028">
     <span class='ocr_line' id='line_1_10' title="bbox 462 953 2055 1028; baseline 0.003 -21"><span class='ocrx_word' id='word_1_52' title='bbox 462 953 735 1019; x_wconf 67' lang='lat' dir='ltr'><strong>lsraelitte,</strong></span> <span class='ocrx_word' id='word_1_53' title='bbox 753 957 846 1010; x_wconf 89' lang='lat' dir='ltr'><strong>sed</strong></span> <span class='ocrx_word' id='word_1_54' title='bbox 876 956 927 1010; x_wconf 90' lang='lat' dir='ltr'><strong>in</strong></span> <span class='ocrx_word' id='word_1_55' title='bbox 946 954 1063 1010; x_wconf 82' lang='lat' dir='ltr'><strong>loco</strong></span> <span class='ocrx_word' id='word_1_56' title='bbox 1090 973 1193 1010; x_wconf 93' lang='lat' dir='ltr'><strong>non</strong></span> <span class='ocrx_word' id='word_1_57' title='bbox 1215 966 1329 1012; x_wconf 89' lang='lat' dir='ltr'><strong>erat</strong></span> <span class='ocrx_word' id='word_1_58' title='bbox 1353 959 1432 1012; x_wconf 90' lang='lat' dir='ltr'><strong>eis</strong></span> <span class='ocrx_word' id='word_1_59' title='bbox 1458 959 1838 1025; x_wconf 82' lang='lat' dir='ltr'><strong>sanctiﬁcatio,</strong></span> <span class='ocrx_word' id='word_1_60' title='bbox 1859 959 2055 1028; x_wconf 87' lang='lat' dir='ltr'><strong>templo</strong></span> 
     </span>
    </p>
   </div>
   <div class='ocr_carea' id='block_1_11' title="bbox 448 1047 2053 1115">
    <p class='ocr_par' dir='ltr' id='par_1_11' title="bbox 448 1047 2053 1115">
     <span class='ocr_line' id='line_1_11' title="bbox 448 1047 2053 1115; baseline 0.007 -19"><span class='ocrx_word' id='word_1_61' title='bbox 448 1047 671 1115; x_wconf 80' lang='lat' dir='ltr'><strong>pridem</strong></span> <span class='ocrx_word' id='word_1_62' title='bbox 694 1047 879 1102; x_wconf 83' lang='lat' dir='ltr'><strong>diruto</strong></span> <span class='ocrx_word' id='word_1_63' title='bbox 908 1068 919 1102; x_wconf 93' lang='lat'>:</span> <span class='ocrx_word' id='word_1_64' title='bbox 952 1063 1054 1102; x_wconf 91' lang='lat' dir='ltr'><strong>non</strong></span> <span class='ocrx_word' id='word_1_65' title='bbox 1091 1058 1206 1103; x_wconf 91' lang='lat' dir='ltr'><strong>erat</strong></span> <span class='ocrx_word' id='word_1_66' title='bbox 1231 1051 1556 1105; x_wconf 85' lang='lat' dir='ltr'><strong>sacrilieium</strong></span> <span class='ocrx_word' id='word_1_67' title='bbox 1584 1066 1639 1105; x_wconf 88' lang='lat' dir='ltr'><strong>et</strong></span> <span class='ocrx_word' id='word_1_68' title='bbox 1660 1051 1863 1115; x_wconf 82' lang='lat' dir='ltr'><strong>libatio,</strong></span> <span class='ocrx_word' id='word_1_69' title='bbox 1897 1051 2053 1107; x_wconf 88' lang='lat' dir='ltr'><strong>altari</strong></span> 
     </span>
    </p>
   </div>
   <div class='ocr_carea' id='block_1_12' title="bbox 459 1135 2058 1196">
    <p class='ocr_par' dir='ltr' id='par_1_12' title="bbox 459 1135 2058 1196">
     <span class='ocr_line' id='line_1_12' title="bbox 459 1135 2058 1196; baseline 0.007 -11"><span class='ocrx_word' id='word_1_70' title='bbox 459 1150 671 1190; x_wconf 72' lang='lat' dir='ltr'><strong>«verso.</strong></span> <span class='ocrx_word' id='word_1_71' title='bbox 702 1135 904 1190; x_wconf 81' lang='lat' dir='ltr'><strong>Deinde</strong></span> <span class='ocrx_word' id='word_1_72' title='bbox 951 1136 1198 1192; x_wconf 80' lang='lat' dir='ltr'><strong>hortatus</strong></span> <span class='ocrx_word' id='word_1_73' title='bbox 1229 1149 1311 1192; x_wconf 90' lang='lat' dir='ltr'><strong>est</strong></span> <span class='ocrx_word' id='word_1_74' title='bbox 1343 1154 1435 1193; x_wconf 89' lang='lat' dir='ltr'><strong>eos</strong></span> <span class='ocrx_word' id='word_1_75' title='bbox 1490 1141 1867 1195; x_wconf 88' lang='lat' dir='ltr'><strong>universorum</strong></span> <span class='ocrx_word' id='word_1_76' title='bbox 1915 1140 2058 1196; x_wconf 84' lang='lat' dir='ltr'><strong>Deus</strong></span> 
     </span>
    </p>
   </div>
   <div class='ocr_carea' id='block_1_13' title="bbox 458 1227 2058 1299">
    <p class='ocr_par' dir='ltr' id='par_1_13' title="bbox 458 1227 2058 1299">
     <span class='ocr_line' id='line_1_13' title="bbox 458 1227 2058 1299; baseline 0.006 -23"><span class='ocrx_word' id='word_1_77' title='bbox 458 1236 519 1279; x_wconf 90' lang='lat' dir='ltr'><strong>ut</strong></span> <span class='ocrx_word' id='word_1_78' title='bbox 552 1235 675 1281; x_wconf 86' lang='lat' dir='ltr'><strong>ante</strong></span> <span class='ocrx_word' id='word_1_79' title='bbox 702 1227 882 1281; x_wconf 81' lang='lat' dir='ltr'><strong>omnia</strong></span> <span class='ocrx_word' id='word_1_80' title='bbox 914 1228 1041 1297; x_wconf 88' lang='lat' dir='ltr'><strong>ipsis</strong></span> <span class='ocrx_word' id='word_1_81' title='bbox 1067 1238 1173 1282; x_wconf 90' lang='lat' dir='ltr'><strong>tam</strong></span> <span class='ocrx_word' id='word_1_82' title='bbox 1201 1231 1627 1284; x_wconf 64' lang='lat' dir='ltr'><strong>necessniorum</strong></span> <span class='ocrx_word' id='word_1_83' title='bbox 1657 1246 1844 1285; x_wconf 89' lang='lat' dir='ltr'><strong>curam</strong></span> <span class='ocrx_word' id='word_1_84' title='bbox 1868 1231 2058 1299; x_wconf 50' lang='lat' dir='ltr'><strong>prmcie</strong></span> 
     </span>
    </p>
   </div>
   <div class='ocr_carea' id='block_1_14' title="bbox 459 1321 2054 1391">
    <p class='ocr_par' dir='ltr' id='par_1_14' title="bbox 459 1321 2054 1391">
     <span class='ocr_line' id='line_1_14' title="bbox 459 1321 2054 1391; baseline 0.006 -24"><span class='ocrx_word' id='word_1_85' title='bbox 459 1332 619 1384; x_wconf 87' lang='lat' dir='ltr'><strong>puam</strong></span> <span class='ocrx_word' id='word_1_86' title='bbox 652 1328 924 1388; x_wconf 77' lang='lat' dir='ltr'><strong>gererent,</strong></span> <span class='ocrx_word' id='word_1_87' title='bbox 944 1321 1310 1391; x_wconf 79' lang='lat' dir='ltr'><strong>templumque</strong></span> <span class='ocrx_word' id='word_1_88' title='bbox 1328 1324 1392 1375; x_wconf 90' lang='lat' dir='ltr'><strong>de</strong></span> <span class='ocrx_word' id='word_1_89' title='bbox 1411 1323 1623 1389; x_wconf 70' lang='lat' dir='ltr'><strong>integro</strong></span> <span class='ocrx_word' id='word_1_90' title='bbox 1650 1332 2054 1388; x_wconf 82' lang='lat' dir='ltr'><strong>construerent,</strong></span> 
     </span>
    </p>
   </div>
   <div class='ocr_carea' id='block_1_15' title="bbox 458 1408 2044 1483">
    <p class='ocr_par' dir='ltr' id='par_1_15' title="bbox 458 1408 2044 1483">
     <span class='ocr_line' id='line_1_15' title="bbox 458 1408 2044 1483; baseline 0.006 -24"><span class='ocrx_word' id='word_1_91' title='bbox 458 1408 810 1479; x_wconf 72' lang='lat' dir='ltr'><strong>divinumque</strong></span> <span class='ocrx_word' id='word_1_92' title='bbox 870 1411 925 1465; x_wconf 89' lang='lat' dir='ltr'><strong>in</strong></span> <span class='ocrx_word' id='word_1_93' title='bbox 994 1426 1059 1465; x_wconf 91' lang='lat' dir='ltr'><strong>eo</strong></span> <span class='ocrx_word' id='word_1_94' title='bbox 1132 1414 1303 1466; x_wconf 81' lang='lat' dir='ltr'><strong>altare</strong></span> <span class='ocrx_word' id='word_1_95' title='bbox 1360 1428 1549 1468; x_wconf 87' lang='lat' dir='ltr'><strong>rursus</strong></span> <span class='ocrx_word' id='word_1_96' title='bbox 1626 1413 1924 1483; x_wconf 78' lang='lat' dir='ltr'><strong>erigerent,</strong></span> <span class='ocrx_word' id='word_1_97' title='bbox 1984 1425 2044 1469; x_wconf 90' lang='lat' dir='ltr'><strong>ut</strong></span> 
     </span>
    </p>
   </div>
   <div class='ocr_carea' id='block_1_16' title="bbox 457 1502 2054 1577">
    <p class='ocr_par' dir='ltr' id='par_1_16' title="bbox 457 1502 2054 1577">
     <span class='ocr_line' id='line_1_16' title="bbox 457 1502 2054 1577; baseline 0.003 -21"><span class='ocrx_word' id='word_1_98' title='bbox 457 1502 662 1569; x_wconf 72' lang='lat' dir='ltr'><strong>legibus</strong></span> <span class='ocrx_word' id='word_1_99' title='bbox 676 1503 919 1558; x_wconf 89' lang='lat' dir='ltr'><strong>instituta</strong></span> <span class='ocrx_word' id='word_1_100' title='bbox 935 1504 1313 1561; x_wconf 84' lang='lat' dir='ltr'><strong>decentissime</strong></span> <span class='ocrx_word' id='word_1_101' title='bbox 1326 1521 1603 1577; x_wconf 76' lang='lat' dir='ltr'><strong>peragere,</strong></span> <span class='ocrx_word' id='word_1_102' title='bbox 1616 1518 1669 1562; x_wconf 90' lang='lat' dir='ltr'><strong>et</strong></span> <span class='ocrx_word' id='word_1_103' title='bbox 1682 1509 2054 1563; x_wconf 84' lang='lat' dir='ltr'><strong>universorum</strong></span> 
     </span>
    </p>
   </div>
   <div class='ocr_carea' id='block_1_17' title="bbox 462 1594 2058 1669">
    <p class='ocr_par' dir='ltr' id='par_1_17' title="bbox 462 1594 2058 1669">
     <span class='ocr_line' id='line_1_17' title="bbox 462 1594 2058 1669; baseline 0.005 -21"><span class='ocrx_word' id='word_1_104' title='bbox 462 1594 632 1648; x_wconf 65' lang='lat' dir='ltr'><strong>imm</strong></span> <span class='ocrx_word' id='word_1_105' title='bbox 691 1597 984 1659; x_wconf 85' lang='lat' dir='ltr'><strong>conciliare</strong></span> <span class='ocrx_word' id='word_1_106' title='bbox 1012 1608 1257 1669; x_wconf 89' lang='lat' dir='ltr'><strong>possent.</strong></span> <span class='ocrx_word' id='word_1_107' title='bbox 1308 1599 1409 1653; x_wconf 87' lang='lat' dir='ltr'><strong>Ast</strong></span> <span class='ocrx_word' id='word_1_108' title='bbox 1432 1599 1509 1653; x_wconf 91' lang='lat' dir='ltr'><strong>illi</strong></span> <span class='ocrx_word' id='word_1_109' title='bbox 1550 1602 1719 1656; x_wconf 86' lang='lat' dir='ltr'><strong>variis</strong></span> <span class='ocrx_word' id='word_1_110' title='bbox 1762 1603 1827 1656; x_wconf 88' lang='lat' dir='ltr'><strong>de</strong></span> <span class='ocrx_word' id='word_1_111' title='bbox 1875 1603 2058 1657; x_wconf 84' lang='lat' dir='ltr'><strong>causis</strong></span> 
     </span>
    </p>
   </div>
   <div class='ocr_carea' id='block_1_18' title="bbox 458 1682 2057 1761">
    <p class='ocr_par' dir='ltr' id='par_1_18' title="bbox 458 1682 2057 1761">
     <span class='ocr_line' id='line_1_18' title="bbox 458 1682 2057 1761; baseline 0.009 -26"><span class='ocrx_word' id='word_1_112' title='bbox 458 1682 994 1753; x_wconf 63' lang='lat' dir='ltr'><strong>«lilii-rebantmunc</strong></span> <span class='ocrx_word' id='word_1_113' title='bbox 1036 1693 1278 1760; x_wconf 71' lang='lat' dir='ltr'><strong>peenuire</strong></span> <span class='ocrx_word' id='word_1_114' title='bbox 1312 1693 1577 1761; x_wconf 80' lang='lat' dir='ltr'><strong>tingentes</strong></span> <span class='ocrx_word' id='word_1_115' title='bbox 1603 1692 1866 1761; x_wconf 85' lang='lat' dir='ltr'><strong>inopiam,</strong></span> <span class='ocrx_word' id='word_1_116' title='bbox 1912 1708 2057 1749; x_wconf 87' lang='lat' dir='ltr'><strong>nunc</strong></span> 
     </span>
    </p>
   </div>
   <div class='ocr_carea' id='block_1_19' title="bbox 457 1777 2053 1853">
    <p class='ocr_par' dir='ltr' id='par_1_19' title="bbox 457 1777 2053 1853">
     <span class='ocr_line' id='line_1_19' title="bbox 457 1777 2053 1853; baseline 0.009 -26"><span class='ocrx_word' id='word_1_117' title='bbox 457 1777 726 1838; x_wconf 76' lang='lat' dir='ltr'><strong>aediﬁcare</strong></span> <span class='ocrx_word' id='word_1_118' title='bbox 782 1782 1185 1848; x_wconf 82' lang='lat' dir='ltr'><strong>prohibentium</strong></span> <span class='ocrx_word' id='word_1_119' title='bbox 1229 1783 1644 1852; x_wconf 81' lang='lat' dir='ltr'><strong>perversitatem</strong></span> <span class='ocrx_word' id='word_1_120' title='bbox 1676 1793 2053 1853; x_wconf 70' lang='lat' dir='ltr'><strong>prmtexentes.</strong></span> 
     </span>
    </p>
   </div>
   <div class='ocr_carea' id='block_1_20' title="bbox 2161 587 3746 667">
    <p class='ocr_par' dir='ltr' id='par_1_20' title="bbox 2161 587 3746 667">
     <span class='ocr_line' id='line_1_20' title="bbox 2161 587 3746 667; baseline -0.008 -16"><span class='ocrx_word' id='word_1_121' title='bbox 2161 598 2257 651; x_wconf 76' lang='grc' dir='ltr'><strong>καὶ</strong></span> <span class='ocrx_word' id='word_1_122' title='bbox 2298 599 2326 651; x_wconf 87' lang='lat'><strong>6</strong></span> <span class='ocrx_word' id='word_1_123' title='bbox 2359 598 2548 667; x_wconf 76' lang='grc' dir='ltr'>μισθὸς</span> <span class='ocrx_word' id='word_1_124' title='bbox 2571 595 2682 649; x_wconf 90' lang='grc' dir='ltr'><strong>τῶν</strong></span> <span class='ocrx_word' id='word_1_125' title='bbox 2714 594 2931 667; x_wconf 82' lang='grc' dir='ltr'><strong>κτηνῶν</strong></span> <span class='ocrx_word' id='word_1_126' title='bbox 2959 593 3058 663; x_wconf 86' lang='grc' dir='ltr'><strong>οὐχ</strong></span> <span class='ocrx_word' id='word_1_127' title='bbox 3091 591 3327 662; x_wconf 78' lang='grc' dir='ltr'>ὑπῆρχε.</span> <span class='ocrx_word' id='word_1_128' title='bbox 3363 607 3381 640; x_wconf 78' lang='grc' dir='ltr'><strong>ι</strong></span> <span class='ocrx_word' id='word_1_129' title='bbox 3414 589 3523 643; x_wconf 79' lang='grc' dir='ltr'><strong>Καὶ</strong></span> <span class='ocrx_word' id='word_1_130' title='bbox 3563 587 3746 653; x_wconf 85' lang='grc' dir='ltr'>πάλιν,</span> 
     </span>
    </p>
   </div>
   <div class='ocr_carea' id='block_1_21' title="bbox 2165 674 3748 756">
    <p class='ocr_par' dir='ltr' id='par_1_21' title="bbox 2165 674 3748 756">
     <span class='ocr_line' id='line_1_21' title="bbox 2165 674 3748 756; baseline -0.004 -18"><span class='ocrx_word' id='word_1_131' title='bbox 2165 704 2184 738; x_wconf 77' lang='grc' dir='ltr'><strong>ι</strong></span> <span class='ocrx_word' id='word_1_132' title='bbox 2211 685 2300 756; x_wconf 81' lang='grc' dir='ltr'>Τῷ</span> <span class='ocrx_word' id='word_1_133' title='bbox 2338 685 2759 756; x_wconf 77' lang='grc' dir='ltr'><strong>ἐκπορευομένῳ</strong></span> <span class='ocrx_word' id='word_1_134' title='bbox 2790 684 2887 737; x_wconf 72' lang='grc' dir='ltr'>καὶ</span> <span class='ocrx_word' id='word_1_135' title='bbox 2930 683 3009 752; x_wconf 80' lang='grc' dir='ltr'>τῷ</span> <span class='ocrx_word' id='word_1_136' title='bbox 3056 680 3496 752; x_wconf 81' lang='grc' dir='ltr'>είσπορευομένῳ</span> <span class='ocrx_word' id='word_1_137' title='bbox 3542 680 3645 732; x_wconf 79' lang='grc' dir='ltr'><strong>οὐκ</strong></span> <span class='ocrx_word' id='word_1_138' title='bbox 3679 674 3748 749; x_wconf 74' lang='grc' dir='ltr'>ἦν</span> 
     </span>
    </p>
   </div>
   <div class='ocr_carea' id='block_1_22' title="bbox 2159 767 3748 850">
    <p class='ocr_par' dir='ltr' id='par_1_22' title="bbox 2159 767 3748 850">
     <span class='ocr_line' id='line_1_22' title="bbox 2159 767 3748 850; baseline -0.007 -19"><span class='ocrx_word' id='word_1_139' title='bbox 2159 780 2372 850; x_wconf 79' lang='grc' dir='ltr'><strong>εἰρήνη.</strong></span> <span class='ocrx_word' id='word_1_140' title='bbox 2413 797 2434 829; x_wconf 76' lang='grc' dir='ltr'><strong>ι</strong></span> <span class='ocrx_word' id='word_1_141' title='bbox 2472 779 2626 848; x_wconf 87' lang='grc' dir='ltr'>Ἔχει</span> <span class='ocrx_word' id='word_1_142' title='bbox 2648 777 2704 830; x_wconf 80' lang='grc' dir='ltr'>δὲ</span> <span class='ocrx_word' id='word_1_143' title='bbox 2755 776 2850 828; x_wconf 56' lang='grc' dir='ltr'><strong>καί⁵</strong></span> <span class='ocrx_word' id='word_1_144' title='bbox 2880 774 3084 845; x_wconf 80' lang='grc' dir='ltr'>σφόδρα</span> <span class='ocrx_word' id='word_1_145' title='bbox 3115 772 3178 825; x_wconf 79' lang='grc' dir='ltr'><strong>τὸ</strong></span> <span class='ocrx_word' id='word_1_146' title='bbox 3203 770 3351 834; x_wconf 75' lang='grc' dir='ltr'>εἰκὸς</span> <span class='ocrx_word' id='word_1_147' title='bbox 3375 773 3403 823; x_wconf 93' lang='lat'><strong>6</strong></span> <span class='ocrx_word' id='word_1_148' title='bbox 3439 770 3616 839; x_wconf 87' lang='grc' dir='ltr'>λόγος,</span> <span class='ocrx_word' id='word_1_149' title='bbox 3648 767 3748 821; x_wconf 77' lang='grc' dir='ltr'><strong>καὶ</strong></span> 
     </span>
    </p>
   </div>
   <div class='ocr_carea' id='block_1_23' title="bbox 2159 861 3745 942">
    <p class='ocr_par' dir='ltr' id='par_1_23' title="bbox 2159 861 3745 942">
     <span class='ocr_line' id='line_1_23' title="bbox 2159 861 3745 942; baseline -0.008 -18"><span class='ocrx_word' id='word_1_150' title='bbox 2159 871 2219 924; x_wconf 83' lang='grc' dir='ltr'><strong>τὸ</strong></span> <span class='ocrx_word' id='word_1_151' title='bbox 2252 869 2449 942; x_wconf 78' lang='grc' dir='ltr'>ἀληθὲς</span> <span class='ocrx_word' id='word_1_152' title='bbox 2477 872 2534 923; x_wconf 83' lang='grc' dir='ltr'>ὲν</span> <span class='ocrx_word' id='word_1_153' title='bbox 2589 867 2798 932; x_wconf 82' lang='grc' dir='ltr'>τούτοις</span> <span class='ocrx_word' id='word_1_154' title='bbox 2831 867 3127 939; x_wconf 76' lang='grc' dir='ltr'><strong>παρίστησι</strong></span> <span class='ocrx_word' id='word_1_155' title='bbox 3166 863 3277 917; x_wconf 87' lang='grc' dir='ltr'><strong>τῶν</strong></span> <span class='ocrx_word' id='word_1_156' title='bbox 3325 862 3682 932; x_wconf 76' lang='grc' dir='ltr'><strong>διηγημάτων</strong></span> <span class='ocrx_word' id='word_1_157' title='bbox 3712 861 3745 931; x_wconf 79' lang='grc' dir='ltr'><strong>ἡ</strong></span> 
     </span>
    </p>
   </div>
   <div class='ocr_carea' id='block_1_24' title="bbox 2158 946 3746 1033">
    <p class='ocr_par' dir='ltr' id='par_1_24' title="bbox 2158 946 3746 1033">
     <span class='ocr_line' id='line_1_24' title="bbox 2158 946 3746 1033; baseline -0.007 -18"><span class='ocrx_word' id='word_1_158' title='bbox 2158 961 2406 1033; x_wconf 81' lang='grc' dir='ltr'>δύναμις.</span> <span class='ocrx_word' id='word_1_159' title='bbox 2447 958 2706 1013; x_wconf 78' lang='grc' dir='ltr'>Βούλεται</span> <span class='ocrx_word' id='word_1_160' title='bbox 2740 959 2848 1030; x_wconf 84' lang='grc' dir='ltr'><strong>γάρ</strong></span> <span class='ocrx_word' id='word_1_161' title='bbox 2874 976 2926 1011; x_wconf 90' lang='grc' dir='ltr'><strong>τι</strong></span> <span class='ocrx_word' id='word_1_162' title='bbox 2948 956 3188 1010; x_wconf 76' lang='grc' dir='ltr'>τοιοῦτον</span> <span class='ocrx_word' id='word_1_163' title='bbox 3224 952 3545 1024; x_wconf 81' lang='grc' dir='ltr'>ὑποδηλοῦν.</span> <span class='ocrx_word' id='word_1_164' title='bbox 3569 946 3746 1005; x_wconf 85' lang='grc' dir='ltr'>Ἧκον</span> 
     </span>
    </p>
   </div>
   <div class='ocr_carea' id='block_1_25' title="bbox 2159 1039 3745 1124">
    <p class='ocr_par' dir='ltr' id='par_1_25' title="bbox 2159 1039 3745 1124">
     <span class='ocr_line' id='line_1_25' title="bbox 2159 1039 3745 1124; baseline -0.007 -17"><span class='ocrx_word' id='word_1_165' title='bbox 2159 1054 2260 1124; x_wconf 74' lang='grc' dir='ltr'><strong>μὲν</strong></span> <span class='ocrx_word' id='word_1_166' title='bbox 2303 1053 2413 1124; x_wconf 75' lang='grc' dir='ltr'><strong>γάρ</strong></span> <span class='ocrx_word' id='word_1_167' title='bbox 2465 1054 2529 1105; x_wconf 77' lang='grc' dir='ltr'><strong>ἐκ</strong></span> <span class='ocrx_word' id='word_1_168' title='bbox 2576 1050 2896 1114; x_wconf 78' lang='grc' dir='ltr'>Βαϐυλῶνος</span> <span class='ocrx_word' id='word_1_169' title='bbox 2929 1051 3009 1111; x_wconf 82' lang='grc' dir='ltr'>εἰς</span> <span class='ocrx_word' id='word_1_170' title='bbox 3045 1048 3143 1119; x_wconf 79' lang='grc' dir='ltr'>τὴν</span> <span class='ocrx_word' id='word_1_171' title='bbox 3200 1046 3360 1115; x_wconf 85' lang='grc' dir='ltr'>ἁγίαν</span> <span class='ocrx_word' id='word_1_172' title='bbox 3419 1045 3574 1099; x_wconf 85' lang='grc' dir='ltr'>πόλιν</span> <span class='ocrx_word' id='word_1_173' title='bbox 3606 1047 3655 1097; x_wconf 78' lang='grc' dir='ltr'><strong>οἱ</strong></span> <span class='ocrx_word' id='word_1_174' title='bbox 3684 1039 3745 1107; x_wconf 80' lang='grc' dir='ltr'>ἐξ</span> 
     </span>
    </p>
   </div>
   <div class='ocr_carea' id='block_1_26' title="bbox 2172 1132 3745 1213">
    <p class='ocr_par' dir='ltr' id='par_1_26' title="bbox 2172 1132 3745 1213">
     <span class='ocr_line' id='line_1_26' title="bbox 2172 1132 3745 1213; baseline -0.008 -17"><span class='ocrx_word' id='word_1_175' title='bbox 2172 1142 2410 1213; x_wconf 74' lang='grc' dir='ltr'><strong>Ἰσραήλ⁹</strong></span> <span class='ocrx_word' id='word_1_176' title='bbox 2438 1141 2553 1195; x_wconf 83' lang='grc' dir='ltr'>ἀλλ’</span> <span class='ocrx_word' id='word_1_177' title='bbox 2586 1142 2687 1193; x_wconf 83' lang='grc' dir='ltr'><strong>οὐκ</strong></span> <span class='ocrx_word' id='word_1_178' title='bbox 2716 1135 2784 1211; x_wconf 80' lang='grc' dir='ltr'>ἦν</span> <span class='ocrx_word' id='word_1_179' title='bbox 2816 1139 3000 1200; x_wconf 81' lang='grc' dir='ltr'>αὐτοῖς</span> <span class='ocrx_word' id='word_1_180' title='bbox 3046 1136 3296 1205; x_wconf 82' lang='grc' dir='ltr'>άγίασμα</span> <span class='ocrx_word' id='word_1_181' title='bbox 3325 1132 3403 1204; x_wconf 81' lang='grc' dir='ltr'>τῷ</span> <span class='ocrx_word' id='word_1_182' title='bbox 3426 1135 3598 1203; x_wconf 82' lang='grc' dir='ltr'>τόπῳ,</span> <span class='ocrx_word' id='word_1_183' title='bbox 3641 1147 3745 1184; x_wconf 88' lang='grc' dir='ltr'>κα-</span> 
     </span>
    </p>
   </div>
   <div class='ocr_carea' id='block_1_27' title="bbox 2158 1221 3745 1304">
    <p class='ocr_par' dir='ltr' id='par_1_27' title="bbox 2158 1221 3745 1304">
     <span class='ocr_line' id='line_1_27' title="bbox 2158 1221 3745 1304; baseline -0.009 -16"><span class='ocrx_word' id='word_1_184' title='bbox 2158 1234 2589 1304; x_wconf 79' lang='grc' dir='ltr'>τασεσεισμένου</span> <span class='ocrx_word' id='word_1_185' title='bbox 2634 1230 2729 1285; x_wconf 78' lang='grc' dir='ltr'>τοῦ</span> <span class='ocrx_word' id='word_1_186' title='bbox 2778 1229 2945 1284; x_wconf 83' lang='grc' dir='ltr'>πάλαι</span> <span class='ocrx_word' id='word_1_187' title='bbox 2976 1226 3106 1283; x_wconf 80' lang='grc' dir='ltr'>ναοῦ</span> <span class='ocrx_word' id='word_1_188' title='bbox 3132 1244 3147 1260; x_wconf 71' lang='grc'><strong><em>³</em></strong></span> <span class='ocrx_word' id='word_1_189' title='bbox 3179 1228 3279 1280; x_wconf 77' lang='grc' dir='ltr'><strong>οὐκ</strong></span> <span class='ocrx_word' id='word_1_190' title='bbox 3319 1221 3389 1297; x_wconf 76' lang='grc' dir='ltr'>ἧν</span> <span class='ocrx_word' id='word_1_191' title='bbox 3434 1224 3597 1278; x_wconf 83' lang='grc' dir='ltr'><strong>θυσία</strong></span> <span class='ocrx_word' id='word_1_192' title='bbox 3650 1221 3745 1276; x_wconf 72' lang='grc' dir='ltr'><strong>καὶ</strong></span> 
     </span>
    </p>
   </div>
   <div class='ocr_carea' id='block_1_28' title="bbox 2161 1314 3745 1395">
    <p class='ocr_par' dir='ltr' id='par_1_28' title="bbox 2161 1314 3745 1395">
     <span class='ocr_line' id='line_1_28' title="bbox 2161 1314 3745 1395; baseline -0.008 -18"><span class='ocrx_word' id='word_1_193' title='bbox 2161 1323 2383 1395; x_wconf 81' lang='grc' dir='ltr'>σπονδὴ,</span> <span class='ocrx_word' id='word_1_194' title='bbox 2418 1325 2492 1394; x_wconf 80' lang='grc' dir='ltr'>μὴ</span> <span class='ocrx_word' id='word_1_195' title='bbox 2533 1322 2768 1385; x_wconf 79' lang='grc' dir='ltr'>ἑστῶτος</span> <span class='ocrx_word' id='word_1_196' title='bbox 2794 1319 3206 1391; x_wconf 85' lang='grc' dir='ltr'>θυσιαστηρίου.</span> <span class='ocrx_word' id='word_1_197' title='bbox 3233 1314 3367 1371; x_wconf 77' lang='grc' dir='ltr'>Εῐτα</span> <span class='ocrx_word' id='word_1_198' title='bbox 3400 1315 3745 1386; x_wconf 73' lang='grc' dir='ltr'>προῦτρεπεν</span> 
     </span>
    </p>
   </div>
   <div class='ocr_carea' id='block_1_29' title="bbox 2158 1407 3744 1477">
    <p class='ocr_par' dir='ltr' id='par_1_29' title="bbox 2158 1407 3744 1477">
     <span class='ocr_line' id='line_1_29' title="bbox 2158 1407 3744 1477; baseline -0.007 -7"><span class='ocrx_word' id='word_1_199' title='bbox 2158 1419 2187 1470; x_wconf 89' lang='lat'><strong>6</strong></span> <span class='ocrx_word' id='word_1_200' title='bbox 2248 1416 2357 1469; x_wconf 88' lang='grc' dir='ltr'><strong>τῶν</strong></span> <span class='ocrx_word' id='word_1_201' title='bbox 2411 1416 2548 1470; x_wconf 83' lang='grc' dir='ltr'>ὅλων</span> <span class='ocrx_word' id='word_1_202' title='bbox 2608 1414 2767 1477; x_wconf 80' lang='grc' dir='ltr'>Θεὸς,</span> <span class='ocrx_word' id='word_1_203' title='bbox 2799 1414 2906 1467; x_wconf 91' lang='grc' dir='ltr'><strong>τῶν</strong></span> <span class='ocrx_word' id='word_1_204' title='bbox 2949 1412 3125 1474; x_wconf 78' lang='grc' dir='ltr'>οὓτως</span> <span class='ocrx_word' id='word_1_205' title='bbox 3176 1412 3359 1475; x_wconf 77' lang='grc' dir='ltr'>αὐτοῖς</span> <span class='ocrx_word' id='word_1_206' title='bbox 3427 1407 3744 1476; x_wconf 73' lang='grc' dir='ltr'>ἀναγκαίων</span> 
     </span>
    </p>
   </div>
   <div class='ocr_carea' id='block_1_30' title="bbox 2160 1496 3743 1576">
    <p class='ocr_par' dir='ltr' id='par_1_30' title="bbox 2160 1496 3743 1576">
     <span class='ocr_line' id='line_1_30' title="bbox 2160 1496 3743 1576; baseline -0.006 -19"><span class='ocrx_word' id='word_1_207' title='bbox 2160 1505 2629 1576; x_wconf 81' lang='grc' dir='ltr'>προὺργιαιτάτην</span> <span class='ocrx_word' id='word_1_208' title='bbox 2688 1501 2877 1555; x_wconf 79' lang='grc' dir='ltr'>θέσθαι</span> <span class='ocrx_word' id='word_1_209' title='bbox 2911 1500 3190 1571; x_wconf 75' lang='grc' dir='ltr'>φροντίδα,</span> <span class='ocrx_word' id='word_1_210' title='bbox 3223 1500 3316 1552; x_wconf 72' lang='grc' dir='ltr'><strong>καὶ</strong></span> <span class='ocrx_word' id='word_1_211' title='bbox 3346 1496 3743 1568; x_wconf 79' lang='grc' dir='ltr'><strong>ἀναδείμασθαι</strong></span> 
     </span>
    </p>
   </div>
   <div class='ocr_carea' id='block_1_31' title="bbox 2162 1587 3742 1668">
    <p class='ocr_par' dir='ltr' id='par_1_31' title="bbox 2162 1587 3742 1668">
     <span class='ocr_line' id='line_1_31' title="bbox 2162 1587 3742 1668; baseline -0.008 -18"><span class='ocrx_word' id='word_1_212' title='bbox 2162 1597 2263 1668; x_wconf 76' lang='grc' dir='ltr'><strong>μὲν</strong></span> <span class='ocrx_word' id='word_1_213' title='bbox 2289 1596 2381 1650; x_wconf 72' lang='grc' dir='ltr'>τὸν</span> <span class='ocrx_word' id='word_1_214' title='bbox 2414 1596 2561 1660; x_wconf 69' lang='grc' dir='ltr'>ναὸν,</span> <span class='ocrx_word' id='word_1_215' title='bbox 2606 1593 2914 1666; x_wconf 82' lang='grc' dir='ltr'>ἀνορθῶσαι</span> <span class='ocrx_word' id='word_1_216' title='bbox 2960 1591 3017 1645; x_wconf 84' lang='grc' dir='ltr'>δὲ</span> <span class='ocrx_word' id='word_1_217' title='bbox 3056 1590 3151 1645; x_wconf 74' lang='grc' dir='ltr'>καὶ</span> <span class='ocrx_word' id='word_1_218' title='bbox 3191 1590 3252 1644; x_wconf 80' lang='grc' dir='ltr'><strong>τὸ</strong></span> <span class='ocrx_word' id='word_1_219' title='bbox 3312 1588 3454 1642; x_wconf 86' lang='grc' dir='ltr'>θεῖον</span> <span class='ocrx_word' id='word_1_220' title='bbox 3487 1590 3545 1641; x_wconf 86' lang='grc' dir='ltr'>ὲν</span> <span class='ocrx_word' id='word_1_221' title='bbox 3588 1587 3742 1656; x_wconf 81' lang='grc' dir='ltr'>αὐτῷ</span> 
     </span>
    </p>
   </div>
   <div class='ocr_carea' id='block_1_32' title="bbox 2143 1675 3742 1759">
    <p class='ocr_par' dir='ltr' id='par_1_32' title="bbox 2143 1675 3742 1759">
     <span class='ocr_line' id='line_1_32' title="bbox 2143 1675 3742 1759; baseline -0.007 -17"><span class='ocrx_word' id='word_1_222' title='bbox 2143 1688 2566 1759; x_wconf 73' lang='grc' dir='ltr'>θυσιαστήριον,</span> <span class='ocrx_word' id='word_1_223' title='bbox 2596 1686 2671 1750; x_wconf 81' lang='grc' dir='ltr'>ὡς</span> <span class='ocrx_word' id='word_1_224' title='bbox 2696 1687 2762 1739; x_wconf 84' lang='grc' dir='ltr'><strong>ἂν</strong></span> <span class='ocrx_word' id='word_1_225' title='bbox 2786 1685 2961 1756; x_wconf 77' lang='grc' dir='ltr'>ἔχοιεν</span> <span class='ocrx_word' id='word_1_226' title='bbox 2992 1681 3381 1754; x_wconf 80' lang='grc' dir='ltr'>ἀποπεραίνειν</span> <span class='ocrx_word' id='word_1_227' title='bbox 3410 1675 3468 1734; x_wconf 76' lang='grc' dir='ltr'>εὖ</span> <span class='ocrx_word' id='word_1_228' title='bbox 3504 1679 3647 1751; x_wconf 84' lang='grc' dir='ltr'>μάλα</span> <span class='ocrx_word' id='word_1_229' title='bbox 3673 1679 3742 1732; x_wconf 81' lang='grc' dir='ltr'>τὰ</span> 
     </span>
    </p>
   </div>
   <div class='ocr_carea' id='block_1_33' title="bbox 2161 1770 3742 1852">
    <p class='ocr_par' dir='ltr' id='par_1_33' title="bbox 2161 1770 3742 1852">
     <span class='ocr_line' id='line_1_33' title="bbox 2161 1770 3742 1852; baseline -0.006 -20"><span class='ocrx_word' id='word_1_230' title='bbox 2161 1780 2542 1852; x_wconf 77' lang='grc' dir='ltr'>νενομισμένα,</span> <span class='ocrx_word' id='word_1_231' title='bbox 2598 1778 2691 1832; x_wconf 78' lang='grc' dir='ltr'><strong>καὶ</strong></span> <span class='ocrx_word' id='word_1_232' title='bbox 2728 1773 3247 1847; x_wconf 85' lang='grc' dir='ltr'>καταμειλίσσεσθαι</span> <span class='ocrx_word' id='word_1_233' title='bbox 3307 1773 3401 1827; x_wconf 82' lang='grc' dir='ltr'><strong>τὸν</strong></span> <span class='ocrx_word' id='word_1_234' title='bbox 3451 1771 3561 1824; x_wconf 90' lang='grc' dir='ltr'><strong>τῶν</strong></span> <span class='ocrx_word' id='word_1_235' title='bbox 3605 1770 3742 1823; x_wconf 74' lang='grc' dir='ltr'>ὅλων</span> 
     </span>
    </p>
   </div>
   <div class='ocr_carea' id='block_1_34' title="bbox 457 1860 2056 1940">
    <p class='ocr_par' dir='ltr' id='par_1_34' title="bbox 457 1867 2053 1940">
     <span class='ocr_line' id='line_1_34' title="bbox 457 1867 2053 1940; baseline 0.006 -20"><span class='ocrx_word' id='word_1_236' title='bbox 457 1867 523 1927; x_wconf 72' lang='lat' dir='ltr'><strong>Et</strong></span> <span class='ocrx_word' id='word_1_237' title='bbox 554 1882 673 1921; x_wconf 87' lang='lat' dir='ltr'><strong>cum</strong></span> <span class='ocrx_word' id='word_1_238' title='bbox 711 1870 931 1940; x_wconf 83' lang='lat' dir='ltr'><strong>insuper</strong></span> <span class='ocrx_word' id='word_1_239' title='bbox 962 1872 1127 1928; x_wconf 74' lang='lat' dir='ltr'><strong>Deum</strong></span> <span class='ocrx_word' id='word_1_240' title='bbox 1181 1870 1533 1938; x_wconf 77' lang='lat' dir='ltr'><strong>offenderent,</strong></span> <span class='ocrx_word' id='word_1_241' title='bbox 1587 1876 1791 1930; x_wconf 63' lang='lat' dir='ltr'><strong>crebris</strong></span> <span class='ocrx_word' id='word_1_242' title='bbox 1837 1884 1893 1931; x_wconf 87' lang='lat' dir='ltr'><strong>et.</strong></span> <span class='ocrx_word' id='word_1_243' title='bbox 1951 1877 2053 1930; x_wconf 82' lang='lat' dir='ltr'><strong>alia</strong></span> 
     </span>
    </p>
   </div>
   <div class='ocr_carea' id='block_1_35' title="bbox 2159 1860 3743 1940">
    <p class='ocr_par' dir='ltr' id='par_1_35' title="bbox 2159 1861 3743 1936">
     <span class='ocr_line' id='line_1_35' title="bbox 2159 1861 3743 1936; baseline -0.008 -12"><span class='ocrx_word' id='word_1_244' title='bbox 2159 1871 2310 1924; x_wconf 76' lang='grc' dir='ltr'>Θεόν.</span> <span class='ocrx_word' id='word_1_245' title='bbox 2333 1870 2397 1924; x_wconf 86' lang='grc' dir='ltr'>Οἱ</span> <span class='ocrx_word' id='word_1_246' title='bbox 2419 1869 2475 1922; x_wconf 80' lang='grc' dir='ltr'>δὲ</span> <span class='ocrx_word' id='word_1_247' title='bbox 2500 1868 2760 1931; x_wconf 77' lang='grc' dir='ltr'><strong>ποικίλως</strong></span> <span class='ocrx_word' id='word_1_248' title='bbox 2783 1863 3264 1936; x_wconf 77' lang='grc' dir='ltr'>διανεδάλ[λ]οντυ,</span> <span class='ocrx_word' id='word_1_249' title='bbox 3300 1863 3432 1915; x_wconf 75' lang='grc' dir='ltr'>ποτὶ</span> <span class='ocrx_word' id='word_1_250' title='bbox 3464 1861 3562 1932; x_wconf 82' lang='grc' dir='ltr'>μὲν</span> <span class='ocrx_word' id='word_1_251' title='bbox 3601 1878 3743 1931; x_wconf 77' lang='grc' dir='ltr'>χρηο</span> 
     </span>
    </p>
   </div>
   <div class='ocr_carea' id='block_1_36' title="bbox 458 1958 2052 2036">
    <p class='ocr_par' dir='ltr' id='par_1_36' title="bbox 458 1958 2052 2036">
     <span class='ocr_line' id='line_1_36' title="bbox 458 1958 2052 2036; baseline 0.006 -28"><span class='ocrx_word' id='word_1_252' title='bbox 458 1967 580 2027; x_wconf 77' lang='lat' dir='ltr'><strong>post</strong></span> <span class='ocrx_word' id='word_1_253' title='bbox 616 1958 775 2012; x_wconf 88' lang='lat' dir='ltr'><strong>aliam</strong></span> <span class='ocrx_word' id='word_1_254' title='bbox 795 1961 967 2030; x_wconf 78' lang='lat' dir='ltr'><strong>plagis</strong></span> <span class='ocrx_word' id='word_1_255' title='bbox 992 1963 1349 2031; x_wconf 82' lang='lat' dir='ltr'><strong>feriebantur,</strong></span> <span class='ocrx_word' id='word_1_256' title='bbox 1369 1960 1778 2032; x_wconf 85' lang='lat' dir='ltr'><strong>sterilitatibus,</strong></span> <span class='ocrx_word' id='word_1_257' title='bbox 1807 1967 2052 2036; x_wconf 86' lang='lat' dir='ltr'><strong>inquam,</strong></span> 
     </span>
    </p>
   </div>
   <div class='ocr_carea' id='block_1_37' title="bbox 457 2047 2053 2130">
    <p class='ocr_par' dir='ltr' id='par_1_37' title="bbox 457 2047 2053 2130">
     <span class='ocr_line' id='line_1_37' title="bbox 457 2047 2053 2130; baseline 0.007 -32"><span class='ocrx_word' id='word_1_258' title='bbox 457 2047 581 2102; x_wconf 70' lang='grc' dir='ltr'>«ιειί</span> <span class='ocrx_word' id='word_1_259' title='bbox 676 2053 1144 2122; x_wconf 89' lang='lat' dir='ltr'><strong>corruptiouibus,</strong></span> <span class='ocrx_word' id='word_1_260' title='bbox 1234 2066 1288 2112; x_wconf 89' lang='lat' dir='ltr'><strong>et.</strong></span> <span class='ocrx_word' id='word_1_261' title='bbox 1363 2060 1661 2117; x_wconf 85' lang='lat' dir='ltr'><strong>vicinorum</strong></span> <span class='ocrx_word' id='word_1_262' title='bbox 1733 2060 2053 2130; x_wconf 88' lang='lat' dir='ltr'><strong>populorum</strong></span> 
     </span>
    </p>
   </div>
   <div class='ocr_carea' id='block_1_38' title="bbox 460 2140 2057 2207">
    <p class='ocr_par' dir='ltr' id='par_1_38' title="bbox 460 2140 2057 2207">
     <span class='ocr_line' id='line_1_38' title="bbox 460 2140 2057 2207; baseline 0.006 -14"><span class='ocrx_word' id='word_1_263' title='bbox 460 2140 917 2207; x_wconf 84' lang='lat' dir='ltr'><strong>impressionibus</strong></span> <span class='ocrx_word' id='word_1_264' title='bbox 960 2146 1048 2199; x_wconf 82' lang='lat' dir='ltr'><strong>&#39;et</strong></span> <span class='ocrx_word' id='word_1_265' title='bbox 1126 2146 1549 2207; x_wconf 83' lang='lat' dir='ltr'><strong>incursionibus.</strong></span> <span class='ocrx_word' id='word_1_266' title='bbox 1613 2148 1871 2206; x_wconf 89' lang='lat' dir='ltr'><strong>Criminis</strong></span> <span class='ocrx_word' id='word_1_267' title='bbox 1960 2163 2057 2202; x_wconf 85' lang='lat' dir='ltr'><strong>au-</strong></span> 
     </span>
    </p>
   </div>
   <div class='ocr_carea' id='block_1_39' title="bbox 457 2230 2058 2311">
    <p class='ocr_par' dir='ltr' id='par_1_39' title="bbox 457 2230 2058 2311">
     <span class='ocr_line' id='line_1_39' title="bbox 457 2230 2058 2311; baseline 0.008 -31"><span class='ocrx_word' id='word_1_268' title='bbox 457 2236 565 2282; x_wconf 88' lang='lat' dir='ltr'><strong>tem</strong></span> <span class='ocrx_word' id='word_1_269' title='bbox 597 2230 717 2286; x_wconf 90' lang='lat' dir='ltr'><strong>loco</strong></span> <span class='ocrx_word' id='word_1_270' title='bbox 739 2233 1112 2289; x_wconf 87' lang='lat' dir='ltr'><strong>universorum</strong></span> <span class='ocrx_word' id='word_1_271' title='bbox 1154 2235 1295 2293; x_wconf 87' lang='lat' dir='ltr'><strong>Deos</strong></span> <span class='ocrx_word' id='word_1_272' title='bbox 1322 2239 1430 2294; x_wconf 91' lang='lat' dir='ltr'><strong>illis</strong></span> <span class='ocrx_word' id='word_1_273' title='bbox 1477 2241 1727 2297; x_wconf 84' lang='lat' dir='ltr'><strong>inertiam</strong></span> <span class='ocrx_word' id='word_1_274' title='bbox 1752 2241 1960 2311; x_wconf 82' lang='lat' dir='ltr'><strong>objicit,</strong></span> <span class='ocrx_word' id='word_1_275' title='bbox 1983 2243 2058 2295; x_wconf 83' lang='lat' dir='ltr'><strong>ita</strong></span> 
     </span>
    </p>
   </div>
   <div class='ocr_carea' id='block_1_40' title="bbox 458 2323 2057 2403">
    <p class='ocr_par' dir='ltr' id='par_1_40' title="bbox 458 2323 2057 2403">
     <span class='ocr_line' id='line_1_40' title="bbox 458 2323 2057 2403; baseline 0.012 -32"><span class='ocrx_word' id='word_1_276' title='bbox 458 2333 555 2386; x_wconf 90' lang='lat' dir='ltr'><strong>per</strong></span> <span class='ocrx_word' id='word_1_277' title='bbox 602 2323 921 2393; x_wconf 88' lang='lat' dir='ltr'><strong>prophetam</strong></span> <span class='ocrx_word' id='word_1_278' title='bbox 979 2325 1237 2397; x_wconf 72' lang='lat' dir='ltr'><strong>Aggatum</strong></span> <span class='ocrx_word' id='word_1_279' title='bbox 1300 2328 1566 2399; x_wconf 88' lang='lat' dir='ltr'><strong>loquens:</strong></span> <span class='ocrx_word' id='word_1_280' title='bbox 1613 2350 1633 2385; x_wconf 80' lang='grc' dir='ltr'><strong>ι</strong></span> <span class='ocrx_word' id='word_1_281' title='bbox 1672 2333 1911 2403; x_wconf 85' lang='lat' dir='ltr'><strong>Populus</strong></span> <span class='ocrx_word' id='word_1_282' title='bbox 1967 2336 2057 2389; x_wconf 90' lang='lat' dir='ltr'><strong>hic</strong></span> 
     </span>
    </p>
   </div>
   <div class='ocr_carea' id='block_1_41' title="bbox 458 2407 2054 2486">
    <p class='ocr_par' dir='ltr' id='par_1_41' title="bbox 458 2407 2054 2486">
     <span class='ocr_line' id='line_1_41' title="bbox 458 2407 2054 2486; baseline 0.014 -28"><span class='ocrx_word' id='word_1_283' title='bbox 458 2407 592 2463; x_wconf 81' lang='lat' dir='ltr'><strong>dicit</strong></span> <span class='ocrx_word' id='word_1_284' title='bbox 625 2426 639 2463; x_wconf 90' lang='lat'><strong>:</strong></span> <span class='ocrx_word' id='word_1_285' title='bbox 668 2408 785 2466; x_wconf 85' lang='lat' dir='ltr'><strong>Non</strong></span> <span class='ocrx_word' id='word_1_286' title='bbox 821 2414 973 2468; x_wconf 78' lang='lat' dir='ltr'><strong>venit</strong></span> <span class='ocrx_word' id='word_1_287' title='bbox 1002 2423 1217 2486; x_wconf 91' lang='lat' dir='ltr'><strong>tempus</strong></span> <span class='ocrx_word' id='word_1_288' title='bbox 1241 2418 1543 2475; x_wconf 66' lang='lat' dir='ltr'><strong>aediﬁcandi</strong></span> <span class='ocrx_word' id='word_1_289' title='bbox 1574 2422 1791 2477; x_wconf 90' lang='lat' dir='ltr'><strong>domum</strong></span> <span class='ocrx_word' id='word_1_290' title='bbox 1822 2424 2054 2479; x_wconf 89' lang='lat' dir='ltr'><strong>Domini.</strong></span> 
     </span>
    </p>
   </div>
   <div class='ocr_carea' id='block_1_42' title="bbox 458 2496 2057 2571">
    <p class='ocr_par' dir='ltr' id='par_1_42' title="bbox 458 2496 2057 2571">
     <span class='ocr_line' id='line_1_42' title="bbox 458 2496 2057 2571; baseline 0.011 -21"><span class='ocrx_word' id='word_1_291' title='bbox 458 2496 517 2551; x_wconf 77' lang='lat' dir='ltr'><strong>Si</strong></span> <span class='ocrx_word' id='word_1_292' title='bbox 572 2507 783 2569; x_wconf 90' lang='lat' dir='ltr'><strong>tempus</strong></span> <span class='ocrx_word' id='word_1_293' title='bbox 836 2502 1051 2571; x_wconf 88' lang='lat' dir='ltr'><strong>quidem</strong></span> <span class='ocrx_word' id='word_1_294' title='bbox 1106 2505 1258 2562; x_wconf 83' lang='lat' dir='ltr'><strong>vobis</strong></span> <span class='ocrx_word' id='word_1_295' title='bbox 1303 2516 1387 2563; x_wconf 87' lang='lat' dir='ltr'><strong>est</strong></span> <span class='ocrx_word' id='word_1_296' title='bbox 1428 2509 1676 2567; x_wconf 87' lang='lat' dir='ltr'><strong>habitare</strong></span> <span class='ocrx_word' id='word_1_297' title='bbox 1701 2511 1754 2565; x_wconf 92' lang='lat' dir='ltr'><strong>in</strong></span> <span class='ocrx_word' id='word_1_298' title='bbox 1808 2512 2057 2568; x_wconf 88' lang='lat' dir='ltr'><strong>domibus</strong></span> 
     </span>
    </p>
   </div>
   <div class='ocr_carea' id='block_1_43' title="bbox 458 2589 2055 2657">
    <p class='ocr_par' dir='ltr' id='par_1_43' title="bbox 458 2589 2055 2657">
     <span class='ocr_line' id='line_1_43' title="bbox 458 2589 2055 2657; baseline 0.009 -16"><span class='ocrx_word' id='word_1_299' title='bbox 458 2589 733 2657; x_wconf 82' lang='lat' dir='ltr'><strong>concavis,</strong></span> <span class='ocrx_word' id='word_1_300' title='bbox 768 2590 964 2647; x_wconf 87' lang='lat' dir='ltr'><strong>domus</strong></span> <span class='ocrx_word' id='word_1_301' title='bbox 995 2603 1177 2650; x_wconf 90' lang='lat' dir='ltr'><strong>autem</strong></span> <span class='ocrx_word' id='word_1_302' title='bbox 1206 2595 1423 2651; x_wconf 89' lang='lat' dir='ltr'><strong>Domini</strong></span> <span class='ocrx_word' id='word_1_303' title='bbox 1472 2599 1573 2653; x_wconf 86' lang='lat' dir='ltr'><strong>ista</strong></span> <span class='ocrx_word' id='word_1_304' title='bbox 1625 2614 1735 2654; x_wconf 90' lang='lat' dir='ltr'><strong>non</strong></span> <span class='ocrx_word' id='word_1_305' title='bbox 1789 2600 2055 2656; x_wconf 79' lang='lat' dir='ltr'><strong>tedilicata</strong></span> 
     </span>
    </p>
   </div>
   <div class='ocr_carea' id='block_1_44' title="bbox 456 2680 2059 2761">
    <p class='ocr_par' dir='ltr' id='par_1_44' title="bbox 456 2680 2059 2761">
     <span class='ocr_line' id='line_1_44' title="bbox 456 2680 2059 2761; baseline 0.007 -28"><span class='ocrx_word' id='word_1_306' title='bbox 456 2687 542 2733; x_wconf 77' lang='lat' dir='ltr'><strong>est</strong></span> <span class='ocrx_word' id='word_1_307' title='bbox 568 2680 666 2733; x_wconf 67' lang='grc' dir='ltr'><strong>υ.»</strong></span> <span class='ocrx_word' id='word_1_308' title='bbox 695 2681 828 2736; x_wconf 89' lang='lat' dir='ltr'><strong>Cum</strong></span> <span class='ocrx_word' id='word_1_309' title='bbox 862 2684 1027 2750; x_wconf 87' lang='lat' dir='ltr'><strong>enim,</strong></span> <span class='ocrx_word' id='word_1_310' title='bbox 1053 2696 1115 2741; x_wconf 84' lang='lat' dir='ltr'><strong>ut</strong></span> <span class='ocrx_word' id='word_1_311' title='bbox 1143 2688 1273 2755; x_wconf 74' lang='lat' dir='ltr'><strong>dixi,</strong></span> <span class='ocrx_word' id='word_1_312' title='bbox 1297 2692 1349 2744; x_wconf 81' lang='lat' dir='ltr'><strong>in</strong></span> <span class='ocrx_word' id='word_1_313' title='bbox 1380 2689 1682 2745; x_wconf 86' lang='lat' dir='ltr'><strong>socordiam</strong></span> <span class='ocrx_word' id='word_1_314' title='bbox 1704 2699 1759 2744; x_wconf 89' lang='lat' dir='ltr'><strong>et</strong></span> <span class='ocrx_word' id='word_1_315' title='bbox 1781 2690 2059 2761; x_wconf 79' lang='lat' dir='ltr'><strong>negligen-</strong></span> 
     </span>
    </p>
   </div>
   <div class='ocr_carea' id='block_1_45' title="bbox 462 2769 2058 2851">
    <p class='ocr_par' dir='ltr' id='par_1_45' title="bbox 462 2769 2058 2851">
     <span class='ocr_line' id='line_1_45' title="bbox 462 2769 2058 2851; baseline 0.009 -28"><span class='ocrx_word' id='word_1_316' title='bbox 462 2769 595 2824; x_wconf 86' lang='lat' dir='ltr'><strong>tiam</strong></span> <span class='ocrx_word' id='word_1_317' title='bbox 640 2775 876 2830; x_wconf 77' lang='lat' dir='ltr'><strong>maxime</strong></span> <span class='ocrx_word' id='word_1_318' title='bbox 914 2778 1331 2834; x_wconf 83' lang='lat' dir='ltr'><strong>conducibiiinm</strong></span> <span class='ocrx_word' id='word_1_319' title='bbox 1377 2781 2058 2851; x_wconf 61' lang='lat' dir='ltr'><strong>praecipitassent,crebris</strong></span> 
     </span>
    </p>
   </div>
   <div class='ocr_carea' id='block_1_46' title="bbox 457 2861 2056 2943">
    <p class='ocr_par' dir='ltr' id='par_1_46' title="bbox 457 2861 2056 2943">
     <span class='ocr_line' id='line_1_46' title="bbox 457 2861 2056 2943; baseline 0.008 -29"><span class='ocrx_word' id='word_1_320' title='bbox 457 2861 790 2928; x_wconf 70' lang='lat' dir='ltr'><strong>egestatibus</strong></span> <span class='ocrx_word' id='word_1_321' title='bbox 814 2877 869 2920; x_wconf 89' lang='lat' dir='ltr'><strong>et</strong></span> <span class='ocrx_word' id='word_1_322' title='bbox 883 2865 1036 2923; x_wconf 84' lang='lat' dir='ltr'><strong>bellis</strong></span> <span class='ocrx_word' id='word_1_323' title='bbox 1073 2882 1102 2921; x_wconf 88' lang='lat' dir='ltr'><strong>a</strong></span> <span class='ocrx_word' id='word_1_324' title='bbox 1135 2868 1328 2925; x_wconf 87' lang='lat' dir='ltr'><strong>vicinis</strong></span> <span class='ocrx_word' id='word_1_325' title='bbox 1352 2869 1735 2927; x_wconf 83' lang='lat' dir='ltr'><strong>multabantur.</strong></span> <span class='ocrx_word' id='word_1_326' title='bbox 1766 2872 2056 2943; x_wconf 83' lang='lat' dir='ltr'><strong>Postquam</strong></span> 
     </span>
    </p>
   </div>
   <div class='ocr_carea' id='block_1_47' title="bbox 456 2957 2056 3034">
    <p class='ocr_par' dir='ltr' id='par_1_47' title="bbox 456 2957 2056 3034">
     <span class='ocr_line' id='line_1_47' title="bbox 456 2957 2056 3034; baseline 0.009 -31"><span class='ocrx_word' id='word_1_327' title='bbox 456 2960 633 3010; x_wconf 75' lang='lat' dir='ltr'><strong>autem</strong></span> <span class='ocrx_word' id='word_1_328' title='bbox 666 2957 921 3026; x_wconf 88' lang='lat' dir='ltr'><strong>templum</strong></span> <span class='ocrx_word' id='word_1_329' title='bbox 977 2959 1392 3029; x_wconf 84' lang='lat' dir='ltr'><strong>rcaedilicarunt,</strong></span> <span class='ocrx_word' id='word_1_330' title='bbox 1457 2963 1717 3034; x_wconf 88' lang='lat' dir='ltr'><strong>supplicia</strong></span> <span class='ocrx_word' id='word_1_331' title='bbox 1763 2965 2056 3029; x_wconf 84' lang='lat' dir='ltr'><strong>desierunt,</strong></span> 
     </span>
    </p>
   </div>
   <div class='ocr_carea' id='block_1_48' title="bbox 374 3050 2059 3125">
    <p class='ocr_par' dir='ltr' id='par_1_48' title="bbox 374 3050 2059 3125">
     <span class='ocr_line' id='line_1_48' title="bbox 374 3050 2059 3125; baseline 0.002 -19"><span class='ocrx_word' id='word_1_332' title='bbox 374 3103 387 3116; x_wconf 74' lang='grc'><strong>,</strong></span> <span class='ocrx_word' id='word_1_333' title='bbox 458 3055 512 3107; x_wconf 76' lang='lat' dir='ltr'><strong>ct</strong></span> <span class='ocrx_word' id='word_1_334' title='bbox 564 3050 922 3119; x_wconf 86' lang='lat' dir='ltr'><strong>suppetebant</strong></span> <span class='ocrx_word' id='word_1_335' title='bbox 976 3051 1081 3107; x_wconf 82' lang='lat' dir='ltr'><strong>illis</strong></span> <span class='ocrx_word' id='word_1_336' title='bbox 1140 3052 1343 3119; x_wconf 82' lang='lat' dir='ltr'><strong>omnia,</strong></span> <span class='ocrx_word' id='word_1_337' title='bbox 1398 3054 1795 3125; x_wconf 84' lang='lat' dir='ltr'><strong>utebanturque</strong></span> <span class='ocrx_word' id='word_1_338' title='bbox 1898 3057 2059 3110; x_wconf 88' lang='lat' dir='ltr'><strong>rebus</strong></span> 
     </span>
    </p>
   </div>
   <div class='ocr_carea' id='block_1_49' title="bbox 460 3141 2062 3214">
    <p class='ocr_par' dir='ltr' id='par_1_49' title="bbox 460 3141 2062 3214">
     <span class='ocr_line' id='line_1_49' title="bbox 460 3141 2062 3214; baseline 0.002 -17"><span class='ocrx_word' id='word_1_339' title='bbox 460 3142 886 3199; x_wconf 83' lang='lat' dir='ltr'><strong>secundissimis.</strong></span> <span class='ocrx_word' id='word_1_340' title='bbox 941 3141 1150 3200; x_wconf 75' lang='lat' dir='ltr'><strong>Idcirco</strong></span> <span class='ocrx_word' id='word_1_341' title='bbox 1176 3147 1251 3202; x_wconf 88' lang='lat' dir='ltr'><strong>ait</strong></span> <span class='ocrx_word' id='word_1_342' title='bbox 1284 3164 1296 3201; x_wconf 94' lang='lat'><strong>:</strong></span> <span class='ocrx_word' id='word_1_343' title='bbox 1333 3166 1351 3199; x_wconf 81' lang='grc' dir='ltr'><strong>ι</strong></span> <span class='ocrx_word' id='word_1_344' title='bbox 1387 3147 1526 3203; x_wconf 82' lang='lat' dir='ltr'><strong>Ante</strong></span> <span class='ocrx_word' id='word_1_345' title='bbox 1553 3148 1669 3204; x_wconf 85' lang='lat' dir='ltr'><strong>dies</strong></span> <span class='ocrx_word' id='word_1_346' title='bbox 1718 3149 1873 3214; x_wconf 90' lang='lat' dir='ltr'><strong>istos,</strong></span> <span class='ocrx_word' id='word_1_347' title='bbox 1909 3165 1930 3199; x_wconf 74' lang='grc' dir='ltr'><strong>ι</strong></span> <span class='ocrx_word' id='word_1_348' title='bbox 1959 3149 2062 3201; x_wconf 90' lang='lat' dir='ltr'><strong>hoc</strong></span> 
     </span>
    </p>
   </div>
   <div class='ocr_carea' id='block_1_50' title="bbox 2161 1952 3742 2031">
    <p class='ocr_par' dir='ltr' id='par_1_50' title="bbox 2161 1952 3742 2031">
     <span class='ocr_line' id='line_1_50' title="bbox 2161 1952 3742 2031; baseline -0.007 -18"><span class='ocrx_word' id='word_1_349' title='bbox 2161 1962 2347 2031; x_wconf 77' lang='grc' dir='ltr'>μάτων</span> <span class='ocrx_word' id='word_1_350' title='bbox 2383 1958 2742 2030; x_wconf 72' lang='grc' dir='ltr'>πλαττόμενοι</span> <span class='ocrx_word' id='word_1_351' title='bbox 2771 1958 2986 2020; x_wconf 81' lang='grc' dir='ltr'>σπάνιν,</span> <span class='ocrx_word' id='word_1_352' title='bbox 3025 1955 3157 2009; x_wconf 77' lang='grc' dir='ltr'>ποτὲ</span> <span class='ocrx_word' id='word_1_353' title='bbox 3192 1954 3251 2008; x_wconf 81' lang='grc' dir='ltr'>δὲ</span> <span class='ocrx_word' id='word_1_354' title='bbox 3281 1954 3390 2007; x_wconf 83' lang='grc' dir='ltr'><strong>τῶν</strong></span> <span class='ocrx_word' id='word_1_355' title='bbox 3423 1952 3742 2006; x_wconf 73' lang='grc' dir='ltr'>κωλυόντων</span> 
     </span>
    </p>
   </div>
   <div class='ocr_carea' id='block_1_51' title="bbox 2156 2038 3740 2121">
    <p class='ocr_par' dir='ltr' id='par_1_51' title="bbox 2156 2038 3740 2121">
     <span class='ocr_line' id='line_1_51' title="bbox 2156 2038 3740 2121; baseline -0.007 -17"><span class='ocrx_word' id='word_1_356' title='bbox 2156 2051 2459 2121; x_wconf 78' lang='grc' dir='ltr'>οἰκοδομεῖν</span> <span class='ocrx_word' id='word_1_357' title='bbox 2502 2049 2833 2120; x_wconf 81' lang='grc' dir='ltr'>δυστροπίας</span> <span class='ocrx_word' id='word_1_358' title='bbox 2880 2043 3368 2117; x_wconf 64' lang='grc' dir='ltr'>προφασιζόμενοι.</span> <span class='ocrx_word' id='word_1_359' title='bbox 3410 2038 3543 2096; x_wconf 76' lang='grc' dir='ltr'>Εἶτα</span> <span class='ocrx_word' id='word_1_360' title='bbox 3570 2058 3740 2112; x_wconf 83' lang='grc' dir='ltr'>προσ-</span> 
     </span>
    </p>
   </div>
   <div class='ocr_carea' id='block_1_52' title="bbox 2156 2134 3742 2216">
    <p class='ocr_par' dir='ltr' id='par_1_52' title="bbox 2156 2134 3742 2216">
     <span class='ocr_line' id='line_1_52' title="bbox 2156 2134 3742 2216; baseline -0.006 -19"><span class='ocrx_word' id='word_1_361' title='bbox 2156 2143 2446 2216; x_wconf 84' lang='grc' dir='ltr'>κρούοντες</span> <span class='ocrx_word' id='word_1_362' title='bbox 2476 2142 2611 2215; x_wconf 76' lang='grc' dir='ltr'>πρὸς</span> <span class='ocrx_word' id='word_1_363' title='bbox 2654 2142 2812 2195; x_wconf 78' lang='grc' dir='ltr'>τοῦτο</span> <span class='ocrx_word' id='word_1_364' title='bbox 2848 2139 2987 2211; x_wconf 78' lang='grc' dir='ltr'>Θεῷ,</span> <span class='ocrx_word' id='word_1_365' title='bbox 3044 2140 3265 2209; x_wconf 76' lang='grc' dir='ltr'>συχναῖς</span> <span class='ocrx_word' id='word_1_366' title='bbox 3317 2136 3411 2190; x_wconf 76' lang='grc' dir='ltr'><strong>καὶ</strong></span> <span class='ocrx_word' id='word_1_367' title='bbox 3474 2134 3742 2189; x_wconf 82' lang='grc' dir='ltr'>ἀλλεπαλ-</span> 
     </span>
    </p>
   </div>
   <div class='ocr_carea' id='block_1_53' title="bbox 2157 2226 3741 2307">
    <p class='ocr_par' dir='ltr' id='par_1_53' title="bbox 2157 2226 3741 2307">
     <span class='ocr_line' id='line_1_53' title="bbox 2157 2226 3741 2307; baseline -0.006 -19"><span class='ocrx_word' id='word_1_368' title='bbox 2157 2235 2336 2307; x_wconf 81' lang='grc' dir='ltr'>λήλοις</span> <span class='ocrx_word' id='word_1_369' title='bbox 2368 2233 2616 2288; x_wconf 74' lang='grc' dir='ltr'>ἐπαίοντο</span> <span class='ocrx_word' id='word_1_370' title='bbox 2666 2234 2923 2303; x_wconf 76' lang='grc' dir='ltr'><strong>πληγαῖς,</strong></span> <span class='ocrx_word' id='word_1_371' title='bbox 2971 2231 3272 2303; x_wconf 82' lang='grc' dir='ltr'>ἀκαρπίαις</span> <span class='ocrx_word' id='word_1_372' title='bbox 3329 2229 3393 2299; x_wconf 85' lang='grc' dir='ltr'>δὴ</span> <span class='ocrx_word' id='word_1_373' title='bbox 3431 2226 3597 2295; x_wconf 79' lang='grc' dir='ltr'>λέγω,</span> <span class='ocrx_word' id='word_1_374' title='bbox 3644 2226 3741 2279; x_wconf 60' lang='grc' dir='ltr'><strong>καί⁵</strong></span> 
     </span>
    </p>
   </div>
   <div class='ocr_carea' id='block_1_54' title="bbox 2157 2314 3741 2396">
    <p class='ocr_par' dir='ltr' id='par_1_54' title="bbox 2157 2314 3741 2396">
     <span class='ocr_line' id='line_1_54' title="bbox 2157 2314 3741 2396; baseline -0.008 -16"><span class='ocrx_word' id='word_1_375' title='bbox 2157 2324 2602 2396; x_wconf 71' lang='grc' dir='ltr'>ἀνεμοφθορίαις,</span> <span class='ocrx_word' id='word_1_376' title='bbox 2643 2323 2737 2377; x_wconf 74' lang='grc' dir='ltr'>καὶ</span> <span class='ocrx_word' id='word_1_377' title='bbox 2780 2322 2889 2374; x_wconf 89' lang='grc' dir='ltr'><strong>τῶν</strong></span> <span class='ocrx_word' id='word_1_378' title='bbox 2927 2321 3147 2393; x_wconf 83' lang='grc' dir='ltr'>ὁμόρων</span> <span class='ocrx_word' id='word_1_379' title='bbox 3174 2318 3343 2372; x_wconf 74' lang='grc' dir='ltr'>ἐθνῶν</span> <span class='ocrx_word' id='word_1_380' title='bbox 3375 2316 3584 2387; x_wconf 74' lang='grc' dir='ltr'>ἐφόδοις</span> <span class='ocrx_word' id='word_1_381' title='bbox 3644 2314 3741 2369; x_wconf 78' lang='grc' dir='ltr'>καὶ</span> 
     </span>
    </p>
   </div>
   <div class='ocr_carea' id='block_1_55' title="bbox 2157 2401 3739 2488">
    <p class='ocr_par' dir='ltr' id='par_1_55' title="bbox 2157 2401 3739 2488">
     <span class='ocr_line' id='line_1_55' title="bbox 2157 2401 3739 2488; baseline -0.009 -19"><span class='ocrx_word' id='word_1_382' title='bbox 2157 2416 2548 2488; x_wconf 85' lang='grc' dir='ltr'>καταδρομαῖς.</span> <span class='ocrx_word' id='word_1_383' title='bbox 2604 2411 2915 2484; x_wconf 84' lang='grc' dir='ltr'>Ἐπίκλημα</span> <span class='ocrx_word' id='word_1_384' title='bbox 2949 2411 3007 2463; x_wconf 80' lang='grc' dir='ltr'>δὲ</span> <span class='ocrx_word' id='word_1_385' title='bbox 3052 2410 3232 2472; x_wconf 80' lang='grc' dir='ltr'>αὐτοῖς</span> <span class='ocrx_word' id='word_1_386' title='bbox 3295 2407 3534 2461; x_wconf 77' lang='grc' dir='ltr'>ἐποιεῖτο</span> <span class='ocrx_word' id='word_1_387' title='bbox 3565 2406 3593 2457; x_wconf 88' lang='lat'><strong>6</strong></span> <span class='ocrx_word' id='word_1_388' title='bbox 3630 2401 3739 2455; x_wconf 83' lang='grc' dir='ltr'><strong>τῶν</strong></span> 
     </span>
    </p>
   </div>
   <div class='ocr_carea' id='block_1_56' title="bbox 2156 2490 3731 2574">
    <p class='ocr_par' dir='ltr' id='par_1_56' title="bbox 2156 2490 3731 2574">
     <span class='ocr_line' id='line_1_56' title="bbox 2156 2490 3731 2574; baseline -0.011 -15"><span class='ocrx_word' id='word_1_389' title='bbox 2156 2505 2292 2560; x_wconf 80' lang='grc' dir='ltr'>ὅλων</span> <span class='ocrx_word' id='word_1_390' title='bbox 2320 2504 2455 2569; x_wconf 77' lang='grc' dir='ltr'>Θεὸς</span> <span class='ocrx_word' id='word_1_391' title='bbox 2480 2503 2543 2556; x_wconf 78' lang='grc' dir='ltr'>τὺ</span> <span class='ocrx_word' id='word_1_392' title='bbox 2567 2501 2827 2574; x_wconf 80' lang='grc' dir='ltr'>ῥᾴθυμον,</span> <span class='ocrx_word' id='word_1_393' title='bbox 2875 2499 3019 2552; x_wconf 74' lang='grc' dir='ltr'>οὓτω</span> <span class='ocrx_word' id='word_1_394' title='bbox 3049 2498 3224 2567; x_wconf 77' lang='grc' dir='ltr'>λέγων</span> <span class='ocrx_word' id='word_1_395' title='bbox 3271 2494 3360 2549; x_wconf 78' lang='grc' dir='ltr'>διὰ</span> <span class='ocrx_word' id='word_1_396' title='bbox 3388 2492 3573 2563; x_wconf 75' lang='grc' dir='ltr'>φωνῆς</span> <span class='ocrx_word' id='word_1_397' title='bbox 3613 2490 3731 2556; x_wconf 79' lang='grc' dir='ltr'><strong>Ἀγ·</strong></span> 
     </span>
    </p>
   </div>
   <div class='ocr_carea' id='block_1_57' title="bbox 2157 2581 3738 2667">
    <p class='ocr_par' dir='ltr' id='par_1_57' title="bbox 2157 2581 3738 2667">
     <span class='ocr_line' id='line_1_57' title="bbox 2157 2581 3738 2667; baseline -0.012 -16"><span class='ocrx_word' id='word_1_398' title='bbox 2157 2598 2311 2667; x_wconf 90' lang='grc' dir='ltr'>γαίου</span> <span class='ocrx_word' id='word_1_399' title='bbox 2335 2595 2427 2650; x_wconf 77' lang='grc' dir='ltr'>τοῦ</span> <span class='ocrx_word' id='word_1_400' title='bbox 2450 2595 2750 2666; x_wconf 77' lang='grc' dir='ltr'>προφήτουο</span> <span class='ocrx_word' id='word_1_401' title='bbox 2794 2611 2812 2644; x_wconf 82' lang='grc' dir='ltr'><strong>ι</strong></span> <span class='ocrx_word' id='word_1_402' title='bbox 2852 2592 2909 2644; x_wconf 87' lang='lat'><strong>&#39;0</strong></span> <span class='ocrx_word' id='word_1_403' title='bbox 2948 2589 3079 2653; x_wconf 77' lang='grc' dir='ltr'>λαὸς</span> <span class='ocrx_word' id='word_1_404' title='bbox 3127 2581 3283 2651; x_wconf 73' lang='grc' dir='ltr'>οὗτος</span> <span class='ocrx_word' id='word_1_405' title='bbox 3323 2586 3594 2654; x_wconf 85' lang='grc' dir='ltr'>λέγουσιν·</span> <span class='ocrx_word' id='word_1_406' title='bbox 3625 2581 3738 2652; x_wconf 73' lang='grc' dir='ltr'>Οὐχ</span> 
     </span>
    </p>
   </div>
   <div class='ocr_carea' id='block_1_58' title="bbox 2156 2674 3734 2763">
    <p class='ocr_par' dir='ltr' id='par_1_58' title="bbox 2156 2674 3734 2763">
     <span class='ocr_line' id='line_1_58' title="bbox 2156 2674 3734 2763; baseline -0.013 -19"><span class='ocrx_word' id='word_1_407' title='bbox 2156 2692 2284 2763; x_wconf 71' lang='grc' dir='ltr'>ἥκει</span> <span class='ocrx_word' id='word_1_408' title='bbox 2324 2691 2353 2742; x_wconf 92' lang='lat'><strong>6</strong></span> <span class='ocrx_word' id='word_1_409' title='bbox 2388 2686 2579 2758; x_wconf 69' lang='grc' dir='ltr'>καιρὸς</span> <span class='ocrx_word' id='word_1_410' title='bbox 2629 2685 2725 2739; x_wconf 76' lang='grc' dir='ltr'>τοῦ</span> <span class='ocrx_word' id='word_1_411' title='bbox 2770 2683 3125 2753; x_wconf 78' lang='grc' dir='ltr'>οἰκοδομῆσαι</span> <span class='ocrx_word' id='word_1_412' title='bbox 3162 2681 3255 2735; x_wconf 73' lang='grc' dir='ltr'><strong>τὸν</strong></span> <span class='ocrx_word' id='word_1_413' title='bbox 3307 2674 3455 2733; x_wconf 75' lang='grc' dir='ltr'>οἶκον</span> <span class='ocrx_word' id='word_1_414' title='bbox 3502 2674 3734 2763; x_wconf 82' lang='grc' dir='ltr'>Κυρίου.</span> 
     </span>
    </p>
   </div>
   <div class='ocr_carea' id='block_1_59' title="bbox 2158 2761 3739 2849">
    <p class='ocr_par' dir='ltr' id='par_1_59' title="bbox 2158 2761 3739 2849">
     <span class='ocr_line' id='line_1_59' title="bbox 2158 2761 3739 2849; baseline -0.013 -14"><span class='ocrx_word' id='word_1_415' title='bbox 2158 2761 2221 2836; x_wconf 73' lang='grc' dir='ltr'><strong>Εἰ</strong></span> <span class='ocrx_word' id='word_1_416' title='bbox 2248 2779 2439 2849; x_wconf 82' lang='grc' dir='ltr'>καιρὸς</span> <span class='ocrx_word' id='word_1_417' title='bbox 2469 2778 2566 2848; x_wconf 72' lang='grc' dir='ltr'><strong>μὲν</strong></span> <span class='ocrx_word' id='word_1_418' title='bbox 2592 2778 2722 2846; x_wconf 81' lang='grc' dir='ltr'>ὑμῖν</span> <span class='ocrx_word' id='word_1_419' title='bbox 2758 2777 2875 2829; x_wconf 75' lang='grc' dir='ltr'>ἐστι</span> <span class='ocrx_word' id='word_1_420' title='bbox 2906 2774 3002 2828; x_wconf 79' lang='grc' dir='ltr'>τοῦ</span> <span class='ocrx_word' id='word_1_421' title='bbox 3058 2774 3226 2827; x_wconf 71' lang='grc' dir='ltr'>οἰκεῖν</span> <span class='ocrx_word' id='word_1_422' title='bbox 3255 2771 3314 2823; x_wconf 83' lang='grc' dir='ltr'>ὲν</span> <span class='ocrx_word' id='word_1_423' title='bbox 3365 2767 3538 2828; x_wconf 82' lang='grc' dir='ltr'>οἴκοις</span> <span class='ocrx_word' id='word_1_424' title='bbox 3565 2761 3739 2817; x_wconf 81' lang='grc' dir='ltr'>κοιλο-</span> 
     </span>
    </p>
   </div>
   <div class='ocr_carea' id='block_1_60' title="bbox 2161 2858 3734 2939">
    <p class='ocr_par' dir='ltr' id='par_1_60' title="bbox 2161 2858 3734 2939">
     <span class='ocr_line' id='line_1_60' title="bbox 2161 2858 3734 2939; baseline -0.011 -14"><span class='ocrx_word' id='word_1_425' title='bbox 2161 2872 2456 2939; x_wconf 80' lang='grc' dir='ltr'>στάθμοις,</span> <span class='ocrx_word' id='word_1_426' title='bbox 2515 2871 2544 2922; x_wconf 92' lang='lat'><strong>6</strong></span> <span class='ocrx_word' id='word_1_427' title='bbox 2584 2868 2640 2922; x_wconf 81' lang='grc' dir='ltr'>δὲ</span> <span class='ocrx_word' id='word_1_428' title='bbox 2694 2864 2843 2931; x_wconf 83' lang='grc' dir='ltr'>οἶκος</span> <span class='ocrx_word' id='word_1_429' title='bbox 2907 2866 3098 2936; x_wconf 82' lang='grc' dir='ltr'>Κυρίῳ</span> <span class='ocrx_word' id='word_1_430' title='bbox 3150 2864 3252 2917; x_wconf 81' lang='grc' dir='ltr'><strong>οὐκ</strong></span> <span class='ocrx_word' id='word_1_431' title='bbox 3308 2858 3672 2931; x_wconf 79' lang='grc' dir='ltr'>ᾠκοδόμηται.</span> <span class='ocrx_word' id='word_1_432' title='bbox 3714 2873 3734 2908; x_wconf 81' lang='grc' dir='ltr'><strong>ι</strong></span> 
     </span>
    </p>
   </div>
   <div class='ocr_carea' id='block_1_61' title="bbox 2172 2950 3739 3032">
    <p class='ocr_par' dir='ltr' id='par_1_61' title="bbox 2172 2950 3739 3032">
     <span class='ocr_line' id='line_1_61' title="bbox 2172 2950 3739 3032; baseline -0.013 -13"><span class='ocrx_word' id='word_1_433' title='bbox 2172 2964 2655 3026; x_wconf 81' lang='grc' dir='ltr'>’Λναπεπτωκότες</span> <span class='ocrx_word' id='word_1_434' title='bbox 2684 2963 2815 3032; x_wconf 87' lang='grc' dir='ltr'>γὰρ,</span> <span class='ocrx_word' id='word_1_435' title='bbox 2852 2962 2927 3023; x_wconf 82' lang='grc' dir='ltr'>ὡς</span> <span class='ocrx_word' id='word_1_436' title='bbox 2980 2959 3136 3029; x_wconf 75' lang='grc' dir='ltr'>ἔφην,</span> <span class='ocrx_word' id='word_1_437' title='bbox 3170 2959 3246 3020; x_wconf 84' lang='grc' dir='ltr'><strong>είς</strong></span> <span class='ocrx_word' id='word_1_438' title='bbox 3282 2952 3577 3027; x_wconf 63' lang='grc' dir='ltr'>ῥᾳθυμίας,</span> <span class='ocrx_word' id='word_1_439' title='bbox 3617 2950 3739 3009; x_wconf 82' lang='grc' dir='ltr'>ταῖς</span> 
     </span>
    </p>
   </div>
   <div class='ocr_carea' id='block_1_62' title="bbox 2160 3040 3841 3123">
    <p class='ocr_par' dir='ltr' id='par_1_62' title="bbox 2160 3040 3841 3123">
     <span class='ocr_line' id='line_1_62' title="bbox 2160 3040 3841 3123; baseline -0.011 -12"><span class='ocrx_word' id='word_1_440' title='bbox 2160 3055 2267 3113; x_wconf 83' lang='grc' dir='ltr'><strong>τῶν</strong></span> <span class='ocrx_word' id='word_1_441' title='bbox 2307 3054 2616 3123; x_wconf 80' lang='grc' dir='ltr'>ἀναγκαίων</span> <span class='ocrx_word' id='word_1_442' title='bbox 2650 3052 2878 3116; x_wconf 73' lang='grc' dir='ltr'>ἐνδείαις</span> <span class='ocrx_word' id='word_1_443' title='bbox 2941 3048 3302 3104; x_wconf 83' lang='grc' dir='ltr'>κατεπαίοντο</span> <span class='ocrx_word' id='word_1_444' title='bbox 3350 3040 3590 3112; x_wconf 83' lang='grc' dir='ltr'>συνεχῶς</span> <span class='ocrx_word' id='word_1_445' title='bbox 3645 3040 3741 3093; x_wconf 72' lang='grc' dir='ltr'>καὶ</span> <span class='ocrx_word' id='word_1_446' title='bbox 3818 3080 3841 3093; x_wconf 55' lang='grc' dir='ltr'><em>κ</em></span> 
     </span>
    </p>
   </div>
   <div class='ocr_carea' id='block_1_63' title="bbox 2162 3127 3740 3216">
    <p class='ocr_par' dir='ltr' id='par_1_63' title="bbox 2162 3127 3740 3216">
     <span class='ocr_line' id='line_1_63' title="bbox 2162 3127 3740 3216; baseline -0.013 -17"><span class='ocrx_word' id='word_1_447' title='bbox 2162 3145 2419 3216; x_wconf 81' lang='grc' dir='ltr'>πολέμοις</span> <span class='ocrx_word' id='word_1_448' title='bbox 2440 3147 2553 3207; x_wconf 82' lang='grc' dir='ltr'>τοῖς</span> <span class='ocrx_word' id='word_1_449' title='bbox 2573 3143 2828 3212; x_wconf 88' lang='grc' dir='ltr'>γείτοσιν.</span> <span class='ocrx_word' id='word_1_450' title='bbox 2875 3140 3092 3209; x_wconf 79' lang='grc' dir='ltr'>Ἐπειδὴ</span> <span class='ocrx_word' id='word_1_451' title='bbox 3121 3138 3176 3191; x_wconf 76' lang='grc' dir='ltr'>δὲ</span> <span class='ocrx_word' id='word_1_452' title='bbox 3217 3132 3621 3203; x_wconf 82' lang='grc' dir='ltr'>ἀνεγηγέρκασι</span> <span class='ocrx_word' id='word_1_453' title='bbox 3648 3127 3740 3180; x_wconf 78' lang='grc' dir='ltr'>τὸν</span> 
     </span>
    </p>
   </div>
   <div class='ocr_carea' id='block_1_64' title="bbox 460 3218 2056 3308">
    <p class='ocr_par' dir='ltr' id='par_1_64' title="bbox 460 3234 2056 3308">
     <span class='ocr_line' id='line_1_64' title="bbox 460 3234 2056 3308; baseline 0.001 -18"><span class='ocrx_word' id='word_1_454' title='bbox 460 3244 563 3300; x_wconf 88' lang='lat' dir='ltr'><strong>est,</strong></span> <span class='ocrx_word' id='word_1_455' title='bbox 578 3234 889 3304; x_wconf 85' lang='lat' dir='ltr'><strong>priusquam</strong></span> <span class='ocrx_word' id='word_1_456' title='bbox 912 3234 1210 3306; x_wconf 81' lang='lat' dir='ltr'><strong>erigeretur</strong></span> <span class='ocrx_word' id='word_1_457' title='bbox 1225 3238 1501 3308; x_wconf 84' lang='lat' dir='ltr'><strong>templum,</strong></span> <span class='ocrx_word' id='word_1_458' title='bbox 1521 3256 1541 3291; x_wconf 76' lang='grc' dir='ltr'><strong>ι</strong></span> <span class='ocrx_word' id='word_1_459' title='bbox 1562 3237 2056 3294; x_wconf 83' lang='lat' dir='ltr'><strong>merceshominum</strong></span> 
     </span>
    </p>
   </div>
   <div class='ocr_carea' id='block_1_65' title="bbox 2159 3218 3740 3308">
    <p class='ocr_par' dir='ltr' id='par_1_65' title="bbox 2164 3218 3740 3303">
     <span class='ocr_line' id='line_1_65' title="bbox 2164 3218 3740 3303; baseline -0.013 -13"><span class='ocrx_word' id='word_1_460' title='bbox 2164 3237 2310 3302; x_wconf 71' lang='grc' dir='ltr'>ναὸν,</span> <span class='ocrx_word' id='word_1_461' title='bbox 2346 3237 2626 3289; x_wconf 78' lang='grc' dir='ltr'>πέπαυται</span> <span class='ocrx_word' id='word_1_462' title='bbox 2652 3235 2721 3289; x_wconf 81' lang='grc' dir='ltr'>τὰ</span> <span class='ocrx_word' id='word_1_463' title='bbox 2743 3233 2804 3298; x_wconf 72' lang='grc' dir='ltr'><strong>ἐξ</strong></span> <span class='ocrx_word' id='word_1_464' title='bbox 2828 3231 3018 3303; x_wconf 78' lang='grc' dir='ltr'>ὀργῆς,</span> <span class='ocrx_word' id='word_1_465' title='bbox 3072 3230 3249 3284; x_wconf 82' lang='grc' dir='ltr'>πάντα</span> <span class='ocrx_word' id='word_1_466' title='bbox 3281 3226 3339 3279; x_wconf 80' lang='lat' dir='ltr'><strong>6‘s</strong></span> <span class='ocrx_word' id='word_1_467' title='bbox 3386 3220 3455 3295; x_wconf 79' lang='grc' dir='ltr'>ἦν</span> <span class='ocrx_word' id='word_1_468' title='bbox 3486 3221 3604 3283; x_wconf 78' lang='grc' dir='ltr'>ἃλις</span> <span class='ocrx_word' id='word_1_469' title='bbox 3637 3218 3740 3271; x_wconf 79' lang='grc' dir='ltr'><strong>αὖ·</strong></span> 
     </span>
    </p>
   </div>
   <div class='ocr_carea' id='block_1_66' title="bbox 463 3326 2052 3398">
    <p class='ocr_par' dir='ltr' id='par_1_66' title="bbox 463 3326 2052 3398">
     <span class='ocr_line' id='line_1_66' title="bbox 463 3326 2052 3398; baseline 0 -19"><span class='ocrx_word' id='word_1_470' title='bbox 463 3341 566 3379; x_wconf 89' lang='lat' dir='ltr'><strong>uon</strong></span> <span class='ocrx_word' id='word_1_471' title='bbox 590 3334 707 3379; x_wconf 89' lang='lat' dir='ltr'><strong>erat</strong></span> <span class='ocrx_word' id='word_1_472' title='bbox 725 3326 790 3379; x_wconf 89' lang='lat' dir='ltr'><strong>ad</strong></span> <span class='ocrx_word' id='word_1_473' title='bbox 816 3326 1046 3393; x_wconf 89' lang='lat' dir='ltr'><strong>lucrum,</strong></span> <span class='ocrx_word' id='word_1_474' title='bbox 1065 3337 1115 3383; x_wconf 90' lang='lat' dir='ltr'><strong>ct</strong></span> <span class='ocrx_word' id='word_1_475' title='bbox 1140 3344 1345 3385; x_wconf 83' lang='lat' dir='ltr'><strong>merces</strong></span> <span class='ocrx_word' id='word_1_476' title='bbox 1362 3329 1728 3398; x_wconf 74' lang='lat' dir='ltr'><strong>iumentorum</strong></span> <span class='ocrx_word' id='word_1_477' title='bbox 1750 3344 1856 3383; x_wconf 88' lang='lat' dir='ltr'><strong>non</strong></span> <span class='ocrx_word' id='word_1_478' title='bbox 1881 3337 2052 3383; x_wconf 63' lang='lat' dir='ltr'><strong>erat.»</strong></span> 
     </span>
    </p>
   </div>
   <div class='ocr_carea' id='block_1_67' title="bbox 461 3416 2061 3490">
    <p class='ocr_par' dir='ltr' id='par_1_67' title="bbox 461 3416 2061 3490">
     <span class='ocr_line' id='line_1_67' title="bbox 461 3416 2061 3490; baseline 0.003 -21"><span class='ocrx_word' id='word_1_479' title='bbox 461 3416 733 3487; x_wconf 72' lang='lat' dir='ltr'><strong>Agricolae</strong></span> <span class='ocrx_word' id='word_1_480' title='bbox 782 3418 922 3473; x_wconf 91' lang='lat' dir='ltr'><strong>enim</strong></span> <span class='ocrx_word' id='word_1_481' title='bbox 955 3420 1072 3474; x_wconf 90' lang='lat' dir='ltr'><strong>sine</strong></span> <span class='ocrx_word' id='word_1_482' title='bbox 1103 3422 1372 3485; x_wconf 85' lang='lat' dir='ltr'><strong>mercede,</strong></span> <span class='ocrx_word' id='word_1_483' title='bbox 1403 3430 1455 3477; x_wconf 92' lang='lat' dir='ltr'><strong>et</strong></span> <span class='ocrx_word' id='word_1_484' title='bbox 1481 3421 1645 3476; x_wconf 87' lang='lat' dir='ltr'><strong>nullis</strong></span> <span class='ocrx_word' id='word_1_485' title='bbox 1670 3421 1827 3490; x_wconf 86' lang='lat' dir='ltr'><strong>plane</strong></span> <span class='ocrx_word' id='word_1_486' title='bbox 1872 3421 2061 3474; x_wconf 72' lang='lat' dir='ltr'><strong>fructi-</strong></span> 
     </span>
    </p>
   </div>
   <div class='ocr_carea' id='block_1_68' title="bbox 462 3505 2062 3581">
    <p class='ocr_par' dir='ltr' id='par_1_68' title="bbox 462 3505 2062 3581">
     <span class='ocr_line' id='line_1_68' title="bbox 462 3505 2062 3581; baseline 0.01 -27"><span class='ocrx_word' id='word_1_487' title='bbox 462 3508 567 3563; x_wconf 73' lang='lat' dir='ltr'><strong>bus</strong></span> <span class='ocrx_word' id='word_1_488' title='bbox 618 3505 879 3573; x_wconf 84' lang='lat' dir='ltr'><strong>collectis,</strong></span> <span class='ocrx_word' id='word_1_489' title='bbox 937 3522 1058 3561; x_wconf 90' lang='lat' dir='ltr'><strong>cum</strong></span> <span class='ocrx_word' id='word_1_490' title='bbox 1099 3509 1272 3565; x_wconf 89' lang='lat' dir='ltr'><strong>bobus</strong></span> <span class='ocrx_word' id='word_1_491' title='bbox 1314 3527 1419 3566; x_wconf 88' lang='lat' dir='ltr'><strong>una</strong></span> <span class='ocrx_word' id='word_1_492' title='bbox 1484 3510 1771 3567; x_wconf 85' lang='lat' dir='ltr'><strong>delassatis</strong></span> <span class='ocrx_word' id='word_1_493' title='bbox 1821 3511 1889 3565; x_wconf 82' lang='lat' dir='ltr'><strong>ab</strong></span> <span class='ocrx_word' id='word_1_494' title='bbox 1930 3526 2062 3581; x_wconf 73' lang='lat' dir='ltr'><strong>agro</strong></span> 
     </span>
    </p>
   </div>
   <div class='ocr_carea' id='block_1_69' title="bbox 464 3594 2062 3674">
    <p class='ocr_par' dir='ltr' id='par_1_69' title="bbox 464 3594 2062 3674">
     <span class='ocr_line' id='line_1_69' title="bbox 464 3594 2062 3674; baseline 0.008 -28"><span class='ocrx_word' id='word_1_495' title='bbox 464 3594 833 3650; x_wconf 88' lang='lat' dir='ltr'><strong>discedebant.</strong></span> <span class='ocrx_word' id='word_1_496' title='bbox 889 3616 910 3649; x_wconf 79' lang='grc' dir='ltr'><strong>ι</strong></span> <span class='ocrx_word' id='word_1_497' title='bbox 946 3597 1051 3653; x_wconf 86' lang='lat' dir='ltr'><strong>Sed</strong></span> <span class='ocrx_word' id='word_1_498' title='bbox 1090 3614 1265 3669; x_wconf 87' lang='lat' dir='ltr'><strong>neque</strong></span> <span class='ocrx_word' id='word_1_499' title='bbox 1295 3600 1723 3671; x_wconf 78' lang='lat' dir='ltr'><strong>ingredientibus</strong></span> <span class='ocrx_word' id='word_1_500' title='bbox 1761 3610 1857 3656; x_wconf 83' lang='lat' dir='ltr'><strong>aut</strong></span> <span class='ocrx_word' id='word_1_501' title='bbox 1904 3617 2062 3674; x_wconf 80' lang='lat' dir='ltr'><strong>egre-</strong></span> 
     </span>
    </p>
   </div>
   <div class='ocr_carea' id='block_1_70' title="bbox 466 3686 2056 3762">
    <p class='ocr_par' dir='ltr' id='par_1_70' title="bbox 466 3686 2056 3762">
     <span class='ocr_line' id='line_1_70' title="bbox 466 3686 2056 3762; baseline 0.008 -23"><span class='ocrx_word' id='word_1_502' title='bbox 466 3686 739 3743; x_wconf 83' lang='lat' dir='ltr'><strong>dientibus</strong></span> <span class='ocrx_word' id='word_1_503' title='bbox 768 3702 866 3758; x_wconf 86' lang='lat' dir='ltr'><strong>pax</strong></span> <span class='ocrx_word' id='word_1_504' title='bbox 895 3699 1032 3744; x_wconf 90' lang='lat' dir='ltr'><strong>erat.</strong></span> <span class='ocrx_word' id='word_1_505' title='bbox 1069 3708 1087 3742; x_wconf 76' lang='grc' dir='ltr'><strong>ι</strong></span> <span class='ocrx_word' id='word_1_506' title='bbox 1118 3690 1487 3762; x_wconf 82' lang='lat' dir='ltr'><strong>lngredientes</strong></span> <span class='ocrx_word' id='word_1_507' title='bbox 1528 3701 1585 3747; x_wconf 92' lang='lat' dir='ltr'><strong>et</strong></span> <span class='ocrx_word' id='word_1_508' title='bbox 1627 3693 1968 3762; x_wconf 85' lang='lat' dir='ltr'><strong>egredientes</strong></span> <span class='ocrx_word' id='word_1_509' title='bbox 1989 3696 2056 3751; x_wconf 90' lang='lat' dir='ltr'><strong>de</strong></span> 
     </span>
    </p>
   </div>
   <div class='ocr_carea' id='block_1_71' title="bbox 468 3779 2054 3854">
    <p class='ocr_par' dir='ltr' id='par_1_71' title="bbox 468 3779 2054 3854">
     <span class='ocr_line' id='line_1_71' title="bbox 468 3779 2054 3854; baseline 0.007 -24"><span class='ocrx_word' id='word_1_510' title='bbox 468 3779 602 3835; x_wconf 90' lang='lat' dir='ltr'><strong>urbe</strong></span> <span class='ocrx_word' id='word_1_511' title='bbox 644 3781 696 3834; x_wconf 92' lang='lat' dir='ltr'><strong>in</strong></span> <span class='ocrx_word' id='word_1_512' title='bbox 740 3782 929 3837; x_wconf 90' lang='lat' dir='ltr'><strong>urbem</strong></span> <span class='ocrx_word' id='word_1_513' title='bbox 964 3783 1274 3854; x_wconf 85' lang='lat' dir='ltr'><strong>aliquando,</strong></span> <span class='ocrx_word' id='word_1_514' title='bbox 1308 3794 1403 3840; x_wconf 87' lang='lat' dir='ltr'><strong>aut</strong></span> <span class='ocrx_word' id='word_1_515' title='bbox 1436 3793 1754 3841; x_wconf 67' lang='lat' dir='ltr'><strong>mercatura:</strong></span> <span class='ocrx_word' id='word_1_516' title='bbox 1776 3786 2054 3853; x_wconf 75' lang='lat' dir='ltr'><strong>faciendae,</strong></span> 
     </span>
    </p>
   </div>
   <div class='ocr_carea' id='block_1_72' title="bbox 466 3872 2042 3945">
    <p class='ocr_par' dir='ltr' id='par_1_72' title="bbox 466 3872 2042 3945">
     <span class='ocr_line' id='line_1_72' title="bbox 466 3872 2042 3945; baseline 0.01 -26"><span class='ocrx_word' id='word_1_517' title='bbox 466 3879 560 3924; x_wconf 83' lang='lat' dir='ltr'><strong>aut</strong></span> <span class='ocrx_word' id='word_1_518' title='bbox 624 3872 761 3927; x_wconf 85' lang='lat' dir='ltr'><strong>alius</strong></span> <span class='ocrx_word' id='word_1_519' title='bbox 813 3875 1012 3944; x_wconf 84' lang='lat' dir='ltr'><strong>negotii</strong></span> <span class='ocrx_word' id='word_1_520' title='bbox 1082 3891 1245 3931; x_wconf 89' lang='lat' dir='ltr'><strong>causa</strong></span> <span class='ocrx_word' id='word_1_521' title='bbox 1307 3876 1713 3945; x_wconf 79' lang='lat' dir='ltr'><strong>proﬁciscentes</strong></span> <span class='ocrx_word' id='word_1_522' title='bbox 1769 3880 2042 3934; x_wconf 85' lang='lat' dir='ltr'><strong>nominat.</strong></span> 
     </span>
    </p>
   </div>
   <div class='ocr_carea' id='block_1_73' title="bbox 466 3959 2058 4041">
    <p class='ocr_par' dir='ltr' id='par_1_73' title="bbox 466 3959 2058 4041">
     <span class='ocr_line' id='line_1_73' title="bbox 466 3959 2058 4041; baseline 0.008 -26"><span class='ocrx_word' id='word_1_523' title='bbox 466 3959 651 4031; x_wconf 77' lang='lat' dir='ltr'><strong>Itaque</strong></span> <span class='ocrx_word' id='word_1_524' title='bbox 684 3966 909 4022; x_wconf 89' lang='lat' dir='ltr'><strong>necillis</strong></span> <span class='ocrx_word' id='word_1_525' title='bbox 938 3984 1062 4037; x_wconf 78' lang='lat' dir='ltr'><strong>pax,</strong></span> <span class='ocrx_word' id='word_1_526' title='bbox 1092 3968 1289 4037; x_wconf 88' lang='lat' dir='ltr'><strong>inquit,</strong></span> <span class='ocrx_word' id='word_1_527' title='bbox 1322 3982 1351 4021; x_wconf 90' lang='lat' dir='ltr'><strong>a</strong></span> <span class='ocrx_word' id='word_1_528' title='bbox 1396 3968 1640 4023; x_wconf 78' lang='lat' dir='ltr'><strong>ﬁnitimis</strong></span> <span class='ocrx_word' id='word_1_529' title='bbox 1696 3971 1908 4039; x_wconf 89' lang='lat' dir='ltr'><strong>populis</strong></span> <span class='ocrx_word' id='word_1_530' title='bbox 1965 3973 2058 4041; x_wconf 87' lang='lat' dir='ltr'><strong>qui</strong></span> 
     </span>
    </p>
   </div>
   <div class='ocr_carea' id='block_1_74' title="bbox 465 4053 2059 4131">
    <p class='ocr_par' dir='ltr' id='par_1_74' title="bbox 465 4053 2059 4131">
     <span class='ocr_line' id='line_1_74' title="bbox 465 4053 2059 4131; baseline 0.007 -26"><span class='ocrx_word' id='word_1_531' title='bbox 465 4053 751 4121; x_wconf 79' lang='lat' dir='ltr'><strong>vexabant,</strong></span> <span class='ocrx_word' id='word_1_532' title='bbox 772 4066 830 4111; x_wconf 90' lang='lat' dir='ltr'><strong>ut</strong></span> <span class='ocrx_word' id='word_1_533' title='bbox 844 4058 1230 4123; x_wconf 78' lang='lat' dir='ltr'><strong>dixi,lsraei,et</strong></span> <span class='ocrx_word' id='word_1_534' title='bbox 1250 4058 1949 4131; x_wconf 80' lang='lat' dir='ltr'><strong>quilibetconsanguineum</strong></span> <span class='ocrx_word' id='word_1_535' title='bbox 1966 4075 2059 4116; x_wconf 84' lang='lat' dir='ltr'><strong>seu</strong></span> 
     </span>
    </p>
   </div>
   <div class='ocr_carea' id='block_1_75' title="bbox 468 4144 2058 4220">
    <p class='ocr_par' dir='ltr' id='par_1_75' title="bbox 468 4144 2058 4220">
     <span class='ocr_line' id='line_1_75' title="bbox 468 4144 2058 4220; baseline 0.006 -23"><span class='ocrx_word' id='word_1_536' title='bbox 468 4144 688 4209; x_wconf 80' lang='lat' dir='ltr'><strong>iratrem</strong></span> <span class='ocrx_word' id='word_1_537' title='bbox 716 4163 810 4204; x_wconf 84' lang='lat' dir='ltr'><strong>seu</strong></span> <span class='ocrx_word' id='word_1_538' title='bbox 839 4149 1074 4204; x_wconf 79' lang='lat' dir='ltr'><strong>vicinum</strong></span> <span class='ocrx_word' id='word_1_539' title='bbox 1098 4156 1155 4203; x_wconf 92' lang='lat' dir='ltr'><strong>ut</strong></span> <span class='ocrx_word' id='word_1_540' title='bbox 1178 4150 1388 4204; x_wconf 83' lang='lat' dir='ltr'><strong>hostem</strong></span> <span class='ocrx_word' id='word_1_541' title='bbox 1408 4150 1692 4220; x_wconf 86' lang='lat' dir='ltr'><strong>capitalem</strong></span> <span class='ocrx_word' id='word_1_542' title='bbox 1728 4151 2058 4214; x_wconf 84' lang='lat' dir='ltr'><strong>intuebatur.</strong></span> 
     </span>
    </p>
   </div>
   <div class='ocr_carea' id='block_1_76' title="bbox 2158 3312 3737 3397">
    <p class='ocr_par' dir='ltr' id='par_1_76' title="bbox 2158 3312 3737 3397">
     <span class='ocr_line' id='line_1_76' title="bbox 2158 3312 3737 3397; baseline -0.011 -14"><span class='ocrx_word' id='word_1_543' title='bbox 2158 3331 2289 3392; x_wconf 79' lang='grc' dir='ltr'>τοῖς,</span> <span class='ocrx_word' id='word_1_544' title='bbox 2343 3329 2438 3382; x_wconf 81' lang='grc' dir='ltr'>καὶ</span> <span class='ocrx_word' id='word_1_545' title='bbox 2485 3326 2620 3382; x_wconf 77' lang='grc' dir='ltr'>πολὺ</span> <span class='ocrx_word' id='word_1_546' title='bbox 2661 3330 2762 3397; x_wconf 83' lang='grc' dir='ltr'>τῆς</span> <span class='ocrx_word' id='word_1_547' title='bbox 2806 3324 3106 3394; x_wconf 78' lang='grc' dir='ltr'>εὐημερίας</span> <span class='ocrx_word' id='word_1_548' title='bbox 3174 3319 3467 3390; x_wconf 75' lang='grc' dir='ltr'>παρέκειτο</span> <span class='ocrx_word' id='word_1_549' title='bbox 3514 3312 3737 3366; x_wconf 65' lang='grc' dir='ltr'>πλάτος.</span> 
     </span>
    </p>
   </div>
   <div class='ocr_carea' id='block_1_77' title="bbox 2159 3408 3743 3492">
    <p class='ocr_par' dir='ltr' id='par_1_77' title="bbox 2159 3408 3743 3492">
     <span class='ocr_line' id='line_1_77' title="bbox 2159 3408 3743 3492; baseline -0.012 -18"><span class='ocrx_word' id='word_1_550' title='bbox 2159 3421 2343 3492; x_wconf 76' lang='grc' dir='ltr'>Ταύτῃ</span> <span class='ocrx_word' id='word_1_551' title='bbox 2383 3437 2464 3473; x_wconf 84' lang='grc' dir='ltr'><strong>τοι</strong></span> <span class='ocrx_word' id='word_1_552' title='bbox 2493 3420 2645 3490; x_wconf 83' lang='grc' dir='ltr'>φησί·</span> <span class='ocrx_word' id='word_1_553' title='bbox 2681 3437 2701 3470; x_wconf 82' lang='grc'><em>‹</em></span> <span class='ocrx_word' id='word_1_554' title='bbox 2733 3418 2848 3487; x_wconf 84' lang='grc' dir='ltr'>Πρὸ</span> <span class='ocrx_word' id='word_1_555' title='bbox 2879 3416 2987 3469; x_wconf 88' lang='grc' dir='ltr'><strong>τῶν</strong></span> <span class='ocrx_word' id='word_1_556' title='bbox 3017 3413 3241 3486; x_wconf 79' lang='grc' dir='ltr'>ἡμερῶν</span> <span class='ocrx_word' id='word_1_557' title='bbox 3281 3408 3508 3471; x_wconf 79' lang='grc' dir='ltr'>τούτων,</span> <span class='ocrx_word' id='word_1_558' title='bbox 3535 3424 3553 3455; x_wconf 81' lang='grc' dir='ltr'><strong>ι</strong></span> <span class='ocrx_word' id='word_1_559' title='bbox 3582 3418 3743 3492; x_wconf 76' lang='grc' dir='ltr'>τουτ-</span> 
     </span>
    </p>
   </div>
   <div class='ocr_carea' id='block_1_78' title="bbox 2162 3490 3741 3583">
    <p class='ocr_par' dir='ltr' id='par_1_78' title="bbox 2162 3490 3741 3583">
     <span class='ocr_line' id='line_1_78' title="bbox 2162 3490 3741 3583; baseline -0.013 -17"><span class='ocrx_word' id='word_1_560' title='bbox 2162 3490 2445 3583; x_wconf 74' lang='grc' dir='ltr'>έστι,πρ“ιν</span> <span class='ocrx_word' id='word_1_561' title='bbox 2471 3511 2771 3580; x_wconf 79' lang='grc' dir='ltr'>ἀναστῆναι</span> <span class='ocrx_word' id='word_1_562' title='bbox 2801 3509 2891 3561; x_wconf 84' lang='grc' dir='ltr'>τὸν</span> <span class='ocrx_word' id='word_1_563' title='bbox 2922 3506 3069 3570; x_wconf 71' lang='grc' dir='ltr'>ναὸν,</span> <span class='ocrx_word' id='word_1_564' title='bbox 3095 3525 3113 3558; x_wconf 86' lang='grc' dir='ltr'><strong>ι</strong></span> <span class='ocrx_word' id='word_1_565' title='bbox 3131 3507 3160 3558; x_wconf 85' lang='grc' dir='ltr'>ὁ</span> <span class='ocrx_word' id='word_1_566' title='bbox 3178 3502 3365 3574; x_wconf 79' lang='grc' dir='ltr'>μισθὸς</span> <span class='ocrx_word' id='word_1_567' title='bbox 3394 3498 3502 3552; x_wconf 88' lang='grc' dir='ltr'><strong>τῶν</strong></span> <span class='ocrx_word' id='word_1_568' title='bbox 3524 3490 3741 3583; x_wconf 52' lang='lat' dir='ltr'><strong>evapo-</strong></span> 
     </span>
    </p>
   </div>
   <div class='ocr_carea' id='block_1_79' title="bbox 2162 3581 3741 3674">
    <p class='ocr_par' dir='ltr' id='par_1_79' title="bbox 2162 3581 3741 3674">
     <span class='ocr_line' id='line_1_79' title="bbox 2162 3581 3741 3674; baseline -0.015 -17"><span class='ocrx_word' id='word_1_569' title='bbox 2162 3622 2279 3658; x_wconf 88' lang='grc' dir='ltr'><strong>πων</strong></span> <span class='ocrx_word' id='word_1_570' title='bbox 2305 3581 2405 3657; x_wconf 81' lang='grc' dir='ltr'><strong>οὐκ</strong></span> <span class='ocrx_word' id='word_1_571' title='bbox 2437 3598 2506 3674; x_wconf 79' lang='grc' dir='ltr'>ἦν</span> <span class='ocrx_word' id='word_1_572' title='bbox 2537 3603 2615 3664; x_wconf 86' lang='grc' dir='ltr'><strong>είς</strong></span> <span class='ocrx_word' id='word_1_573' title='bbox 2639 3601 2845 3670; x_wconf 75' lang='grc' dir='ltr'>ὄνησιν,</span> <span class='ocrx_word' id='word_1_574' title='bbox 2877 3598 2974 3652; x_wconf 76' lang='grc' dir='ltr'>καὶ</span> <span class='ocrx_word' id='word_1_575' title='bbox 3002 3599 3029 3651; x_wconf 91' lang='lat'><strong>6</strong></span> <span class='ocrx_word' id='word_1_576' title='bbox 3060 3594 3244 3666; x_wconf 81' lang='grc' dir='ltr'>μισθὸς</span> <span class='ocrx_word' id='word_1_577' title='bbox 3272 3592 3378 3645; x_wconf 85' lang='grc' dir='ltr'><strong>τῶν</strong></span> <span class='ocrx_word' id='word_1_578' title='bbox 3404 3585 3618 3659; x_wconf 84' lang='grc' dir='ltr'>κτηνῶν</span> <span class='ocrx_word' id='word_1_579' title='bbox 3640 3581 3741 3651; x_wconf 77' lang='grc' dir='ltr'><strong>οὐχ</strong></span> 
     </span>
    </p>
   </div>
   <div class='ocr_carea' id='block_1_80' title="bbox 2162 3674 3741 3767">
    <p class='ocr_par' dir='ltr' id='par_1_80' title="bbox 2162 3674 3741 3767">
     <span class='ocr_line' id='line_1_80' title="bbox 2162 3674 3741 3767; baseline -0.008 -19"><span class='ocrx_word' id='word_1_580' title='bbox 2162 3695 2431 3767; x_wconf 82' lang='grc' dir='ltr'>ὑπῆρχεν.</span> <span class='ocrx_word' id='word_1_581' title='bbox 2456 3713 2476 3747; x_wconf 81' lang='grc' dir='ltr'><strong>ι</strong></span> <span class='ocrx_word' id='word_1_582' title='bbox 2522 3691 2781 3763; x_wconf 82' lang='grc' dir='ltr'>Ἀμισθοι</span> <span class='ocrx_word' id='word_1_583' title='bbox 2811 3690 2922 3762; x_wconf 80' lang='grc' dir='ltr'><strong>γὰρ</strong></span> <span class='ocrx_word' id='word_1_584' title='bbox 2952 3691 3002 3743; x_wconf 83' lang='grc' dir='ltr'>οἱ</span> <span class='ocrx_word' id='word_1_585' title='bbox 3028 3687 3278 3757; x_wconf 79' lang='grc' dir='ltr'>γηπόνοι,</span> <span class='ocrx_word' id='word_1_586' title='bbox 3309 3682 3404 3737; x_wconf 65' lang='grc' dir='ltr'><strong>καὶ</strong></span> <span class='ocrx_word' id='word_1_587' title='bbox 3427 3676 3580 3733; x_wconf 77' lang='grc' dir='ltr'>οὐδὲν</span> <span class='ocrx_word' id='word_1_588' title='bbox 3602 3674 3741 3767; x_wconf 50' lang='grc' dir='ltr'>ὅλοις</span> 
     </span>
    </p>
   </div>
   <div class='ocr_carea' id='block_1_81' title="bbox 2162 3766 3741 3859">
    <p class='ocr_par' dir='ltr' id='par_1_81' title="bbox 2162 3766 3741 3859">
     <span class='ocr_line' id='line_1_81' title="bbox 2162 3766 3741 3859; baseline -0.017 -16"><span class='ocrx_word' id='word_1_589' title='bbox 2162 3766 2660 3859; x_wconf 80' lang='grc' dir='ltr'>συναγηγερκότες,</span> <span class='ocrx_word' id='word_1_590' title='bbox 2706 3782 2843 3854; x_wconf 82' lang='grc' dir='ltr'>ὁμοῦ</span> <span class='ocrx_word' id='word_1_591' title='bbox 2897 3785 3012 3843; x_wconf 82' lang='grc' dir='ltr'>τοῖς</span> <span class='ocrx_word' id='word_1_592' title='bbox 3073 3773 3487 3846; x_wconf 84' lang='grc' dir='ltr'>συγκεκμηκόσι</span> <span class='ocrx_word' id='word_1_593' title='bbox 3557 3766 3741 3837; x_wconf 71' lang='grc' dir='ltr'>βουσὶν</span> 
     </span>
    </p>
   </div>
   <div class='ocr_carea' id='block_1_82' title="bbox 2159 3864 3742 3955">
    <p class='ocr_par' dir='ltr' id='par_1_82' title="bbox 2159 3864 3742 3955">
     <span class='ocr_line' id='line_1_82' title="bbox 2159 3864 3742 3955; baseline -0.02 -16"><span class='ocrx_word' id='word_1_594' title='bbox 2159 3883 2562 3955; x_wconf 76' lang='grc' dir='ltr'>ἀπηλλάττοντο</span> <span class='ocrx_word' id='word_1_595' title='bbox 2592 3878 2702 3931; x_wconf 88' lang='grc' dir='ltr'><strong>τῶν</strong></span> <span class='ocrx_word' id='word_1_596' title='bbox 2728 3875 2936 3947; x_wconf 82' lang='grc' dir='ltr'>ἀγρῶν.</span> <span class='ocrx_word' id='word_1_597' title='bbox 2960 3892 2979 3924; x_wconf 78' lang='grc' dir='ltr'><strong>ι</strong></span> <span class='ocrx_word' id='word_1_598' title='bbox 3005 3870 3143 3925; x_wconf 81' lang='grc' dir='ltr'>Ἀλλ’</span> <span class='ocrx_word' id='word_1_599' title='bbox 3169 3867 3291 3922; x_wconf 74' lang='grc' dir='ltr'>οὐδὲ</span> <span class='ocrx_word' id='word_1_600' title='bbox 3314 3867 3426 3928; x_wconf 83' lang='grc' dir='ltr'>τοῖς</span> <span class='ocrx_word' id='word_1_601' title='bbox 3446 3864 3742 3955; x_wconf 62' lang='grc' dir='ltr'>ἐκπορευο-</span> 
     </span>
    </p>
   </div>
   <div class='ocr_carea' id='block_1_83' title="bbox 2162 3952 3744 4045">
    <p class='ocr_par' dir='ltr' id='par_1_83' title="bbox 2162 3952 3744 4045">
     <span class='ocr_line' id='line_1_83' title="bbox 2162 3952 3744 4045; baseline -0.018 -17"><span class='ocrx_word' id='word_1_602' title='bbox 2162 3952 2403 4045; x_wconf 63' lang='grc' dir='ltr'>μένοιςῆ</span> <span class='ocrx_word' id='word_1_603' title='bbox 2447 3973 2559 4033; x_wconf 84' lang='grc' dir='ltr'>τοῖς</span> <span class='ocrx_word' id='word_1_604' title='bbox 2599 3964 3077 4037; x_wconf 80' lang='grc' dir='ltr'>είσπορευομένοις</span> <span class='ocrx_word' id='word_1_605' title='bbox 3129 3956 3199 4032; x_wconf 75' lang='grc' dir='ltr'>ἦν</span> <span class='ocrx_word' id='word_1_606' title='bbox 3227 3958 3442 4029; x_wconf 84' lang='grc' dir='ltr'>εἰρήνη.</span> <span class='ocrx_word' id='word_1_607' title='bbox 3489 3972 3508 4005; x_wconf 77' lang='grc' dir='ltr'><strong>ι</strong></span> <span class='ocrx_word' id='word_1_608' title='bbox 3543 3952 3744 4045; x_wconf 6' lang='lat' dir='ltr'><strong>Epicrate-</strong></span> 
     </span>
    </p>
   </div>
   <div class='ocr_carea' id='block_1_84' title="bbox 2162 4041 3742 4138">
    <p class='ocr_par' dir='ltr' id='par_1_84' title="bbox 2162 4041 3742 4138">
     <span class='ocr_line' id='line_1_84' title="bbox 2162 4041 3742 4138; baseline -0.015 -21"><span class='ocrx_word' id='word_1_609' title='bbox 2162 4041 2489 4138; x_wconf 71' lang='grc' dir='ltr'>ρευομένους</span> <span class='ocrx_word' id='word_1_610' title='bbox 2517 4063 2577 4117; x_wconf 83' lang='grc' dir='ltr'><strong>δὲ</strong></span> <span class='ocrx_word' id='word_1_611' title='bbox 2612 4062 2708 4116; x_wconf 77' lang='grc' dir='ltr'>καὶ</span> <span class='ocrx_word' id='word_1_612' title='bbox 2762 4054 3232 4129; x_wconf 66' lang='grc' dir='ltr'>ὲκπορευομένους</span> <span class='ocrx_word' id='word_1_613' title='bbox 3263 4051 3391 4111; x_wconf 78' lang='grc' dir='ltr'>τοὺς</span> <span class='ocrx_word' id='word_1_614' title='bbox 3433 4048 3498 4098; x_wconf 80' lang='grc' dir='ltr'>ὲκ</span> <span class='ocrx_word' id='word_1_615' title='bbox 3528 4041 3742 4138; x_wconf 76' lang='grc' dir='ltr'>πόλεως</span> 
     </span>
    </p>
   </div>
   <div class='ocr_carea' id='block_1_85' title="bbox 2161 4132 3743 4220">
    <p class='ocr_par' dir='ltr' id='par_1_85' title="bbox 2161 4132 3743 4220">
     <span class='ocr_line' id='line_1_85' title="bbox 2161 4132 3743 4220; baseline -0.017 -10"><span class='ocrx_word' id='word_1_616' title='bbox 2161 4132 2241 4220; x_wconf 77' lang='grc' dir='ltr'>εἰς</span> <span class='ocrx_word' id='word_1_617' title='bbox 2293 4132 2445 4210; x_wconf 81' lang='grc' dir='ltr'>πόλιν</span> <span class='ocrx_word' id='word_1_618' title='bbox 2502 4156 2680 4217; x_wconf 82' lang='grc' dir='ltr'>ίὸντας</span> <span class='ocrx_word' id='word_1_619' title='bbox 2726 4151 2837 4205; x_wconf 77' lang='grc' dir='ltr'>ἐσθ’</span> <span class='ocrx_word' id='word_1_620' title='bbox 2866 4151 2955 4203; x_wconf 81' lang='grc' dir='ltr'>ὅτε</span> <span class='ocrx_word' id='word_1_621' title='bbox 3012 4146 3199 4217; x_wconf 64' lang='grc' dir='ltr'>φησιν,</span> <span class='ocrx_word' id='word_1_622' title='bbox 3257 4141 3292 4213; x_wconf 77' lang='grc' dir='ltr'>ἢ</span> <span class='ocrx_word' id='word_1_623' title='bbox 3333 4140 3395 4194; x_wconf 68' lang='grc' dir='ltr'><strong>τὸ</strong></span> <span class='ocrx_word' id='word_1_624' title='bbox 3438 4132 3743 4207; x_wconf 68' lang='grc' dir='ltr'>ιμπορικὺν</span> 
     </span>
    </p>
   </div>
   <div class='ocr_carea' id='block_1_86' title="bbox 468 4228 3743 4317">
    <p class='ocr_par' dir='ltr' id='par_1_86' title="bbox 468 4228 3743 4317">
     <span class='ocr_line' id='line_1_86' title="bbox 468 4228 3743 4317; baseline -0.003 -15"><span class='ocrx_word' id='word_1_625' title='bbox 468 4238 689 4308; x_wconf 61' lang='grc' dir='ltr'>ἵκοντας</span> <span class='ocrx_word' id='word_1_626' title='bbox 710 4240 1258 4311; x_wconf 72' lang='grc' dir='ltr'>ἐπιτήδευμα,ἠγυυν</span> <span class='ocrx_word' id='word_1_627' title='bbox 1275 4242 1370 4296; x_wconf 76' lang='grc' dir='ltr'><strong>καὶ</strong></span> <span class='ocrx_word' id='word_1_628' title='bbox 1389 4242 1591 4313; x_wconf 72' lang='grc' dir='ltr'>ἐτέρων</span> <span class='ocrx_word' id='word_1_629' title='bbox 1615 4242 1781 4297; x_wconf 74' lang='grc' dir='ltr'>ἕνεκα</span> <span class='ocrx_word' id='word_1_630' title='bbox 1816 4247 2183 4317; x_wconf 82' lang='grc' dir='ltr'>πραγμάτων.</span> <span class='ocrx_word' id='word_1_631' title='bbox 2222 4248 2432 4304; x_wconf 78' lang='grc' dir='ltr'>Οὐκοῦν</span> <span class='ocrx_word' id='word_1_632' title='bbox 2499 4245 2622 4300; x_wconf 76' lang='grc' dir='ltr'>οὐδὲ</span> <span class='ocrx_word' id='word_1_633' title='bbox 2693 4243 2924 4304; x_wconf 74' lang='grc' dir='ltr'>ἐκείνοις</span> <span class='ocrx_word' id='word_1_634' title='bbox 2968 4241 3195 4309; x_wconf 73' lang='grc' dir='ltr'>εἰρήνη,</span> <span class='ocrx_word' id='word_1_635' title='bbox 3264 4232 3419 4303; x_wconf 76' lang='grc' dir='ltr'>φησὶ,</span> <span class='ocrx_word' id='word_1_636' title='bbox 3488 4228 3598 4283; x_wconf 75' lang='grc' dir='ltr'><strong>τῶν</strong></span> <span class='ocrx_word' id='word_1_637' title='bbox 3641 4228 3743 4293; x_wconf 65' lang='grc' dir='ltr'><strong>δμ-</strong></span> 
     </span>
    </p>
   </div>
   <div class='ocr_carea' id='block_1_87' title="bbox 466 4317 3739 4414">
    <p class='ocr_par' dir='ltr' id='par_1_87' title="bbox 466 4317 3739 4414">
     <span class='ocr_line' id='line_1_87' title="bbox 466 4317 3739 4414; baseline -0.003 -29"><span class='ocrx_word' id='word_1_638' title='bbox 466 4332 608 4402; x_wconf 86' lang='grc' dir='ltr'>όρων</span> <span class='ocrx_word' id='word_1_639' title='bbox 660 4331 830 4385; x_wconf 76' lang='grc' dir='ltr'>ἐθνῶν</span> <span class='ocrx_word' id='word_1_640' title='bbox 866 4331 1338 4404; x_wconf 73' lang='grc' dir='ltr'>ὲκλελυπηκότων,</span> <span class='ocrx_word' id='word_1_641' title='bbox 1381 4334 1456 4398; x_wconf 83' lang='grc' dir='ltr'>ὡς</span> <span class='ocrx_word' id='word_1_642' title='bbox 1503 4334 1672 4405; x_wconf 72' lang='grc' dir='ltr'>ἔφην,</span> <span class='ocrx_word' id='word_1_643' title='bbox 1721 4336 1803 4391; x_wconf 72' lang='grc' dir='ltr'>ἔτι</span> <span class='ocrx_word' id='word_1_644' title='bbox 1848 4338 1940 4392; x_wconf 82' lang='grc' dir='ltr'><strong>τὸν</strong></span> <span class='ocrx_word' id='word_1_645' title='bbox 1980 4340 2218 4414; x_wconf 83' lang='grc' dir='ltr'>Ἰσραὴλ,</span> <span class='ocrx_word' id='word_1_646' title='bbox 2288 4346 2381 4397; x_wconf 67' lang='grc' dir='ltr'>καὶ</span> <span class='ocrx_word' id='word_1_647' title='bbox 2414 4341 2645 4394; x_wconf 74' lang='grc' dir='ltr'>ἑκάστου</span> <span class='ocrx_word' id='word_1_648' title='bbox 2674 4336 2965 4409; x_wconf 82' lang='grc' dir='ltr'>βλέποντος</span> <span class='ocrx_word' id='word_1_649' title='bbox 3028 4330 3105 4395; x_wconf 81' lang='grc' dir='ltr'>ὡς</span> <span class='ocrx_word' id='word_1_650' title='bbox 3151 4328 3248 4382; x_wconf 71' lang='grc' dir='ltr'>ἕνα</span> <span class='ocrx_word' id='word_1_651' title='bbox 3281 4325 3390 4381; x_wconf 82' lang='grc' dir='ltr'><strong>τῶν</strong></span> <span class='ocrx_word' id='word_1_652' title='bbox 3445 4324 3530 4377; x_wconf 82' lang='grc' dir='ltr'>ὅτι</span> <span class='ocrx_word' id='word_1_653' title='bbox 3578 4317 3739 4391; x_wconf 74' lang='grc' dir='ltr'>μὰλι-</span> 
     </span>
    </p>
   </div>
   <div class='ocr_carea' id='block_1_88' title="bbox 470 4423 2519 4506">
    <p class='ocr_par' dir='ltr' id='par_1_88' title="bbox 470 4423 2519 4506">
     <span class='ocr_line' id='line_1_88' title="bbox 470 4423 2519 4506; baseline 0.003 -27"><span class='ocrx_word' id='word_1_654' title='bbox 470 4442 571 4479; x_wconf 87' lang='grc' dir='ltr'><strong>στα</strong></span> <span class='ocrx_word' id='word_1_655' title='bbox 622 4423 834 4497; x_wconf 73' lang='grc' dir='ltr'>ἐχθρῶν</span> <span class='ocrx_word' id='word_1_656' title='bbox 871 4424 962 4478; x_wconf 74' lang='grc' dir='ltr'>τὸν</span> <span class='ocrx_word' id='word_1_657' title='bbox 989 4425 1160 4494; x_wconf 76' lang='grc' dir='ltr'>ἐγγὺς</span> <span class='ocrx_word' id='word_1_658' title='bbox 1197 4424 1255 4492; x_wconf 77' lang='grc' dir='ltr'><strong>ἐξ</strong></span> <span class='ocrx_word' id='word_1_659' title='bbox 1282 4425 1536 4496; x_wconf 78' lang='grc' dir='ltr'>αἵματος,</span> <span class='ocrx_word' id='word_1_660' title='bbox 1577 4427 1609 4498; x_wconf 77' lang='grc' dir='ltr'>ἢ</span> <span class='ocrx_word' id='word_1_661' title='bbox 1642 4429 1735 4481; x_wconf 80' lang='grc' dir='ltr'>καὶ</span> <span class='ocrx_word' id='word_1_662' title='bbox 1781 4430 2044 4501; x_wconf 80' lang='grc' dir='ltr'>ἀδελφὸν,</span> <span class='ocrx_word' id='word_1_663' title='bbox 2084 4434 2116 4506; x_wconf 77' lang='grc' dir='ltr'>ἢ</span> <span class='ocrx_word' id='word_1_664' title='bbox 2149 4437 2243 4488; x_wconf 75' lang='grc' dir='ltr'><strong>καὶ</strong></span> <span class='ocrx_word' id='word_1_665' title='bbox 2279 4434 2519 4502; x_wconf 87' lang='grc' dir='ltr'>γείτονα.</span> 
     </span>
    </p>
   </div>
   <div class='ocr_carea' id='block_1_89' title="bbox 540 4518 2126 4594">
    <p class='ocr_par' dir='ltr' id='par_1_89' title="bbox 540 4518 2126 4594">
     <span class='ocr_line' id='line_1_89' title="bbox 540 4518 2126 4594; baseline 0.001 -19"><span class='ocrx_word' id='word_1_666' title='bbox 540 4520 833 4576; x_wconf 82' lang='lat' dir='ltr'><strong>Sciendum</strong></span> <span class='ocrx_word' id='word_1_667' title='bbox 873 4533 1020 4583; x_wconf 85' lang='lat' dir='ltr'><strong>vero,</strong></span> <span class='ocrx_word' id='word_1_668' title='bbox 1054 4518 1364 4588; x_wconf 86' lang='lat' dir='ltr'><strong>priusquam</strong></span> <span class='ocrx_word' id='word_1_669' title='bbox 1397 4519 1630 4576; x_wconf 83' lang='lat' dir='ltr'><strong>hominis</strong></span> <span class='ocrx_word' id='word_1_670' title='bbox 1678 4531 1927 4579; x_wconf 81' lang='lat' dir='ltr'><strong>tiaturam</strong></span> <span class='ocrx_word' id='word_1_671' title='bbox 1956 4524 2049 4579; x_wconf 86' lang='lat' dir='ltr'><strong>Dei</strong></span> <span class='ocrx_word' id='word_1_672' title='bbox 2085 4540 2126 4594; x_wconf 80' lang='grc' dir='ltr'>υ</span> 
     </span>
    </p>
   </div>
   <div class='ocr_carea' id='block_1_90' title="bbox 2242 4509 3741 4593">
    <p class='ocr_par' dir='ltr' id='par_1_90' title="bbox 2242 4509 3741 4593">
     <span class='ocr_line' id='line_1_90' title="bbox 2242 4509 3741 4593; baseline -0.014 -12"><span class='ocrx_word' id='word_1_673' title='bbox 2242 4527 2437 4581; x_wconf 79' lang='grc' dir='ltr'>’ἰστέον</span> <span class='ocrx_word' id='word_1_674' title='bbox 2469 4525 2548 4589; x_wconf 71' lang='grc' dir='ltr'>δὲ,</span> <span class='ocrx_word' id='word_1_675' title='bbox 2585 4523 2667 4575; x_wconf 75' lang='grc' dir='ltr'>ὅτι</span> <span class='ocrx_word' id='word_1_676' title='bbox 2711 4520 2841 4593; x_wconf 73' lang='grc' dir='ltr'>πρὶν</span> <span class='ocrx_word' id='word_1_677' title='bbox 2893 4514 3313 4586; x_wconf 75' lang='grc' dir='ltr'>ὲνανθρωπῆσαι</span> <span class='ocrx_word' id='word_1_678' title='bbox 3356 4511 3450 4566; x_wconf 77' lang='grc' dir='ltr'><strong>τὸν</strong></span> <span class='ocrx_word' id='word_1_679' title='bbox 3492 4509 3741 4577; x_wconf 54' lang='lat' dir='ltr'><strong>Movere-</strong></span> 
     </span>
    </p>
   </div>
   <div class='ocr_carea' id='block_1_91' title="bbox 469 4594 2056 4707">
    <p class='ocr_par' dir='ltr' id='par_1_91' title="bbox 469 4612 2056 4682">
     <span class='ocr_line' id='line_1_91' title="bbox 469 4612 2056 4682; baseline 0 -14"><span class='ocrx_word' id='word_1_680' title='bbox 469 4613 640 4682; x_wconf 60' lang='lat' dir='ltr'><strong>lf&#39;ilius</strong></span> <span class='ocrx_word' id='word_1_681' title='bbox 667 4614 987 4679; x_wconf 86' lang='lat' dir='ltr'><strong>susciperet,</strong></span> <span class='ocrx_word' id='word_1_682' title='bbox 1026 4622 1078 4666; x_wconf 92' lang='lat' dir='ltr'><strong>et</strong></span> <span class='ocrx_word' id='word_1_683' title='bbox 1110 4612 1350 4667; x_wconf 80' lang='lat' dir='ltr'><strong>Ecclesia</strong></span> <span class='ocrx_word' id='word_1_684' title='bbox 1384 4614 1823 4681; x_wconf 78' lang='lat' dir='ltr'><strong>constitueretur,</strong></span> <span class='ocrx_word' id='word_1_685' title='bbox 1858 4616 2056 4669; x_wconf 86' lang='lat' dir='ltr'><strong>nullam</strong></span> 
     </span>
    </p>
   </div>
   <div class='ocr_carea' id='block_1_92' title="bbox 2159 4594 3747 4707">
    <p class='ocr_par' dir='ltr' id='par_1_92' title="bbox 2162 4594 3747 4707">
     <span class='ocr_line' id='line_1_92' title="bbox 2162 4594 3747 4707; baseline -0.011 -36"><span class='ocrx_word' id='word_1_686' title='bbox 2162 4617 2259 4685; x_wconf 76' lang='grc' dir='ltr'><strong>νῆ,</strong></span> <span class='ocrx_word' id='word_1_687' title='bbox 2309 4615 2405 4669; x_wconf 73' lang='grc' dir='ltr'><strong>καὶ</strong></span> <span class='ocrx_word' id='word_1_688' title='bbox 2467 4609 2851 4682; x_wconf 73' lang='grc' dir='ltr'>ἀναδειχθῆναι</span> <span class='ocrx_word' id='word_1_689' title='bbox 2907 4607 3008 4678; x_wconf 73' lang='grc' dir='ltr'>τὴν</span> <span class='ocrx_word' id='word_1_690' title='bbox 3061 4604 3414 4674; x_wconf 84' lang='grc' dir='ltr'>Ἐκκλησίαν,</span> <span class='ocrx_word' id='word_1_691' title='bbox 3466 4594 3747 4707; x_wconf 72' lang='grc' dir='ltr'>οὐδεὶς</span> 
     </span>
    </p>
   </div>
   <div class='ocr_carea' id='block_1_93' title="bbox 469 4703 2054 4776">
    <p class='ocr_par' dir='ltr' id='par_1_93' title="bbox 469 4703 2054 4776">
     <span class='ocr_line' id='line_1_93' title="bbox 469 4703 2054 4776; baseline 0.002 -19"><span class='ocrx_word' id='word_1_692' title='bbox 469 4704 638 4759; x_wconf 80' lang='lat' dir='ltr'><strong>fuisse</strong></span> <span class='ocrx_word' id='word_1_693' title='bbox 661 4705 964 4759; x_wconf 83' lang='lat' dir='ltr'><strong>mercedem</strong></span> <span class='ocrx_word' id='word_1_694' title='bbox 1009 4703 1335 4769; x_wconf 86' lang='lat' dir='ltr'><strong>hominibus,</strong></span> <span class='ocrx_word' id='word_1_695' title='bbox 1392 4719 1563 4776; x_wconf 88' lang='lat' dir='ltr'><strong>neque</strong></span> <span class='ocrx_word' id='word_1_696' title='bbox 1584 4708 1744 4776; x_wconf 74' lang='grc'><strong>721</strong></span> <span class='ocrx_word' id='word_1_697' title='bbox 1773 4707 2054 4776; x_wconf 87' lang='lat' dir='ltr'><strong>jumentis.</strong></span> 
     </span>
    </p>
   </div>
   <div class='ocr_carea' id='block_1_94' title="bbox 467 4794 2053 4868">
    <p class='ocr_par' dir='ltr' id='par_1_94' title="bbox 467 4794 2053 4868">
     <span class='ocr_line' id='line_1_94' title="bbox 467 4794 2053 4868; baseline 0.001 -17"><span class='ocrx_word' id='word_1_698' title='bbox 467 4794 603 4851; x_wconf 85' lang='lat' dir='ltr'><strong>Nam</strong></span> <span class='ocrx_word' id='word_1_699' title='bbox 626 4795 678 4849; x_wconf 91' lang='lat' dir='ltr'><strong>in</strong></span> <span class='ocrx_word' id='word_1_700' title='bbox 699 4795 800 4850; x_wconf 89' lang='lat' dir='ltr'><strong>hac</strong></span> <span class='ocrx_word' id='word_1_701' title='bbox 822 4794 926 4848; x_wconf 77' lang='lat' dir='ltr'><strong>vita</strong></span> <span class='ocrx_word' id='word_1_702' title='bbox 951 4795 1155 4849; x_wconf 82' lang='lat' dir='ltr'><strong>ratione</strong></span> <span class='ocrx_word' id='word_1_703' title='bbox 1178 4794 1518 4864; x_wconf 79' lang='lat' dir='ltr'><strong>excellentes,</strong></span> <span class='ocrx_word' id='word_1_704' title='bbox 1548 4810 1600 4852; x_wconf 92' lang='lat' dir='ltr'><strong>et</strong></span> <span class='ocrx_word' id='word_1_705' title='bbox 1625 4800 1923 4868; x_wconf 57' lang='lat' dir='ltr'><strong>prudentia!</strong></span> <span class='ocrx_word' id='word_1_706' title='bbox 1941 4800 2053 4868; x_wconf 86' lang='lat' dir='ltr'><strong>epi-</strong></span> 
     </span>
    </p>
   </div>
   <div class='ocr_carea' id='block_1_95' title="bbox 466 4885 2061 4957">
    <p class='ocr_par' dir='ltr' id='par_1_95' title="bbox 466 4885 2061 4957">
     <span class='ocr_line' id='line_1_95' title="bbox 466 4885 2061 4957; baseline 0.001 -16"><span class='ocrx_word' id='word_1_707' title='bbox 466 4888 631 4943; x_wconf 88' lang='lat' dir='ltr'><strong>nione</strong></span> <span class='ocrx_word' id='word_1_708' title='bbox 647 4885 962 4956; x_wconf 81' lang='lat' dir='ltr'><strong>insignes,el</strong></span> <span class='ocrx_word' id='word_1_709' title='bbox 982 4886 1073 4955; x_wconf 88' lang='lat' dir='ltr'><strong>qui</strong></span> <span class='ocrx_word' id='word_1_710' title='bbox 1093 4886 1339 4941; x_wconf 84' lang='lat' dir='ltr'><strong>homines</strong></span> <span class='ocrx_word' id='word_1_711' title='bbox 1359 4891 1628 4944; x_wconf 88' lang='lat' dir='ltr'><strong>numerari</strong></span> <span class='ocrx_word' id='word_1_712' title='bbox 1647 4889 2061 4957; x_wconf 79' lang='lat' dir='ltr'><strong>possent,inlru-</strong></span> 
     </span>
    </p>
   </div>
   <div class='ocr_carea' id='block_1_96' title="bbox 468 4979 2057 5053">
    <p class='ocr_par' dir='ltr' id='par_1_96' title="bbox 468 4979 2057 5053">
     <span class='ocr_line' id='line_1_96' title="bbox 468 4979 2057 5053; baseline 0.001 -18"><span class='ocrx_word' id='word_1_713' title='bbox 468 4991 714 5046; x_wconf 85' lang='lat' dir='ltr'><strong>ctuosam</strong></span> <span class='ocrx_word' id='word_1_714' title='bbox 748 4989 802 5034; x_wconf 92' lang='lat' dir='ltr'><strong>et</strong></span> <span class='ocrx_word' id='word_1_715' title='bbox 827 4979 1065 5035; x_wconf 89' lang='lat' dir='ltr'><strong>inutilem</strong></span> <span class='ocrx_word' id='word_1_716' title='bbox 1081 4997 1300 5053; x_wconf 86' lang='lat' dir='ltr'><strong>operam</strong></span> <span class='ocrx_word' id='word_1_717' title='bbox 1326 4984 1377 5038; x_wconf 90' lang='lat' dir='ltr'><strong>in</strong></span> <span class='ocrx_word' id='word_1_718' title='bbox 1400 4983 1676 5052; x_wconf 85' lang='lat' dir='ltr'><strong>discipulis</strong></span> <span class='ocrx_word' id='word_1_719' title='bbox 1704 4984 2057 5051; x_wconf 87' lang='lat' dir='ltr'><strong>ponebant,et</strong></span> 
     </span>
    </p>
   </div>
   <div class='ocr_carea' id='block_1_97' title="bbox 396 5064 2052 5143">
    <p class='ocr_par' dir='ltr' id='par_1_97' title="bbox 396 5064 2052 5143">
     <span class='ocr_line' id='line_1_97' title="bbox 396 5064 2052 5143; baseline -0.002 -18"><span class='ocrx_word' id='word_1_720' title='bbox 396 5064 405 5069; x_wconf 79' lang='grc'><em>’</em></span> <span class='ocrx_word' id='word_1_721' title='bbox 469 5085 647 5140; x_wconf 75' lang='lat' dir='ltr'><strong>neque</strong></span> <span class='ocrx_word' id='word_1_722' title='bbox 696 5070 969 5141; x_wconf 83' lang='lat' dir='ltr'><strong>singulare</strong></span> <span class='ocrx_word' id='word_1_723' title='bbox 1043 5075 1315 5143; x_wconf 83' lang='lat' dir='ltr'><strong>quippiam</strong></span> <span class='ocrx_word' id='word_1_724' title='bbox 1366 5074 1561 5130; x_wconf 89' lang='lat' dir='ltr'><strong>litteris</strong></span> <span class='ocrx_word' id='word_1_725' title='bbox 1619 5072 2052 5140; x_wconf 77' lang='lat' dir='ltr'><strong>consignabant,</strong></span> 
     </span>
    </p>
   </div>
   <div class='ocr_carea' id='block_1_98' title="bbox 475 5161 2052 5235">
    <p class='ocr_par' dir='ltr' id='par_1_98' title="bbox 475 5161 2052 5235">
     <span class='ocr_line' id='line_1_98' title="bbox 475 5161 2052 5235; baseline -0.003 -13"><span class='ocrx_word' id='word_1_726' title='bbox 475 5177 654 5233; x_wconf 83' lang='lat' dir='ltr'><strong>neque</strong></span> <span class='ocrx_word' id='word_1_727' title='bbox 682 5161 803 5217; x_wconf 84' lang='lat' dir='ltr'><strong>aliis</strong></span> <span class='ocrx_word' id='word_1_728' title='bbox 827 5173 917 5217; x_wconf 89' lang='lat' dir='ltr'><strong>aut</strong></span> <span class='ocrx_word' id='word_1_729' title='bbox 942 5164 1312 5235; x_wconf 81' lang='lat' dir='ltr'><strong>intelligendo,</strong></span> <span class='ocrx_word' id='word_1_730' title='bbox 1345 5177 1437 5219; x_wconf 88' lang='lat' dir='ltr'><strong>aut</strong></span> <span class='ocrx_word' id='word_1_731' title='bbox 1493 5164 1762 5234; x_wconf 80' lang='lat' dir='ltr'><strong>loquendo</strong></span> <span class='ocrx_word' id='word_1_732' title='bbox 1794 5164 2052 5232; x_wconf 87' lang='lat' dir='ltr'><strong>prodesse</strong></span> 
     </span>
    </p>
   </div>
   <div class='ocr_carea' id='block_1_99' title="bbox 474 5256 2060 5329">
    <p class='ocr_par' dir='ltr' id='par_1_99' title="bbox 474 5256 2060 5329">
     <span class='ocr_line' id='line_1_99' title="bbox 474 5256 2060 5329; baseline 0.002 -21"><span class='ocrx_word' id='word_1_733' title='bbox 474 5264 740 5326; x_wconf 88' lang='lat' dir='ltr'><strong>poterant.</strong></span> <span class='ocrx_word' id='word_1_734' title='bbox 801 5256 1061 5315; x_wconf 80' lang='lat' dir='ltr'><strong>Similiter</strong></span> <span class='ocrx_word' id='word_1_735' title='bbox 1109 5261 1200 5329; x_wconf 87' lang='lat' dir='ltr'><strong>qui</strong></span> <span class='ocrx_word' id='word_1_736' title='bbox 1247 5259 1449 5328; x_wconf 80' lang='lat' dir='ltr'><strong>vulgari</strong></span> <span class='ocrx_word' id='word_1_737' title='bbox 1495 5265 1549 5312; x_wconf 87' lang='lat' dir='ltr'><strong>et</strong></span> <span class='ocrx_word' id='word_1_738' title='bbox 1583 5258 1848 5326; x_wconf 87' lang='lat' dir='ltr'><strong>pecudum</strong></span> <span class='ocrx_word' id='word_1_739' title='bbox 1910 5270 2060 5311; x_wconf 87' lang='lat' dir='ltr'><strong>more</strong></span> 
     </span>
    </p>
   </div>
   <div class='ocr_carea' id='block_1_100' title="bbox 473 5346 2055 5418">
    <p class='ocr_par' dir='ltr' id='par_1_100' title="bbox 473 5346 2055 5418">
     <span class='ocr_line' id='line_1_100' title="bbox 473 5346 2055 5418; baseline 0.002 -20"><span class='ocrx_word' id='word_1_740' title='bbox 473 5347 641 5401; x_wconf 86' lang='lat' dir='ltr'><strong>vitam</strong></span> <span class='ocrx_word' id='word_1_741' title='bbox 693 5346 978 5415; x_wconf 83' lang='lat' dir='ltr'><strong>ducebant,</strong></span> <span class='ocrx_word' id='word_1_742' title='bbox 1055 5351 1263 5418; x_wconf 90' lang='lat' dir='ltr'><strong>absque</strong></span> <span class='ocrx_word' id='word_1_743' title='bbox 1320 5349 1565 5409; x_wconf 85' lang='lat' dir='ltr'><strong>mercede</strong></span> <span class='ocrx_word' id='word_1_744' title='bbox 1636 5347 2055 5416; x_wconf 85' lang='lat' dir='ltr'><strong>permanebant:</strong></span> 
     </span>
    </p>
   </div>
   <div class='ocr_carea' id='block_1_101' title="bbox 477 5436 2059 5510">
    <p class='ocr_par' dir='ltr' id='par_1_101' title="bbox 477 5436 2059 5510">
     <span class='ocr_line' id='line_1_101' title="bbox 477 5436 2059 5510; baseline 0 -19"><span class='ocrx_word' id='word_1_745' title='bbox 477 5438 928 5507; x_wconf 81' lang='lat' dir='ltr'><strong>nequibantenim</strong></span> <span class='ocrx_word' id='word_1_746' title='bbox 957 5440 1250 5510; x_wconf 85' lang='lat' dir='ltr'><strong>quidquam</strong></span> <span class='ocrx_word' id='word_1_747' title='bbox 1280 5437 1387 5492; x_wconf 89' lang='lat' dir='ltr'><strong>Deo</strong></span> <span class='ocrx_word' id='word_1_748' title='bbox 1413 5440 1696 5508; x_wconf 85' lang='lat' dir='ltr'><strong>probatqu</strong></span> <span class='ocrx_word' id='word_1_749' title='bbox 1751 5453 1927 5508; x_wconf 79' lang='lat' dir='ltr'><strong>agere.</strong></span> <span class='ocrx_word' id='word_1_750' title='bbox 1955 5436 2059 5493; x_wconf 88' lang='lat' dir='ltr'><strong>Sed</strong></span> 
     </span>
    </p>
   </div>
   <div class='ocr_carea' id='block_1_102' title="bbox 479 5531 2058 5602">
    <p class='ocr_par' dir='ltr' id='par_1_102' title="bbox 479 5531 2058 5602">
     <span class='ocr_line' id='line_1_102' title="bbox 479 5531 2058 5602; baseline 0.003 -22"><span class='ocrx_word' id='word_1_751' title='bbox 479 5543 652 5599; x_wconf 70' lang='lat' dir='ltr'><strong>neque</strong></span> <span class='ocrx_word' id='word_1_752' title='bbox 674 5542 785 5586; x_wconf 87' lang='lat' dir='ltr'><strong>erat</strong></span> <span class='ocrx_word' id='word_1_753' title='bbox 815 5532 1041 5587; x_wconf 88' lang='lat' dir='ltr'><strong>omnino</strong></span> <span class='ocrx_word' id='word_1_754' title='bbox 1068 5545 1167 5600; x_wconf 71' lang='lat' dir='ltr'><strong>pax</strong></span> <span class='ocrx_word' id='word_1_755' title='bbox 1218 5531 1272 5584; x_wconf 87' lang='lat' dir='ltr'><strong>in</strong></span> <span class='ocrx_word' id='word_1_756' title='bbox 1329 5542 1489 5597; x_wconf 71' lang='lat' dir='ltr'><strong>terra,</strong></span> <span class='ocrx_word' id='word_1_757' title='bbox 1552 5548 1711 5602; x_wconf 78' lang='lat' dir='ltr'><strong>grege</strong></span> <span class='ocrx_word' id='word_1_758' title='bbox 1759 5534 2058 5586; x_wconf 65' lang='lat' dir='ltr'><strong>daemonum</strong></span> 
     </span>
    </p>
   </div>
   <div class='ocr_carea' id='block_1_103' title="bbox 477 5622 2062 5698">
    <p class='ocr_par' dir='ltr' id='par_1_103' title="bbox 477 5622 2062 5698">
     <span class='ocr_line' id='line_1_103' title="bbox 477 5622 2062 5698; baseline 0.004 -26"><span class='ocrx_word' id='word_1_759' title='bbox 477 5622 652 5689; x_wconf 71' lang='lat' dir='ltr'><strong>omnia</strong></span> <span class='ocrx_word' id='word_1_760' title='bbox 682 5624 1039 5692; x_wconf 86' lang='lat' dir='ltr'><strong>permiscente</strong></span> <span class='ocrx_word' id='word_1_761' title='bbox 1084 5633 1133 5677; x_wconf 90' lang='lat' dir='ltr'><strong>et</strong></span> <span class='ocrx_word' id='word_1_762' title='bbox 1165 5625 1419 5697; x_wconf 73' lang='lat' dir='ltr'><strong>mundum</strong></span> <span class='ocrx_word' id='word_1_763' title='bbox 1451 5624 1679 5698; x_wconf 86' lang='lat' dir='ltr'><strong>tumultu</strong></span> <span class='ocrx_word' id='word_1_764' title='bbox 1711 5624 1983 5692; x_wconf 80' lang='lat' dir='ltr'><strong>iuipleute,</strong></span> <span class='ocrx_word' id='word_1_765' title='bbox 2005 5634 2062 5678; x_wconf 87' lang='lat' dir='ltr'><strong>ut</strong></span> 
     </span>
    </p>
   </div>
   <div class='ocr_carea' id='block_1_104' title="bbox 550 5796 1011 5878">
    <p class='ocr_par' dir='ltr' id='par_1_104' title="bbox 550 5796 1011 5878">
     <span class='ocr_line' id='line_1_104' title="bbox 550 5796 1011 5878; baseline -0.011 -24"><span class='ocrx_word' id='word_1_766' title='bbox 550 5796 591 5847; x_wconf 57' lang='lat'><strong>5&quot;</strong></span> <span class='ocrx_word' id='word_1_767' title='bbox 623 5802 758 5878; x_wconf 78' lang='lat' dir='ltr'><strong>Agg.</strong></span> <span class='ocrx_word' id='word_1_768' title='bbox 794 5814 834 5868; x_wconf 70' lang='grc' dir='ltr'><strong>ι,</strong></span> <span class='ocrx_word' id='word_1_769' title='bbox 861 5799 912 5862; x_wconf 77' lang='grc'>5,</span> <span class='ocrx_word' id='word_1_770' title='bbox 956 5797 1011 5851; x_wconf 69' lang='grc'>4.</span> 
     </span>
    </p>
   </div>
   <div class='ocr_carea' id='block_1_105' title="bbox 2160 4691 3742 4778">
    <p class='ocr_par' dir='ltr' id='par_1_105' title="bbox 2160 4691 3742 4778">
     <span class='ocr_line' id='line_1_105' title="bbox 2160 4691 3742 4778; baseline -0.012 -16"><span class='ocrx_word' id='word_1_771' title='bbox 2160 4711 2273 4772; x_wconf 85' lang='grc' dir='ltr'>τοῖς</span> <span class='ocrx_word' id='word_1_772' title='bbox 2304 4704 2612 4778; x_wconf 76' lang='grc' dir='ltr'>ἀνθρώποις</span> <span class='ocrx_word' id='word_1_773' title='bbox 2637 4703 2849 4773; x_wconf 73' lang='grc' dir='ltr'>μισθὸς,</span> <span class='ocrx_word' id='word_1_774' title='bbox 2879 4698 3005 4753; x_wconf 75' lang='grc' dir='ltr'>οὔτε</span> <span class='ocrx_word' id='word_1_775' title='bbox 3050 4697 3155 4769; x_wconf 78' lang='grc' dir='ltr'><strong>μὴν</strong></span> <span class='ocrx_word' id='word_1_776' title='bbox 3187 4699 3302 4759; x_wconf 84' lang='grc' dir='ltr'>τοῖς</span> <span class='ocrx_word' id='word_1_777' title='bbox 3355 4694 3633 4764; x_wconf 76' lang='grc' dir='ltr'>κτήνεσιν.</span> <span class='ocrx_word' id='word_1_778' title='bbox 3677 4691 3742 4744; x_wconf 77' lang='grc' dir='ltr'><strong>Οἳ</strong></span> 
     </span>
    </p>
   </div>
   <div class='ocr_carea' id='block_1_106' title="bbox 2158 4782 3743 4871">
    <p class='ocr_par' dir='ltr' id='par_1_106' title="bbox 2158 4782 3743 4871">
     <span class='ocr_line' id='line_1_106' title="bbox 2158 4782 3743 4871; baseline -0.013 -17"><span class='ocrx_word' id='word_1_779' title='bbox 2158 4818 2219 4853; x_wconf 81' lang='grc' dir='ltr'><strong>τε</strong></span> <span class='ocrx_word' id='word_1_780' title='bbox 2252 4800 2360 4871; x_wconf 85' lang='grc' dir='ltr'>γὰρ</span> <span class='ocrx_word' id='word_1_781' title='bbox 2395 4799 2453 4851; x_wconf 82' lang='grc' dir='ltr'>ὲν</span> <span class='ocrx_word' id='word_1_782' title='bbox 2487 4796 2627 4867; x_wconf 79' lang='grc' dir='ltr'>τῷδε</span> <span class='ocrx_word' id='word_1_783' title='bbox 2660 4793 2739 4865; x_wconf 84' lang='grc' dir='ltr'>τῷ</span> <span class='ocrx_word' id='word_1_784' title='bbox 2779 4793 2879 4863; x_wconf 83' lang='grc' dir='ltr'><strong>βίῳ</strong></span> <span class='ocrx_word' id='word_1_785' title='bbox 2922 4788 3297 4860; x_wconf 82' lang='grc' dir='ltr'>λογικώτεροι,</span> <span class='ocrx_word' id='word_1_786' title='bbox 3338 4787 3434 4841; x_wconf 76' lang='grc' dir='ltr'>καὶ</span> <span class='ocrx_word' id='word_1_787' title='bbox 3474 4782 3743 4845; x_wconf 77' lang='grc' dir='ltr'>συνέσεως</span> 
     </span>
    </p>
   </div>
   <div class='ocr_carea' id='block_1_107' title="bbox 2158 4873 3741 4962">
    <p class='ocr_par' dir='ltr' id='par_1_107' title="bbox 2158 4873 3741 4962">
     <span class='ocr_line' id='line_1_107' title="bbox 2158 4873 3741 4962; baseline -0.013 -16"><span class='ocrx_word' id='word_1_788' title='bbox 2158 4893 2374 4962; x_wconf 82' lang='grc' dir='ltr'>ἔχοντες</span> <span class='ocrx_word' id='word_1_789' title='bbox 2407 4890 2585 4954; x_wconf 83' lang='grc' dir='ltr'>δόξαν,</span> <span class='ocrx_word' id='word_1_790' title='bbox 2627 4886 2676 4940; x_wconf 73' lang='grc' dir='ltr'>οἳ</span> <span class='ocrx_word' id='word_1_791' title='bbox 2732 4885 2797 4955; x_wconf 84' lang='grc' dir='ltr'>δὴ</span> <span class='ocrx_word' id='word_1_792' title='bbox 2845 4884 2941 4938; x_wconf 69' lang='grc' dir='ltr'><strong>καὶ</strong></span> <span class='ocrx_word' id='word_1_793' title='bbox 2989 4882 3266 4953; x_wconf 76' lang='grc' dir='ltr'>ἄνθρωποι</span> <span class='ocrx_word' id='word_1_794' title='bbox 3298 4876 3605 4948; x_wconf 82' lang='grc' dir='ltr'>νομισθεῖεν</span> <span class='ocrx_word' id='word_1_795' title='bbox 3651 4873 3741 4939; x_wconf 77' lang='grc' dir='ltr'><strong>ἂν,</strong></span> 
     </span>
    </p>
   </div>
   <div class='ocr_carea' id='block_1_108' title="bbox 2157 4962 3742 5053">
    <p class='ocr_par' dir='ltr' id='par_1_108' title="bbox 2157 4962 3742 5053">
     <span class='ocr_line' id='line_1_108' title="bbox 2157 4962 3742 5053; baseline -0.013 -18"><span class='ocrx_word' id='word_1_796' title='bbox 2157 4981 2363 5053; x_wconf 84' lang='grc' dir='ltr'>ἀκερδῆ</span> <span class='ocrx_word' id='word_1_797' title='bbox 2397 4980 2493 5032; x_wconf 76' lang='grc' dir='ltr'>καὶ</span> <span class='ocrx_word' id='word_1_798' title='bbox 2513 4978 2786 5047; x_wconf 77' lang='grc' dir='ltr'>ἄχρηστον</span> <span class='ocrx_word' id='word_1_799' title='bbox 2815 4975 2915 5044; x_wconf 77' lang='grc' dir='ltr'>τὴν</span> <span class='ocrx_word' id='word_1_800' title='bbox 2955 4978 3013 5026; x_wconf 71' lang='grc' dir='ltr'>ἑν</span> <span class='ocrx_word' id='word_1_801' title='bbox 3049 4974 3163 5033; x_wconf 82' lang='grc' dir='ltr'>τοῖς</span> <span class='ocrx_word' id='word_1_802' title='bbox 3195 4971 3377 5037; x_wconf 80' lang='grc' dir='ltr'>λόγοις</span> <span class='ocrx_word' id='word_1_803' title='bbox 3398 4962 3545 5038; x_wconf 76' lang='grc' dir='ltr'>ε’ίχον</span> <span class='ocrx_word' id='word_1_804' title='bbox 3571 4980 3742 5017; x_wconf 76' lang='grc' dir='ltr'>σπου-</span> 
     </span>
    </p>
   </div>
   <div class='ocr_carea' id='block_1_109' title="bbox 2154 5053 3742 5144">
    <p class='ocr_par' dir='ltr' id='par_1_109' title="bbox 2154 5053 3742 5144">
     <span class='ocr_line' id='line_1_109' title="bbox 2154 5053 3742 5144; baseline -0.01 -18"><span class='ocrx_word' id='word_1_805' title='bbox 2154 5074 2271 5144; x_wconf 79' lang='grc' dir='ltr'>δὴν,</span> <span class='ocrx_word' id='word_1_806' title='bbox 2324 5070 2448 5124; x_wconf 75' lang='grc' dir='ltr'>οὕτε</span> <span class='ocrx_word' id='word_1_807' title='bbox 2496 5065 2901 5138; x_wconf 70' lang='grc' dir='ltr'>συγγράφοντες</span> <span class='ocrx_word' id='word_1_808' title='bbox 2937 5081 2990 5117; x_wconf 89' lang='grc' dir='ltr'><strong>τι</strong></span> <span class='ocrx_word' id='word_1_809' title='bbox 3052 5061 3159 5117; x_wconf 82' lang='grc' dir='ltr'><strong>τῶν</strong></span> <span class='ocrx_word' id='word_1_810' title='bbox 3216 5058 3550 5127; x_wconf 76' lang='grc' dir='ltr'>ἀναγκαίων,</span> <span class='ocrx_word' id='word_1_811' title='bbox 3614 5053 3742 5110; x_wconf 73' lang='grc' dir='ltr'>οὔτε</span> 
     </span>
    </p>
   </div>
   <div class='ocr_carea' id='block_1_110' title="bbox 2159 5148 3743 5236">
    <p class='ocr_par' dir='ltr' id='par_1_110' title="bbox 2159 5148 3743 5236">
     <span class='ocr_line' id='line_1_110' title="bbox 2159 5148 3743 5236; baseline -0.012 -18"><span class='ocrx_word' id='word_1_812' title='bbox 2159 5164 2266 5236; x_wconf 69' lang='grc' dir='ltr'><strong>μὴν</strong></span> <span class='ocrx_word' id='word_1_813' title='bbox 2302 5165 2445 5217; x_wconf 83' lang='grc' dir='ltr'>νοεῖν</span> <span class='ocrx_word' id='word_1_814' title='bbox 2495 5161 2526 5231; x_wconf 83' lang='grc' dir='ltr'>ἢ</span> <span class='ocrx_word' id='word_1_815' title='bbox 2569 5160 2750 5213; x_wconf 79' lang='grc' dir='ltr'>λαλεῖν</span> <span class='ocrx_word' id='word_1_816' title='bbox 2804 5156 3022 5229; x_wconf 64' lang='grc' dir='ltr'>ἑτέροις</span> <span class='ocrx_word' id='word_1_817' title='bbox 3066 5154 3378 5223; x_wconf 66' lang='grc' dir='ltr'>δυνάμενοι.</span> <span class='ocrx_word' id='word_1_818' title='bbox 3425 5148 3656 5219; x_wconf 80' lang='grc' dir='ltr'>Ὁμοίως</span> <span class='ocrx_word' id='word_1_819' title='bbox 3682 5148 3743 5201; x_wconf 77' lang='grc' dir='ltr'>δὲ</span> 
     </span>
    </p>
   </div>
   <div class='ocr_carea' id='block_1_111' title="bbox 2161 5238 3744 5327">
    <p class='ocr_par' dir='ltr' id='par_1_111' title="bbox 2161 5238 3744 5327">
     <span class='ocr_line' id='line_1_111' title="bbox 2161 5238 3744 5327; baseline -0.011 -18"><span class='ocrx_word' id='word_1_820' title='bbox 2161 5257 2254 5309; x_wconf 70' lang='grc' dir='ltr'><strong>καὶ</strong></span> <span class='ocrx_word' id='word_1_821' title='bbox 2315 5256 2363 5307; x_wconf 77' lang='lat' dir='ltr'><strong>oi</strong></span> <span class='ocrx_word' id='word_1_822' title='bbox 2408 5252 2500 5307; x_wconf 84' lang='grc' dir='ltr'>τὸν</span> <span class='ocrx_word' id='word_1_823' title='bbox 2559 5250 2813 5327; x_wconf 74' lang='grc' dir='ltr'>ἀγελαῖον</span> <span class='ocrx_word' id='word_1_824' title='bbox 2840 5248 2937 5302; x_wconf 77' lang='grc' dir='ltr'>καὶ</span> <span class='ocrx_word' id='word_1_825' title='bbox 2982 5243 3229 5315; x_wconf 85' lang='grc' dir='ltr'>κτηνὼδη</span> <span class='ocrx_word' id='word_1_826' title='bbox 3286 5242 3566 5313; x_wconf 76' lang='grc' dir='ltr'>τρίὸοντις</span> <span class='ocrx_word' id='word_1_827' title='bbox 3627 5238 3744 5311; x_wconf 83' lang='grc' dir='ltr'>βίον</span> 
     </span>
    </p>
   </div>
   <div class='ocr_carea' id='block_1_112' title="bbox 2158 5330 3742 5415">
    <p class='ocr_par' dir='ltr' id='par_1_112' title="bbox 2158 5330 3742 5415">
     <span class='ocr_line' id='line_1_112' title="bbox 2158 5330 3742 5415; baseline -0.009 -17"><span class='ocrx_word' id='word_1_828' title='bbox 2158 5345 2382 5415; x_wconf 74' lang='grc' dir='ltr'>ἄμισθοι</span> <span class='ocrx_word' id='word_1_829' title='bbox 2438 5342 2727 5395; x_wconf 82' lang='grc' dir='ltr'>διετέλουν·</span> <span class='ocrx_word' id='word_1_830' title='bbox 2764 5340 2824 5392; x_wconf 81' lang='grc' dir='ltr'><strong>οὐ</strong></span> <span class='ocrx_word' id='word_1_831' title='bbox 2869 5338 2981 5406; x_wconf 77' lang='grc' dir='ltr'>γὰρ</span> <span class='ocrx_word' id='word_1_832' title='bbox 3029 5331 3097 5407; x_wconf 78' lang='grc' dir='ltr'>ἦν</span> <span class='ocrx_word' id='word_1_833' title='bbox 3139 5332 3477 5405; x_wconf 72' lang='grc' dir='ltr'>ἐργάσασθαί</span> <span class='ocrx_word' id='word_1_834' title='bbox 3534 5348 3588 5385; x_wconf 82' lang='grc' dir='ltr'><strong>τι</strong></span> <span class='ocrx_word' id='word_1_835' title='bbox 3628 5330 3742 5384; x_wconf 79' lang='grc' dir='ltr'><strong>τῶν</strong></span> 
     </span>
    </p>
   </div>
   <div class='ocr_carea' id='block_1_113' title="bbox 2158 5423 3743 5506">
    <p class='ocr_par' dir='ltr' id='par_1_113' title="bbox 2158 5423 3743 5506">
     <span class='ocr_line' id='line_1_113' title="bbox 2158 5423 3743 5506; baseline -0.008 -17"><span class='ocrx_word' id='word_1_836' title='bbox 2158 5436 2569 5506; x_wconf 70' lang='grc' dir='ltr'>ἐπαινουμένων</span> <span class='ocrx_word' id='word_1_837' title='bbox 2594 5432 2743 5504; x_wconf 78' lang='grc' dir='ltr'>παρὰ</span> <span class='ocrx_word' id='word_1_838' title='bbox 2770 5429 2909 5499; x_wconf 80' lang='grc' dir='ltr'>Θεῷ.</span> <span class='ocrx_word' id='word_1_839' title='bbox 2957 5428 3097 5482; x_wconf 77' lang='grc' dir='ltr'>Ἀλλ’</span> <span class='ocrx_word' id='word_1_840' title='bbox 3127 5427 3250 5480; x_wconf 74' lang='grc' dir='ltr'>οὐδὲ</span> <span class='ocrx_word' id='word_1_841' title='bbox 3272 5423 3338 5497; x_wconf 79' lang='grc' dir='ltr'>ἦν</span> <span class='ocrx_word' id='word_1_842' title='bbox 3358 5425 3497 5489; x_wconf 78' lang='grc' dir='ltr'>ὅλως</span> <span class='ocrx_word' id='word_1_843' title='bbox 3522 5426 3615 5477; x_wconf 76' lang='grc' dir='ltr'>ἐπὶ</span> <span class='ocrx_word' id='word_1_844' title='bbox 3640 5425 3743 5490; x_wconf 83' lang='grc' dir='ltr'>γῆς</span> 
     </span>
    </p>
   </div>
   <div class='ocr_carea' id='block_1_114' title="bbox 2160 5515 3745 5599">
    <p class='ocr_par' dir='ltr' id='par_1_114' title="bbox 2160 5515 3745 5599">
     <span class='ocr_line' id='line_1_114' title="bbox 2160 5515 3745 5599; baseline -0.009 -17"><span class='ocrx_word' id='word_1_845' title='bbox 2160 5532 2375 5599; x_wconf 62' lang='grc' dir='ltr'>εἰρῄνη,</span> <span class='ocrx_word' id='word_1_846' title='bbox 2410 5527 2510 5597; x_wconf 75' lang='grc' dir='ltr'><strong>τῆς</strong></span> <span class='ocrx_word' id='word_1_847' title='bbox 2548 5526 2654 5579; x_wconf 81' lang='grc' dir='ltr'><strong>τῶν</strong></span> <span class='ocrx_word' id='word_1_848' title='bbox 2699 5522 2992 5593; x_wconf 79' lang='grc' dir='ltr'>δαιμονίων</span> <span class='ocrx_word' id='word_1_849' title='bbox 3045 5520 3245 5589; x_wconf 75' lang='grc' dir='ltr'>ἀγέλης</span> <span class='ocrx_word' id='word_1_850' title='bbox 3279 5515 3630 5586; x_wconf 77' lang='grc' dir='ltr'>διακυκώσης</span> <span class='ocrx_word' id='word_1_851' title='bbox 3672 5515 3745 5567; x_wconf 75' lang='grc' dir='ltr'>τὰ</span> 
     </span>
    </p>
   </div>
   <div class='ocr_carea' id='block_1_115' title="bbox 2162 5607 3737 5688">
    <p class='ocr_par' dir='ltr' id='par_1_115' title="bbox 2162 5607 3737 5688">
     <span class='ocr_line' id='line_1_115' title="bbox 2162 5607 3737 5688; baseline -0.01 -16"><span class='ocrx_word' id='word_1_852' title='bbox 2162 5622 2363 5681; x_wconf 82' lang='grc' dir='ltr'>πάντα,</span> <span class='ocrx_word' id='word_1_853' title='bbox 2390 5620 2483 5671; x_wconf 76' lang='grc' dir='ltr'><strong>καὶ</strong></span> <span class='ocrx_word' id='word_1_854' title='bbox 2530 5615 2760 5688; x_wconf 70' lang='grc' dir='ltr'>θορύϐου</span> <span class='ocrx_word' id='word_1_855' title='bbox 2791 5631 2854 5683; x_wconf 86' lang='grc' dir='ltr'><strong>με</strong></span> <span class='ocrx_word' id='word_1_856' title='bbox 2868 5612 2992 5682; x_wconf 75' lang='grc' dir='ltr'>ατὴν</span> <span class='ocrx_word' id='word_1_857' title='bbox 3026 5610 3323 5681; x_wconf 58' lang='grc' dir='ltr'>άποφαινού</span> <span class='ocrx_word' id='word_1_858' title='bbox 3336 5627 3431 5680; x_wconf 69' lang='grc' dir='ltr'><strong>της</strong></span> <span class='ocrx_word' id='word_1_859' title='bbox 3472 5607 3571 5679; x_wconf 80' lang='grc' dir='ltr'><strong>τὴν</strong></span> <span class='ocrx_word' id='word_1_860' title='bbox 3600 5608 3702 5676; x_wconf 75' lang='grc' dir='ltr'><strong>γῆν</strong></span> <span class='ocrx_word' id='word_1_861' title='bbox 3723 5646 3737 5668; x_wconf 86' lang='grc'><strong>,</strong></span> 
     </span>
    </p>
   </div>
  </div>
