4130 6480
575 348 675 409 125
1603 344 1663 403 S.
1702 345 1978 404 CYRILLI
2020 347 2497 406 ALEXANDRINI
2534 347 2853 405 ABCIIIEP.
3758 352 3857 409 12$

565 478 617 526 et
632 464 781 522 eritis
807 462 861 517 in
884 459 1268 519 benedictione.
1295 458 1557 530 Confidite
1590 470 1639 516 et
1684 461 2067 533 confortamini
2107 464 2151 517 in

2262 460 2544 516 διασώσω
2568 460 2745 531 ὑμᾶς,
2778 462 2878 516 καὶ
2916 462 3139 521 ἔσεσθε
3173 464 3243 518 ἐν
3271 465 3542 537 εὐλογίᾳ.
3573 469 3855 539 Θαρσεῖτε

571 553 816 609 manu“
840 551 1048 605 υεεινίε·
2267 554 2371 608 καὶ
2406 553 2763 622 κατισχύετε
2798 555 2869 608 ἐν
2896 555 3023 623 ταῖς
3053 557 3270 625 χερσὶν
3294 556 3487 626 ὑμῶν.

637 644 825 701 XLVI.
851 643 909 699 In
946 643 1316 714 captivitatem
1347 642 1490 696 ducti
1521 641 1802 707 Israelitte,
1825 651 1880 699 et
1899 645 2151 700 victorum

2337 647 2488 713 ΜΦ.
2529 646 2879 716 Αίχμάλωτοι
2927 649 3213 717 γεγονότες
3259 651 3307 703 οἱ
3360 650 3420 716 ἐξ
3461 651 3714 723 Ἰσραὴλ,
3761 654 3846 708 καὶ

567 738 760 809 iniqua
787 735 1011 806 imperia
1066 732 1428 804 perferentes,
1474 733 1641 788 etiam
1695 733 1977 791 maledicti
2035 745 2151 792 sunt

2263 742 2386 803 ταῖς
2411 738 2522 793 τῶν
2552 739 2785 794 ἑλόντων
2813 741 3153 808 πλεονεξίαις
3205 743 3615 815 ἐνειλημμένοι,
3653 761 3857 816 κεχρη-

564 830 768 895 vocati,
808 826 1120 883 dicentibus
1177 825 1526 894 quibusdam,
1581 827 1723 895 quod
1784 842 1815 881 a
1876 842 2007 883 vero
2053 842 2151 882 non

2267 830 2532 901 ματίκασι
2561 831 2656 884 καὶ
2691 832 2981 904 ἐπάρατοι,
3015 834 3339 904 φασκόντων
3375 835 3560 901 τινῶν,
3615 838 3758 892 κατά
3787 853 3852 905 γε

564 922 848 981 abhorret.
881 918 964 974 Ne
1013 916 1146 972 mihi
1178 916 1462 987 contingat
1493 918 1634 987 quod
1659 916 1872 975 lsi-aen.
1930 918 2029 975 Ubi
2065 935 2151 975 au.

2261 922 2324 975 τὸ
2356 922 2523 986 είκὸςο
2563 922 2720 976 Οὕτω
2753 924 2828 995 μὴ
2855 925 3119 997 γενοίμην
3155 925 3230 989 ὡς
3277 927 3307 979 ὁ
3342 927 3588 998 Ἰσραήλ.
3631 928 3850 1000 Ἐπειδὴ

563 1023 673 1071 tem
695 1029 791 1069 eos
842 1012 1074 1067 salvavit
1119 1013 1435 1068 misericors
1482 1011 1646 1081 Deus,
1696 1023 1751 1068 et
1812 1013 1868 1067 in
1928 1014 2151 1084 pristina

2260 1013 2319 1068 δὲ
2349 1014 2557 1069 σέσωκέ
2605 1032 2666 1069 τε
2708 1016 2909 1080 αὐτοὺς
2950 1019 2979 1071 ὁ
3012 1016 3413 1089 φιλοικτίρμων
3461 1020 3616 1085 Θεὸς,
3660 1021 3756 1075 καὶ
3791 1022 3853 1075 ἐν

565 1109 705 1165 bona
730 1114 855 1161 sunt
892 1106 1160 1173 restituti,
1204 1120 1329 1160 cum
1381 1106 1784 1161 calamitatibus
1847 1107 2161 1177 opinionem

564 1211 777 1271 quoque
807 1196 1219 1253 maledictorum
1252 1198 1453 1254 habere
1509 1199 1808 1254 desierunt.
1881 1200 2158 1259 Benedicti

561 1300 691 1346 sunt
713 1291 880 1356 enim,
910 1298 965 1344 et
989 1306 1145 1362 atque
1178 1300 1236 1345 ttt
1261 1291 1388 1347 olim
1418 1291 1558 1347 beati
1581 1291 1939 1358 fuerunt,Deo
1970 1308 2161 1364 super.

563 1384 648 1438 nis
664 1382 822 1437 bonis
845 1382 1290 1447 eosoblectante,
1350 1391 1410 1440 et
1459 1382 1627 1439 totius
1673 1383 1988 1440 securitatis
2015 1382 2161 1440 velut

563 1488 787 1546 campos
811 1474 945 1546 ipsis
982 1474 1279 1545 pandente.

639 1654 793 1722 Quod
825 1656 878 1709 in
902 1654 1061 1710 nobis
1088 1655 1217 1725 ipsis
1265 1669 1451 1709 verum
1505 1654 1861 1724 conspicitur.
1919 1653 2154 1709 Eramus

2259 1108 2375 1170 τοῖς
2416 1108 2665 1178 ἀρχαίοις
2696 1109 2988 1177 γεγόνασιν
3037 1109 3297 1179 ἀγαθοῖς,
3335 1112 3850 1189 συναποϐεϐλήκασι

2259 1202 2379 1263 ταῖς
2434 1203 2740 1271 συμφοραῖς
2782 1200 2879 1254 καὶ¹
2931 1200 2994 1254 τὸ
3039 1200 3220 1256 δοκεῖν
3259 1197 3401 1256 εἶναι
3450 1204 3847 1275 κατηραμένοι.

2260 1290 2606 1361 Ηύλόγηνται
2637 1291 2776 1364 γὰρ,
2809 1292 2906 1345 καὶ
2934 1291 3088 1347 οὐδὲν
3130 1288 3294 1365 ἦττον
3332 1294 3591 1364 γεγόνασι
3617 1294 3851 1365 ζηλωτοὶ

2260 1382 2403 1437 καθὰ
2434 1383 2531 1437 καὶ
2561 1383 2759 1447 πάλαι,
2790 1382 2928 1437 Θεοῦ
2962 1385 3459 1456 κατευφραίνοντος
3489 1388 3604 1451 τοῖς
3641 1386 3854 1441 ἄνωθεν

2259 1470 2506 1541 ἀγαθοῖς,
2532 1473 2628 1527 καὶ
2657 1472 2877 1544 ἁπάσης
2903 1472 3091 1538 αὐτοῖς
3120 1472 3391 1546 εὐθυμίας
3412 1474 3716 1540 ἁπλοῦντος
3744 1476 3851 1548 τὴν

2261 1565 2500 1637 μέθεξιν.

2331 1658 2503 1713 Τοῦτο
2548 1659 2605 1713 δέ
2655 1660 2789 1715 αὐτὸ
2840 1662 2936 1715 καὶ
2982 1663 3069 1731 ἐφ’
3115 1661 3275 1732 ἡμῶν
3322 1660 3505 1716 αὐτῶν
3545 1662 3746 1733 ἀληθὲς
3786 1662 3853 1717 ὃν

564 1745 712 1799 enim
737 1744 1030 1811 maledicti,
1059 1744 1313 1815 gregibus
1363 1744 1669 1800 daemonum
1727 1746 1948 1809 subditi,
1980 1756 2035 1801 et
2089 1747 2151 1801 ad

2257 1753 2453 1822 ὁρᾶται
2486 1752 2673 1807 πάλιν.
2703 1748 2889 1825 Ἦμεν
2920 1752 3031 1825 γὰρ
3075 1754 3343 1825 ἐπάρατοι
3364 1793 3379 1820 ,
3424 1756 3546 1818 ταῖς
3583 1754 3692 1809 τῶν
3728 1754 3854 1808 δαι-

561 1852 726 1891 omne
756 1852 926 1905 genus
954 1837 1321 1907 improbitatis
1351 1837 1568 1891 illorum
1593 1838 1801 1893 scelere
1829 1837 2065 1895 devoluti
2085 1838 2150 1893 “.

2261 1818 2463 1913 μονίων
2514 1843 2741 1913 ἀγέλαις
2776 1818 3201 1915 ὐπεζευγμένοι,
3248 1818 3527 1917 καὶπρὸς
3557 1847 3667 1900 πᾶν
3705 1841 3852 1910 εἶδος

559 1932 661 1986 Ast
678 1931 767 1985 ubi
792 1932 957 1986 Deum
978 1931 1357 1987 universorum
1376 1929 1627 1999 opiﬁcem
1652 1932 2024 2001 cognovimus,
2047 1941 2101 1986 et
2121 1947 2152 1987 a

557 2020 780 2077 Christo
833 2022 1037 2094 cogniti
1090 2037 1303 2084 sumus.
1347 2030 1495 2087 tunc,
1552 2029 1680 2078 tunc
1726 2031 1954 2078 cantare
2010 2024 2152 2079 intra

559 2114 926 2183 nosmetipsos
956 2113 1245 2170 didicimus
1275 2131 1290 2168 :
1331 2131 1350 2165 t
1392 2112 1672 2169 Benedicti
1701 2128 1801 2170 nos
1827 2129 1855 2169 a
1895 2114 2150 2182 Domino,

558 2207 650 2277 qui
690 2204 1022 2262 fecitcmlum
1049 2214 1106 2261 et
1138 2215 1337 2261 terram
1363 2205 1430 2260 ".
1471 2224 1490 2258 ι
1523 2205 1795 2272 Quoniam
1836 2217 2022 2263 autem
2084 2209 2152 2265 ad

559 2309 773 2356 tantum
815 2301 1080 2359 honorem
1138 2310 1194 2354 et
1250 2299 1483 2370 gloriam
1535 2301 1715 2355 vocati
1753 2316 1962 2367 sumus,
1995 2303 2151 2358 bonis

557 2392 820 2461 operibus
842 2404 1065 2460 operam
1091 2390 1226 2446 dare
1245 2406 1343 2445 nos
1369 2406 1591 2447 necesse
1606 2400 1710 2454 est,
1748 2401 1803 2446 et
1837 2391 2151 2448 aD‘ectiones

556 2484 781 2539 vitiosas
810 2482 1043 2538 viriliter
1069 2482 1367 2548 debellare,
1429 2493 1485 2540 et
1528 2494 1814 2554 peceatum
1848 2486 2145 2551 exsecrari,

558 2577 683 2631 etin
728 2574 1060 2645 evangelicis
1099 2576 1313 2644 legibus
1371 2577 1656 2632 servandis
1687 2577 1975 2644 excellere,
2003 2588 2059 2633 et
2081 2579 2148 2633 ad

558 2668 612 2723 id
644 2668 788 2739 quod
831 2669 940 2723 Deo
961 2678 1173 2738 gratum
1200 2678 1285 2724 est
1320 2669 1422 2724 rite
1444 2668 1785 2724 etliciendum
1808 2671 2145 2728 incumbere.

555 2760 878 2816 Audivimus
903 2761 1049 2815 enim
1080 2760 1477 2816 acclamantem
1514 2762 1692 2825 nobis,
1741 2763 1903 2834 723
1944 2782 1964 2817 ι
1995 2763 2149 2819 Con-

556 2855 705 2909 lldite
734 2862 790 2909 et
836 2854 1218 2909 confortamini
1244 2854 1296 2909 in
1350 2855 1603 2910 manibus
1642 2859 1860 2910 vestris.
1898 2876 1917 2908 ι
1949 2856 2144 2927 Adepti

553 2961 719 3018 porro
734 2961 921 3002 sumus
942 2960 972 3000 a
997 2942 1238 3013 Christo,
1265 2955 1323 3000 ut
1345 2945 1624 3002 conlidere
1647 2947 1985 3003 debeamus:
2018 2949 2147 3003 vicit

555 3038 700 3096 enim
735 3054 833 3109 pro
862 3039 1020 3095 nobis
1053 3040 1310 3094 mundum
1338 3040 1407 3105 ³⁸,
1454 3047 1511 3095 et
1565 3040 1906 3096 conculcavit
1933 3041 2142 3105 hostes,

556 3138 611 3185 ct
644 3129 901 3200 templum
927 3144 1083 3186 suum
1116 3145 1146 3184 a
1172 3138 1351 3184 morte
1385 3130 1647 3187 invictum
1681 3133 1941 3199 ostendit,
1967 3134 2147 3187 ctini-
2174 3163 2217 3220 ο

558 3219 856 3291 quitatisos
876 3219 1173 3286 obturavit,
1200 3230 1260 3276 ut
1286 3228 1343 3277 et
1373 3235 1471 3277 nos
1495 3221 1548 3275 in
1583 3222 1667 3278 bis
1688 3221 2143 3277 clarescamus".

557 3312 704 3370 Vicit
736 3315 903 3380 enim,
943 3322 1003 3369 ut
1070 3312 1203 3383 dixi,
1233 3328 1340 3369 non
1402 3313 1530 3379 sibi,
1558 3315 1653 3370 sed
1708 3314 1867 3372 nobis
1890 3314 2145 3383 inﬁrmis,

558 3405 757 3480 quibus
783 3406 924 3464 bona
945 3405 1186 3463 victoriae
1211 3420 1324 3463 sum
1355 3407 1714 3478 comparavit.

578 3690 585 3697 ‘
628 3682 798 3738 Vens.
836 3683 921 3751 l4,
950 3683 1039 3739 i5.
1078 3683 1219 3750 Quia
1243 3685 1359 3740 lucc
1398 3685 1528 3739 dicit
1585 3683 1847 3740 Dominus
1904 3686 2145 3754 omnipo-

556 3785 707 3833 tens:
736 3774 886 3831 Sicut
905 3777 1135 3847 cogitavi
1167 3785 1224 3830 ut
1259 3776 1536 3849 aﬂligerem
1563 3793 1671 3840 vos,
1708 3792 1827 3830 cum
1859 3793 2147 3846 provocas-

556 3876 671 3921 sent
701 3865 770 3919 ad
799 3866 937 3921 iram
957 3883 1036 3921 me
1063 3877 1235 3934 patres
1260 3868 1436 3934 vestri,
1475 3868 1605 3922 dicit
1661 3867 1916 3921 Dominus
1971 3870 2147 3947 omni-

551 3969 757 4028 potens,
787 3967 833 4012 et
856 3974 958 4012 non
992 3974 1075 4012 me
1090 3962 1326 4027 paenituit
1348 3978 1368 4027 ;
1388 3962 1463 4014 sic
1495 3972 1712 4028 paratus
1759 3975 1898 4025 sum,
1925 3970 1971 4014 et
2003 3961 2143 4030 cogi-

556 4048 665 4102 tavi
693 4048 746 4101 in
766 4047 946 4103 diebus
970 4048 1110 4113 istis,
1143 4059 1199 4105 ut
1231 4048 1553 4118 bene/nciam
1616 4051 1917 4107 Jerusalem
1972 4064 2020 4108 et
2046 4054 2145 4108 do-

555 4142 671 4195 mui
698 4139 734 4196 J
739 4140 868 4197 uda.
897 4140 1186 4213 Conﬁdite.

627 4316 835 4375 XLVII.
895 4320 1104 4377 Divinis
1159 4324 1402 4381 consiliis
1449 4323 1584 4380 nihil
1637 4339 1800 4395 posse
1841 4328 2142 4396 obsistere,

556 4426 775 4466 rursum
797 4412 960 4467 etiam
991 4428 1058 4469 ex
1084 4413 1171 4471 his
1203 4415 1392 4486 liquet.
1426 4416 1578 4483 Quod
1611 4418 1757 4472 enim
1784 4418 1928 4476 Deus
1953 4421 2146 4477 decre-

2257 1934 2597 2005 φαυλότητος
2624 1934 2713 1989 διὰ
2747 1936 2846 2008 τῆς
2891 1936 3119 1991 ἐκείνων
3154 1936 3488 2009 δυστροπίας
3513 1954 3855 2007 κατενηνεγ-

2259 2026 2431 2095 μένοι.
2473 2026 2692 2098 Ἐπειδὴ
2738 2026 2796 2079 δὲ
2845 2025 2981 2080 Θεὸν
3028 2026 3352 2099 ἐγνώκαμεν
3401 2028 3493 2084 τὸν
3544 2027 3656 2083 τῶν
3706 2028 3855 2082 ὅλων

2258 2114 2621 2186 δημιουργὸν,
2669 2115 2764 2170 καὶ
2807 2116 3167 2189 ἐγνώσθημεν
3210 2118 3289 2189 τῷ
3328 2118 3574 2190 Χριστῷ,
3602 2118 3725 2172 τότε
3755 2118 3850 2189 δὴ,

2252 2205 2377 2258 τότε
2407 2206 2501 2258 καὶ
2529 2206 2868 2277 ἀναμέλπειν
2900 2208 2987 2275 ἐφ’
3011 2208 3226 2271 ἑαυτοῖς
3258 2206 3645 2279 δεδιδάγμεθα·
3691 2228 3709 2258 ι
3742 2208 3854 2261 Εὐ-

2252 2295 2559 2368 λογημένοι
2586 2299 2746 2369 ἡμεῖς
2778 2297 2858 2369 τῷ
2903 2299 3094 2369 Κυρίῳ
3122 2297 3200 2369 τῷ
3234 2300 3525 2370 ποιήσαντι
3555 2299 3647 2353 τὸν
3680 2300 3852 2372 ούρα-

2252 2388 2342 2443 νὸν
2379 2390 2473 2442 καὶ
2501 2390 2599 2461 τὴν
2635 2390 2761 2459 γῆν.
2795 2408 2813 2441 ι
2862 2389 3082 2462 Ἐπειδὴ
3121 2390 3179 2443 δέ
3211 2391 3291 2453 εἰς
3323 2390 3484 2445 τοῦτο
3527 2391 3853 2463 κεκλήμεθα

2250 2478 2417 2549 τιμῆς
2464 2495 2522 2530 τε
2553 2480 2648 2531 καὶ
2679 2478 2868 2549 δόξης,
2902 2479 3181 2549 φιλεργεῖν
3216 2481 3540 2548 ἀναγκαῖον,
3572 2483 3667 2535 καὶ
3713 2499 3853 2536 κατ-

2252 2572 2610 2643 ανδρίζεσθαι
2638 2573 2748 2626 τῶν
2779 2572 2989 2636 παθῶν,
3020 2572 3113 2626 καὶ
3142 2572 3421 2645 στυγητὴν
3449 2573 3725 2630 ποιεῖσθαι
3744 2578 3854 2645 τὴν

2252 2662 2550 2735 ἁμαρτίαν,
2586 2664 2682 2716 καί
2710 2667 2825 2726 τοῖς
2865 2663 3248 2733 εὐαγγελικοῖς
3287 2665 3597 2736 ἐμπρέπειν
3628 2666 3848 2737 νόμοις.

2252 2757 2346 2809 καὶ
2404 2756 2726 2825 ἐπείγεσθαι
2792 2755 3095 2827 κατορθοῦν
3152 2758 3218 2810 τὸ
3269 2758 3507 2828 ἀρέσκον
3561 2757 3640 2829 τῷ
3701 2759 3850 2830 Θεῷ.

2263 2848 2607 2919 Ἀκηκόαμεν
2637 2848 2746 2918 γὰρ
2779 2847 3180 2918 ἐπιφωνοῦντος
3211 2849 3365 2920 ἡμῖν·
3394 2870 3413 2902 ι
3433 2850 3703 2921 Θαρσεῖτε
3747 2851 3854 2904 καλ⁸

2249 2941 2573 3011 κατισχύετε
2611 2943 2669 2994 ἐν
2710 2943 2830 3005 ταῖς
2878 2941 3067 3011 χερσὶν
3103 2940 3280 3011 ὑμῶν.
3323 2961 3341 2991 ι
3396 2941 3746 3013 Ἑσχήκαμεν
3789 2943 3853 2996 δὲ

2249 3034 2404 3104 παρὰ
2454 3033 2695 3104 Χριστοῦ
2749 3034 2811 3087 τὸ
2856 3034 3057 3106 χρῆναι
3115 3034 3374 3105 θαρσεῖν⁶
3433 3034 3687 3107 νενίκηκε
3733 3036 3855 3109 γὰρ

2253 3124 2393 3195 ὑπὲρ
2422 3124 2582 3195 ἡμῶν
2611 3123 2703 3177 τὸν
2738 3122 2965 3194 κόσμον,
2993 3124 3087 3177 καὶ
3114 3122 3436 3193 πεπάτηκεν
3463 3124 3715 3195 ἐχθροὺς,
3748 3127 3855 3179 καὶ

2254 3217 2487 3271 θανάτου
2538 3215 2827 3287 κρείττονα
2870 3217 2963 3270 τὸν
2994 3218 3196 3271 οἰκεῖον
3232 3216 3404 3284 ἔδειξε
3442 3215 3592 3281 ναὸν,
3642 3218 3737 3271 καὶ
3783 3219 3856 3273 τὸ

2249 3311 2349 3381 τῆς
2378 3311 2611 3380 ἀνομίας
2640 3308 2905 3380 ἐνέφραξε
2931 3309 3131 3381 στόμα,
3155 3309 3242 3364 ἵνα
3270 3311 3369 3365 καὶ
3390 3312 3554 3382 ἡμεῖς
3584 3309 3655 3365 δι’
3675 3311 3854 3367 αὐτὸν

2251 3403 2310 3455 ἐν
2354 3403 2564 3465 τούτοις
2596 3401 3004 3474 εὐδοκιμῶμεν.
3053 3400 3333 3472 Νενίκηκε
3378 3401 3511 3473 γὰρ,
3561 3402 3641 3466 ὼς
3681 3403 3851 3471 ἔφην,

2249 3493 2349 3563 οὐχ
2373 3491 2555 3563 ἐαυτῷ
2585 3491 2808 3562 μᾶλλον,
2834 3492 2949 3546 ἀλλ’
2979 3493 3112 3563 ἡμῖν
3136 3496 3248 3558 τοῖς
3282 3492 3639 3563 ὴσθενηκὸσι,
3672 3496 3744 3548 τὰ
3775 3494 3853 3550 ἐκ

2249 3583 2344 3636 τοῦ
2375 3583 2597 3653 νικῆσαι
2628 3580 2913 3652 κατορθῶν
2948 3581 3151 3651 ἀγαθά.

2320 3674 2478 3728 Διότι
2502 3672 2643 3727 τάδε
2670 3673 2835 3745 λέγει
2853 3675 3073 3743 Κύριος
3105 3673 3552 3744 παντοκράτωρ·
3579 3670 3689 3730 Ὃκ
3710 3676 3853 3743 τρό-

2250 3785 2368 3823 πον
2401 3767 2721 3836 διενοήθην
2773 3768 2881 3823 τοῦ
2915 3764 3183 3824 κακῶσαι
3229 3767 3404 3837 ὑμᾶς,
3448 3768 3519 3821 ἐν
3567 3766 3647 3833 τῷ
3687 3784 3851 3838 παρ-

2249 3862 2488 3930 οργίσαι
2543 3877 2622 3930 με
2675 3860 2818 3926 τοὺς
2864 3860 3124 3928 πατέρας
3166 3857 3364 3928 ὑμῶν,
3417 3859 3580 3929 λέγει
3624 3860 3857 3929 Κύριος

2251 3951 2704 4021 παντοκράτωρ,
2738 3951 2835 4006 καὶ
2862 3954 2934 4006 οὺ
2963 3951 3341 4022 μετενόησα·
3381 3951 3535 4005 οὕτω
3581 3952 3849 4020 παρατέ-

2249 4059 2462 4113 mnum
2495 4043 2595 4097 καί
2640 4043 3026 4113 διανενόημαι
3048 4042 3119 4097 ἐν
3148 4042 3272 4109 ταῖς
3301 4042 3553 4113 ἡμέραις
3567 4046 3847 4112 ταύταις,

2249 4136 2356 4190 τοῦ
2402 4135 2604 4203 καλῶς
2651 4136 2908 4206 ποιῆσαι
2958 4136 3077 4206 τὴν
3129 4136 3531 4209 Ἰερουσαλὴμ
3578 4137 3680 4192 καί
3732 4138 3854 4193 τὸν

2250 4226 2423 4284 οἶκον
2464 4231 2681 4285 Ἰούδα.
2720 4229 3023 4299 Θαρσεῖτε.

2320 4325 2454 4376 ΜΖ’.
2491 4323 2614 4376 Ὀτι
2644 4324 2766 4385 ταῖς
2807 4322 2982 4385 θείαις
3026 4320 3335 4391 βουλαῖςιτὸ
3366 4320 3723 4375 ἅντιστατοῦν
3750 4322 3847 4375 οὐ-

2248 4412 2356 4477 δὲν,
2394 4414 2505 4466 κάκ
2543 4412 2712 4465 τῶνδε
2760 4412 2825 4483 δὴ
2860 4413 3025 4466 πάλιν
3072 4412 3260 4484 ἐφίησι
3316 4413 3478 4465 νοεῖν.
3514 4413 3582 4465 ’0
3624 4412 3735 4483 γὰρ
3776 4413 3845 4467 ἂν

557 4501 736 4567 verit,
805 4511 861 4558 et
916 4504 1154 4562 voluerit
1239 4508 1469 4574 iacere,
1527 4510 1579 4564 id
1640 4510 1887 4582 profecto
1986 4529 2145 4583 pror-

2252 4505 2603 4577 βουλεύσαιτο
2656 4504 2788 4569 Θεὸς
2813 4543 2828 4569 ,
2877 4506 2972 4559 καὶ
3018 4505 3195 4559 ἕλοιτο
3238 4504 3504 4578 πληροῦν,
3560 4506 3725 4560 τοῦτο
3772 4508 3842 4576 δὴ

555 4608 651 4649 sus
706 4594 944 4651 eveniet.
980 4596 1074 4652 Sic
1136 4597 1282 4651 enim
1349 4613 1444 4668 per
1473 4597 1668 4655 Isaiam
1736 4600 1991 4670 loquitur,
2053 4619 2150 4657 na-

555 4698 693 4741 tura:
731 4701 845 4742 suae
893 4689 1039 4745 vires
1096 4690 1504 4760 potentissimas
1549 4692 1935 4748 demonstrans
1974 4712 1987 4749 :
2022 4713 2043 4747 ι
2082 4692 2149 4749 Ει

557 4779 669 4834 dixi
701 4796 715 4832 :
761 4779 935 4837 Omne
958 4781 1246 4838 consilium
1279 4797 1457 4837 tneum
1492 4783 1677 4847 stabit,
1707 4792 1762 4838 et
1788 4784 1969 4840 omnia
2001 4801 2149 4856 qua:-

557 4887 771 4944 cunquc
801 4875 1030 4946 cogitavi
1063 4875 1255 4931 iaciam
1287 4875 1356 4932 ⁸⁸.
1392 4895 1411 4928 ι
1467 4875 1735 4943 Quocirca
1782 4892 1848 4931 ex
1899 4877 1964 4933 iis
2026 4893 2147 4946 quae

560 4967 706 5036 ipsos
735 4966 915 5022 divina
967 4968 1048 5023 ira
1088 4969 1347 5023 saeviente
1393 4969 1601 5038 perpeti
1651 4970 1899 5040 contigit,
1929 4984 1999 5025 ex
2060 4970 2146 5026 his
2182 4977 2187 4983 ‘

559 5057 712 5129 ipsis,
741 5059 981 5129 inquam,
1019 5059 1363 5130 apertissime
1410 5059 1537 5116 licet
1598 5061 1917 5132 intelligere,
1977 5062 2144 5117 etiam

557 5145 763 5204 latitia:
792 5149 936 5204 viam
969 5151 1051 5205 eis
1074 5150 1311 5214 dilatari,
1344 5152 1562 5207 volente
1602 5151 1714 5208 Deo
1748 5162 1806 5207 et
1830 5151 2143 5208 felicitatem

558 5241 1005 5316 indulgente,imo
1023 5259 1091 5300 ex
1116 5244 1452 5315 benignitate
1480 5261 1579 5301 sua
1603 5248 1856 5317 cupiente
1889 5249 2067 5316 potius
2090 5256 2148 5304 ut

557 5336 808 5392 omnibus
848 5336 1005 5392 bonis
1051 5335 1375 5393 redundent.
1437 5337 1901 5406 Quemadmodum
1974 5345 2145 5408 enim,

560 5425 756 5498 inquit,
791 5426 1060 5483 volentem
1101 5442 1197 5482 vos
1233 5428 1473 5501 aiiligere
1493 5440 1717 5500 propter
1749 5431 1915 5486 multa
1952 5447 2149 5501 pecca-

2251 4597 2472 4660 πάντως
2496 4596 2813 4668 ἐκϐήσεται.
2848 4596 3005 4652 Οὕτω
3031 4614 3136 4651 που
3163 4598 3262 4653 καὶ
3287 4597 3375 4652 διὰ
3396 4598 3581 4669 φωνῆς
3609 4598 3841 4652 Ἡσαΐου

2250 4690 2406 4761 φησὶ,
2455 4691 2557 4761 τῆς
2596 4690 2763 4745 αὐτοῦ
2805 4689 3022 4759 φύσεως
3066 4690 3129 4745 τὸ
3169 4690 3447 4755 Μναλκές
3492 4688 3840 4759 ἀποφαίνων·

2254 4804 2273 4836 ι
2304 4783 2415 4837 Καὶ
2448 4778 2609 4836 εῐπαο
2668 4802 2686 4834 ι
2719 4782 2881 4837 Πᾶσά
2933 4798 3037 4853 μου
3084 4783 3119 4854 ἡ
3172 4782 3339 4854 βουλὴ
3402 4783 3683 4853 στήσεται,
3746 4777 3845 4838 καὶ

2247 4876 2430 4931 πάντα
2472 4876 2574 4928 ὅσα
2627 4871 2990 4944 βεϐούλευμαι
3030 4875 3266 4945 ποιήσω.
3320 4892 3339 4926 ι
3395 4873 3606 4929 Οὐκοῦν
3652 4872 3714 4938 ἐξ
3763 4868 3843 4929 ὧν

2254 4967 2453 5039 συνέϐη
2484 4966 2678 5021 παθεῖν
2716 4967 2916 5032 αὐτοὺς
2945 4966 3393 5039 ἐπενηνεγμένης
3431 4968 3532 5031 τῆς
3563 4965 3717 5031 θείας
3747 4967 3844 5037 ορ.

2251 5061 2378 5131 γῆς,
2414 5061 2479 5113 ἐκ
2508 5059 2722 5114 τούτων
2767 5059 2947 5115 αὐτῶν
2990 5059 3254 5122 συνιέναι,
3304 5058 3399 5113 καὶ
3441 5058 3590 5129 μάλα
3627 5057 3840 5126 σαφῶς.

2253 5152 2423 5219 ἔστιν,
2462 5152 2543 5205 ὅτι
2573 5152 2669 5205 καὶ
2712 5153 2745 5223 ἡ
2777 5151 2879 5222 τῆς
2916 5149 3179 5221 εὐθυμίας
3212 5149 3400 5212 αὐτοῖς
3440 5146 3842 5220 κατευρύνεται

2243 5243 2434 5316 τρίϐος
2463 5242 2740 5307 ἐθέλοντάς
2784 5260 2849 5313 γε
2873 5241 3039 5298 αὐτοῦ
3081 5241 3179 5296 καὶ
3222 5239 3471 5310 ἐφιέντος
3516 5239 3841 5310 εὐημερεῖν,

2251 5336 2454 5405 μᾶλλον
2484 5336 2542 5390 δὲ
2582 5336 2677 5391 καὶ
2724 5335 3013 5408 ὀρέγοντος
3050 5332 3437 5405 φιλανθρωπία
3484 5332 3547 5386 τὸ
3584 5333 3645 5387 ἐν
3673 5334 3846 5386 παντὶ

2248 5430 2448 5503 χρῆναι
2493 5429 2747 5499 γενέσθαι
2797 5428 2971 5500 καλῷ.
3010 5429 3225 5499 ’Ὥσπερ
3262 5427 3394 5499 γὰρ,
3427 5426 3582 5498 φησὶ,
3629 5411 3844 5481 κακοῦν

559 5525 614 5573 ta
652 5530 833 5577 vestra
883 5518 1016 5573 nihil
1067 5520 1352 5577 cohibuit:
1405 5525 1479 5578 ita
1535 5534 1594 5579 et
1643 5524 1780 5579 bona
1812 5526 2070 5595 cogitanti
2092 5535 2148 5579 et

2252 5523 2398 5594 ὑμᾶς
2424 5523 2680 5578 ἐθέλοντα
2705 5522 2797 5578 διὰ
2832 5521 3036 5594 πολλὴν
3066 5521 3359 5594 ἁμαρτίαν.
3371 5519 3636 5592 ἀπεῖρεεν
3658 5518 3840 5575 οὐδέν·

560 5609 693 5671 satis
729 5607 956 5669 afﬂictos
1010 5609 1383 5668 misericordia
1441 5613 1697 5684 prosequi
1758 5613 1955 5670 volenti
2013 5615 2145 5671 nihil

2252 5616 2395 5671 οὓτω
2429 5617 2526 5673 καὶ
2574 5616 2790 5689 χρηστὰ
2840 5614 3213 5688 βουλευομένῳ
3236 5656 3253 5684 ,
3292 5615 3389 5669 καὶ
3434 5613 3846 5685 κατοικτείρειν

639 5774 748 5844 "il
787 5788 925 5845 l‘ctr.
967 5808 1026 5861 tt,
1068 5795 1245 5861 l2”.
1325 5796 1369 5829 ³⁸
1390 5796 1534 5853 Psal.
1571 5812 1721 5862 cxm,
1754 5798 1832 5853 ιδ.
1914 5795 1961 5830 ³⁸
1983 5797 2141 5852 Juan.

2253 5816 2289 5866 t,
2324 5799 2412 5853 33.
2493 5799 2535 5829 ³⁷
2578 5796 2724 5854 Psal.
2759 5811 2869 5865 cvi,
2914 5797 2948 5851 ἓ
2976 5811 3127 5868 seqq.
3206 5797 3248 5829 ”
3275 5795 3378 5852 lsa.
3415 5809 3559 5858 sui.
3605 5792 3695 5848 Ιθ.
