4130 6484
332 394 443 452 1'25

1200 401 1768 461 COMMENTARIUS
1805 405 1875 461 ΙΝ
1919 406 2326 466 ZACHARIAM
2366 408 2819 468 PROPIIETAM.

3542 413 3645 474 126

332 509 582 564 ὲθέλοντι
641 510 985 578 πεπονθότας
1050 514 1368 584 ἀρκούντως
1450 517 1604 571 οὐδὲν
1670 518 1825 572 ἔσται
1881 520 1979 581 τὸ,

2064 521 2153 577 arit
2203 523 2612 593 impedimento.
2661 543 2679 575 ι
2716 523 2945 579 Paratus
2974 539 3092 580 sum
3145 525 3291 581 enim
3322 528 3646 588 benefacere

333 599 614 672 ἐμποδών.
647 620 667 654 ι
708 605 1145 676 Παρατὲταγμαι
1175 606 1287 678 γὰρ
1335 605 1394 662 εὖ
1441 609 1667 679 ποιῆσαι
1709 610 1808 682 τὴν
1850 611 1945 665 Ίε-

338 692 631 765 ρουσαλὴμ
680 695 776 747 καὶ
826 697 921 750 τὸν
981 694 1132 750 οἷκον
1174 698 1364 753 Ἰούδα.
1416 718 1437 753 ι
1499 702 1842 775 Ἐμφαντικὴ
1888 703 1946 757 δὲ
1990 730 1995 735 ι

336 781 462 839 λίαν
511 788 546 858 ἡ
593 786 762 853 λέξις.
809 790 886 842 Οὐ
928 790 1034 862 γὰρ
1084 791 1189 863 ἔφη
1234 792 1417 860 μόνον,
1456 795 1539 848 ὅτι
1568 795 1946 867 Βεϐούλευμαι

334 879 431 932 καὶ
492 878 858 952 διανενόημαι
905 883 1107 954 τυχὸν,
1161 885 1279 939 ἀλλ’
1328 888 1409 951 εἰς
1452 886 1615 942 τοῦτο
1671 889 1946 961 προῆλθον

334 968 575 1039 γνώμης
632 971 730 1024 καὶ
778 975 881 1044 τῆς
923 975 1007 1043 ἐφ’
1051 975 1183 1045 ὑμῖν
1232 978 1597 1049 ἡμερότητος,
1650 978 1793 1033 ὥστε
1854 983 1948 1035 καὶ

342 1061 810 1134 παρατεταγμαι·
846 1064 1009 1119 τοῦτο
1049 1066 1108 1120 δέ
1151 1068 1272 1121 ὲστι
1308 1069 1558 1140 σκέψεως
1588 1072 1806 1125 ὲντόνου
1845 1074 1949 1144 μή-

342 1168 499 1216 νυσις
534 1155 805 1228 ἐναργής.
837 1158 1297 1232 Κατασφραγίζει
1324 1162 1381 1216 δὲ
1412 1164 1513 1236 τὴν
1543 1164 1842 1236 ὑπόσχεσιν
1868 1167 1949 1230 είς

342 1243 636 1315 ἀλήθειαν,
659 1249 723 1302 τὸ
756 1267 776 1301 ι
805 1249 1072 1321 Θαρσεῖτε
1108 1272 1128 1304 ι
1176 1256 1515 1325 προστιθείς.

417 1336 582 1403 Οῦτω
617 1340 711 1393 καὶ
743 1343 896 1412 ἡμᾶς
926 1344 1126 1408 αὐτοὺς
1161 1346 1251 1401 διὰ
1278 1348 1379 1419 τῆς
1407 1348 1649 1414 πίστεως
1679 1348 1951 1423 κεκλημέ-

342 1445 476 1493 νους
509 1431 593 1494 εἰς
627 1432 925 1502 ἐπίγνωσιν
954 1437 1217 1507 ἀληθείας
1278 1441 1641 1511 ἁσφαλίζεται
1691 1444 1949 1514 Χριστός.

347 1522 570 1593 Ὥσπερ
609 1523 721 1595 γὰρ
754 1527 864 1597 πρὸ
894 1527 999 1598 τῆς
1028 1529 1277 1599 κλήσεως
1313 1532 1453 1602 πρὸς
1483 1535 1593 1588 πᾶν
1634 1530 1774 1599 εἶδος
1807 1553 1950 1606 φαυ-

344 1609 576 1682 λότητος
607 1615 1113 1690 κατωλισθηκότας,
1142 1622 1503 1693 παραδέδωκε
1535 1624 1636 1696 μὲν
1668 1627 1750 1689 είς
1777 1626 1957 1681 ἀδόκι-

348 1720 454 1773 μον
486 1704 639 1771 νοῦν,
674 1707 931 1767 ἐκάκωσε
957 1710 1014 1764 δὲ
1039 1712 1108 1766 δι’
1140 1713 1518 1786 ἀκαθαρσίαν·
1567 1716 1713 1772 οὕτω
1755 1721 1849 1774 καὶ
1892 1721 1952 1776 ὲν

340 1798 475 1859 ταῖς
500 1797 743 1869 ἡμέραις
769 1799 1001 1867 ταύταις
1024 1802 1278 1877 διενοήθη
1305 1823 1365 1859 τε
1398 1809 1494 1862 καὶ
1515 1810 1951 1882 παρατέτακται,

2051 612 2355 670 Jerusalem
2389 624 2446 671 et
2466 616 2648 673 domui
2670 615 2829 674 Jutla.
2872 634 2893 670 ι
2926 614 3117 687 Magna
3150 627 3235 674 est
3270 619 3321 674 iu
3373 635 3508 677 voce
3532 638 3648 677 etn-

2050 706 2255 778 phasis.
2294 706 2413 764 Non
2439 709 2585 763 enim
2638 716 2847 763 tantum
2908 708 3007 774 ait,
3043 716 3198 780 puta,
3244 709 3553 766 Deliberavi
3594 723 3650 768 et

2050 798 2305 870 cogitavi,
2339 800 2435 855 sed
2457 813 2522 856 eo
2552 802 2792 870 processi
2819 800 3116 856 voluntatis
3162 808 3217 856 et
3269 804 3651 858 mansuetudi-

2051 891 2134 947 nis
2172 906 2300 963 erga
2337 907 2453 961 vos,
2483 903 2541 948 ut
2566 901 2620 948 et
2653 909 2738 950 me
2778 895 3107 964 paraverint,
3134 910 3229 951 seu
3270 895 3649 962 instruxerim,

2052 998 2173 1053 quae
2195 993 2279 1038 est
2315 984 2539 1040 intenta:
2559 986 3041 1041 commentationis
3098 987 3326 1043 minime
3383 987 3550 1042 dubia
3582 988 3650 1042 si-

2052 1075 2354 1146 gniﬁcatio.
2390 1075 2654 1148 Obsiguat
2684 1087 2866 1134 autem
2904 1078 3283 1149 promissionis
3336 1078 3649 1146 veritatem,

2053 1167 2383 1238 adjicienda,
2417 1186 2438 1220 ι
2468 1167 2763 1224 Οοηίὶιιῖιε.
2806 1189 2823 1215 ι

2127 1349 2219 1404 bic
2248 1358 2302 1403 et
2328 1363 2431 1405 nos
2464 1349 2609 1418 ipsos
2631 1363 2730 1418 per
2762 1348 2921 1403 ﬁdem
2947 1356 3170 1404 vocatos
3224 1347 3282 1403 in
3315 1347 3651 1419 agnitionem

2054 1441 2304 1497 veritatis
2333 1455 2558 1496 securos
2582 1440 2756 1495 reddit
2814 1439 3085 1496 Christus.
3144 1439 3300 1495 Sicut
3323 1439 3467 1495 enim
3522 1451 3657 1494 ante

2055 1536 2397 1592 vocationem
2458 1536 2511 1591 in
2561 1550 2723 1591 omne
2755 1550 2929 1606 genus
2972 1535 3225 1591 vitiorum
3289 1532 3542 1604 delapsos
3595 1533 3653 1587 in

2056 1629 2347 1700 reprobum
2374 1642 2595 1685 sensum
2627 1629 2846 1684 tradidit
2862 1628 2928 1695 ⁸⁸,
2945 1637 3001 1682 et
3015 1636 3237 1698 propter
3252 1616 3655 1683 immunditiam

2058 1720 2179 1777 dire
2202 1719 2482 1777 multavit:
2504 1720 2585 1776 sic
2602 1730 2654 1776 et
2676 1720 2731 1775 in
2750 1720 2943 1776 diebus
2967 1719 3085 1775 istis
3107 1718 3367 1788 cogitavit
3381 1728 3434 1772 et
3451 1718 3655 1772 instru-

2058 1825 2179 1872 ctus
2207 1823 2311 1884 est,
2337 1825 2397 1871 ut
2421 1815 2497 1870 ait
2529 1815 2664 1885 ipse,
2701 1823 2758 1869 ut
2785 1813 3091 1870 benefaciat
3115 1811 3373 1868 Ecclesia:
3396 1821 3452 1867 et
3471 1810 3653 1867 domui

345 1887 500 1941 καθά
548 1906 719 1960 φησιν
759 1892 958 1962 αὐτὸς,
998 1896 1080 1960 είς
1120 1913 1186 1966 γε
1217 1898 1281 1952 τὸ
1312 1895 1372 1953 εὖ
1413 1901 1638 1973 ποιῆσαι
1674 1903 1776 1976 τὴν
1830 1905 1953 1959 Ἐκ-

2064 1907 2216 1975 Iuda,
2239 1908 2344 1964 hoc
2367 1917 2472 1977 est,
2491 1907 2671 1972 nobis,
2699 1907 2791 1976 qui
2821 1905 3146 1963 conﬁtemur
3160 1905 3236 1973 ei,
3265 1913 3321 1959 ut
3346 1902 3654 1972 Dominum,

344 1981 589 2054 κλησίαν
624 1985 722 2041 καὶ
761 1985 856 2042 τὸν
892 1984 1045 2043 οἷκον
1086 1988 1280 2055 Ἰούδα,
1312 1992 1613 2061 τουτέστιν,
1646 1996 1793 2068 ἡμᾶς
1826 1999 1954 2062 τοὺς

344 2074 893 2148 ὲξομολογουμένους
922 2078 1093 2152 αὐτῷ,
1126 2082 1426 2153 εὐφημίαις
1448 2087 1955 2159 καταγεραίροντας

343 2168 427 2231 ὡς
459 2169 782 2242 Δετπότην,
829 2170 907 2235 ὡς
940 2171 1175 2243 Σωτῆρα
1219 2174 1312 2228 καὶ
1352 2177 1685 2248 Λυτρωτήν-
1720 2177 1957 2247 atram;-

343 2260 461 2332 γὰρ
504 2262 537 2314 δ
579 2260 788 2326 Ἰούδας
834 2263 1236 2336 ἑρμηνεύεται.
1281 2262 1449 2332 Οἶκος
1504 2266 1563 2321 δὲ
1619 2267 1794 2324 Ἰούδα
1859 2272 1958 2325 καὶ

345 2352 561 2425 ἑτέρως
609 2354 773 2409 νοοίτ’
813 2355 882 2410 ἂν
928 2357 962 2428 ἡ
1019 2356 1340 2429 Ἐκκλησία.
1392 2359 1789 2431 Κεχρημάτικε
1844 2365 1959 2436 γὰρ

346 2443 503 2512 οἶκος
530 2447 794 2519 Χριστοῦ,
841 2448 902 2513 ὃς
935 2449 1303 2505 ἀνατέταλκεν
1342 2450 1404 2517 ἐξ
1441 2453 1645 2519 Ἰούδα,
1691 2455 1958 2525 κέκληται

343 2540 409 2592 δὲ
447 2537 596 2593 οὕτω
621 2541 718 2594 καὶ
748 2542 904 2615 παρὰ
932 2546 1001 2616 τῇ
1036 2543 1385 2618 θεοπνεύστῳ
1423 2545 1639 2618 Γραφῇ.
1688 2548 1960 2618 Καὶπγοῦν

347 2635 379 2686 ὁ
447 2634 806 2706 πατριάρχης
850 2636 1047 2691 Ἰακὼϐ
1110 2636 1286 2703 οὕτως
1337 2639 1504 2694 αὑτοῦ
1567 2641 1956 2716 διαμέμνηται,

351 2724 564 2793 λέγων’
600 2744 622 2778 ι
644 2727 838 2792 Ἰούδα,
873 2728 934 2781 σὲ
961 2729 1245 2786 αίνέσαιαν
1299 2732 1350 2785 οἱ
1401 2732 1622 2803 ἀδελφοί
1653 2751 1767 2788 σου.
1798 2755 1816 2788 ι
1850 2737 1961 2790 Καὶ

354 2817 559 2871 πάλιν
597 2835 617 2871 t
660 2820 758 2874 Ἐκ
793 2820 1065 2891 βλαστοῦ,
1116 2825 1200 2877 υίέ
1243 2840 1385 2895 μου,
1429 2826 1651 2900 ἀνέόης.
1692 2846 1712 2881 ι
1766 2829 1959 2901 ’Δνέδη

352 2913 465 2985 γὰρ
513 2915 545 2967 ὁ
589 2915 831 2988 Χριστὸς
859 2918 925 2971 ὲκ
957 2918 1116 2990 ῥίζης
1153 2919 1387 2988 Ἰεσσαὶ,
1427 2921 1525 2974 καὶ
1553 2920 1809 2992 καθάπερ
1850 2923 1963 2976 άπὸ

358 3005 597 3075 βλαστοῦ
621 3008 722 3080 τῆς
757 3009 922 3078 ἁγίας
961 3011 1243 3082 Παρθένου
1264 3054 1279 3077 ,
1318 3011 1596 3086 βακτηρία
1634 3016 1733 3068 καὶ
1766 3014 1961 3086 ῥάϐδος

354 3096 670 3168 δυνάμεως,
711 3101 858 3156 κατὰ
885 3103 985 3173 τὴν
1011 3102 1106 3156 τοῦ
1138 3106 1422 3178 προφήτου
1451 3107 1658 3177 φωνήν.
1684 3107 1843 3177 Ἡμῖν
1870 3103 1963 3162 οὖν

356 3188 469 3260 ἄρα
498 3191 597 3245 καὶ
623 3192 689 3247 τὸ
723 3209 745 3245 ι
773 3192 1037 3266 Θαρσεῖτε
1062 3215 1083 3249 ι
1128 3197 1349 3268 λέγεται
1370 3240 1384 3264 ,
1420 3199 1514 3254 καὶ
1540 3199 1684 3272 μάλα
1714 3201 1960 3268 εἰκότως.

366 3284 606 3357 ιὀπλῳ
642 3286 754 3360 γὰρ
796 3288 1048 3354 εὐδοκίας
1089 3310 1109 3344 ι
1163 3293 1545 3363 ἐστεφάνωσεν
1591 3298 1620 3350 ὁ
1664 3295 1856 3369 Πατὴρ
1895 3299 1960 3370 τῇ

359 3378 453 3433 διὰ
479 3379 726 3453 Χριστοῦ
756 3384 1004 3456 σωτηρία
1025 3384 1122 3439 καὶ¹
1145 3385 1353 3457 χάριτι.

438 3466 619 3527 Οὗτοι
649 3474 707 3527 οἱ
729 3474 903 3543 λόγοι
923 3474 1033 3542 οὓς
1059 3476 1366 3545 ποιήσετε.
1398 3480 1651 3536 Λαλεῖτε
1674 3483 1967 3551 ἀλήθειαν

364 3557 629 3628 ἕκαστος
676 3561 830 3631 πρὸς
877 3562 989 3618 τὸν
1031 3567 1303 3634 πλησίον
1347 3570 1537 3625 αὑτοῦ
1560 3612 1576 3636 ,
1627 3573 1727 3625 καὶ
1786 3572 1969 3643 κρῖμα

364 3651 677 3723 εἰρηνικὸν
702 3653 941 3722 κρίνετε
966 3656 1037 3709 ἐν
1064 3657 1197 3724 ταῖς
1227 3659 1452 3728 πύλαις
1488 3663 1681 3733 ὑμῶν,
1708 3663 1805 3719 καὶ
1829 3664 1966 3719 ἕκα-

366 3759 517 3811 στος
545 3744 664 3813 τὴν
690 3748 913 3802 κακίαν
938 3749 1048 3805 τοῦ
1097 3752 1370 3821 πλησίον
1406 3755 1596 3811 αὑτοῦ
1629 3755 1717 3827 μὴ
1750 3755 1967 3827 λογίζε-

368 3840 480 3892 σθε
499 3837 572 3909 ἐνῇ
600 3838 733 3906 ταῖς
761 3839 1028 3910 καρδίαις
1076 3842 1265 3915 ὑμῶν,
1295 3846 1394 3901 καὶ
1443 3846 1626 3915 ὅρκον
1649 3849 1852 3920 ψευδῆ
1877 3849 1965 3922 μὴ

367 3929 642 3999 ἀγαπᾶτε
658 3948 672 3965 ·
712 3930 866 3988 διότι
898 3933 1090 3991 ταῦτα
1116 3936 1315 3992 πάντα
1342 3939 1635 4011 ἐμίσησα,
1658 3941 1823 4013 λέγει
1842 3944 1969 4000 Κύ-

362 4039 495 4091 ριος
527 4027 962 4097 παντοκράτωρ

439 4117 584 4171 MH'.
646 4120 761 4173 Ούκ
804 4121 1053 4175 ἀπειθεῖν
1108 4122 1392 4194 ἑλομένοις
1432 4125 1524 4182 καὶ
1586 4129 1669 4191 είς
1720 4113 1969 4200 ἐξίτηλον

372 4211 652 4267 πολιτείαν
678 4214 1006 4287 ἀποφοιτᾷν,
1034 4216 1355 4290 ἠγαπηκόσι
1399 4218 1456 4272 δὲ
1487 4218 1691 4289 μᾶλλον
1731 4220 1832 4292 τὴν
1874 4220 1968 4273 εὑ-

370 4303 521 4357 θεῖαν
561 4305 894 4378 διαστείχειν
931 4308 1072 4375 ὁδὸν,
1117 4310 1215 4362 καὶ
1258 4310 1359 4378 τὴν
1389 4311 1607 4378 εύαγῶς
1641 4312 1965 4383 ᾑρημένοις,

371 4396 774 4467 ἐπαγγέλλεται
806 4401 941 4465 Θεὸς
968 4400 1038 4454 τά
1070 4403 1135 4455 ἐκ
1167 4403 1269 4472 τῆς
1300 4401 1438 4467 ιδίας
1469 4404 1811 4474 ἡμερότητος
1847 4406 1971 4459 ὲπι-

369 4487 565 4544 δώσειν
609 4489 817 4559 ἀγαθὰ,
856 4492 951 4546 καὶ
986 4493 1093 4564 μὴν
1137 4494 1232 4547 καὶ
1270 4494 1689 4565 παρατετάχθαι
1740 4495 1879 4567 πρὸς
1911 4494 1972 4549 τὸ

2059 2010 2116 2059 et
2140 2000 2503 2066 Salvatorem,
2527 2009 2584 2055 et
2607 1998 2987 2055 Liberatorem
3006 1997 3260 2052 laudibus
3287 2005 3614 2052 venerantes
3636 2007 3657 2047 :

2059 2091 2225 2166 724
2246 2091 2514 2163 siquidem
2549 2090 2667 2146 voci
2692 2089 2830 2146 Juda
2890 2088 3041 2144 notio
3087 2086 3264 2143 laudis
3286 2084 3529 2155 subjecta
3550 2092 3654 2139 est.

2057 2187 2231 2241 Aliter
2254 2185 2381 2241 item
2409 2182 2651 2239 Ecclesia
2693 2182 2887 2237 domus
2904 2179 3044 2234 Juda
3078 2188 3245 2250 queat
3266 2176 3515 2248 intelligi.
3546 2176 3659 2246 Ap-

2060 2279 2266 2353 pellata
2290 2288 2376 2334 est
2400 2277 2548 2333 enim
2576 2276 2770 2332 domus
2801 2273 3027 2339 Christi,
3063 2273 3155 2344 qui
3202 2286 3270 2327 ex
3306 2268 3443 2326 Juda
3501 2279 3663 2326 ortus

2059 2380 2166 2440 est,
2194 2387 2303 2443 quo
2330 2371 2494 2426 etiam
2523 2369 2743 2424 nomine
2774 2384 2803 2423 a
2831 2365 3092 2422 divinitus
3115 2363 3378 2433 inspirata
3409 2361 3657 2432 Scriptu«

2060 2482 2119 2522 ra
2151 2472 2517 2535 nuncupatur.
2543 2462 2731 2532 Itaque
2792 2457 3104 2532 patriarcha
3156 2454 3327 2512 Jacob
3377 2453 3663 2510 hisverbis

2061 2561 2181 2631 ejus
2204 2556 2490 2613 meminit:
2531 2574 2549 2608 ι
2584 2552 2753 2619 Juda,
2799 2554 2852 2607 te
2905 2550 3126 2605 laudent
3182 2546 3382 2603 fratres
3425 2545 3502 2600 tui
3533 2543 3601 2599 “.
3636 2561 3658 2597 ο

2064 2653 2130 2708 Et
2155 2665 2417 2707 rursum:
2465 2666 2485 2701 ι
2552 2647 2628 2702 Ex
2666 2644 2932 2719 germine,
2980 2641 3057 2697 illi
3082 2639 3179 2706 mi,
3211 2635 3597 2695 ascendisti“.
3635 2652 3658 2690 ι

2061 2743 2322 2800 Ascendit
2348 2741 2495 2798 enim
2536 2740 2787 2797 Christus
2806 2752 2871 2792 ex
2905 2735 3090 2791 radice
3110 2732 3269 2789 Jesse
3303 2731 3370 2797 δ’,
3398 2738 3455 2786 et
3511 2728 3659 2784 velut

2064 2852 2095 2893 e
2135 2835 2382 2908 germine
2427 2840 2630 2889 sanctm
2665 2829 2931 2901 Virginis,
2969 2827 3192 2883 baculus
3225 2834 3279 2879 et
3311 2824 3461 2892 virga
3494 2822 3666 2875 virtu-

2066 2928 2338 2996 tis,juxta
2401 2925 2679 2997 prophetas
2735 2936 2925 2976 vocem
2950 2917 3017 2970 ”.
3044 2916 3212 2972 Nobis
3268 2915 3432 2987 igitur
3497 2912 3661 2967 etiam

2070 3039 2088 3072 ι
2120 3018 2389 3076 Conlilite
2425 3035 2443 3067 ι
2482 3015 2704 3078 dicitur,
2729 3022 2784 3068 et
2823 3008 3156 3081 arquissime.
3214 3025 3233 3060 ι
3292 3004 3460 3060 Scuto
3488 3002 3661 3089 enim

2066 3114 2219 3171 bona:
2246 3101 2613 3174 voluntatis,»
2645 3106 2821 3163 salute
2848 3114 2901 3161 et
2931 3103 3105 3176 gratia
3134 3116 3232 3173 per
3258 3099 3536 3157 Christum
3560 3094 3665 3151 Pa-

2073 3216 2154 3263 ter
2184 3204 2471 3262 coronavit
2498 3216 2598 3260 nos
2625 3201 2673 3234 ut
2691 3230 2710 3253 ο

2139 3477 2309 3533 Vsus.
2349 3474 2437 3544 16,
2469 3473 2561 3528 17.
2585 3470 2690 3528 Isti
2721 3477 2842 3526 sunt
2864 3482 3129 3524 sermones
3151 3480 3281 3535 quos
3307 3461 3530 3533 facietis.
3565 3456 3668 3513 Lo-

2066 3570 2293 3644 quimini
2328 3566 2602 3623 ueritatem
2642 3560 2999 3631 unusquisque
3032 3557 3102 3611 ad
3147 3556 3450 3623 proximum
3485 3566 3660 3616 suum,

2068 3642 2115 3721 et
2141 3661 2411 3734 judicium
2456 3655 2737 3727 paciﬁcum
2759 3651 3006 3723 judicale
3048 3648 3104 3703 in
3153 3646 3319 3717 portis
3376 3642 3583 3705 uestris,
3617 3648 3667 3696 et

2069 3732 2426 3825 unusquisque
2446 3747 2649 3802 malum
2668 3757 2852 3799 contra
2874 3741 3105 3796 amicum
3142 3752 3295 3791 suum
3333 3750 3397 3788 ne
3427 3732 3667 3803 cogitelts

2068 3850 2125 3904 in
2147 3823 2393 3902 cordibus
2420 3841 2630 3905 vestris,
2653 3846 2700 3893 et
2718 3836 3080 3907 juramentum
3107 3828 3335 3882 mendas:
3382 3841 3445 3880 ne
3477 3823 3662 3894 diligi-

2071 3940 2305 4012 te:quia
2353 3938 2466 3994 haec
2526 3931 2705 3988 omnia
2745 3928 2857 3997 odi,
2908 3925 3039 3981 dicit
3102 3921 3361 3977 Dominus
3425 3917 3670 3989 omnipa-

2072 4043 2206 4088 lens.

2140 4122 2372 4182 XLVIII.
2400 4122 2608 4191 Quibus
2630 4118 2779 4175 cordi
2799 4124 2883 4173 est
2909 4128 3017 4170 non
3047 4112 3349 4167 detrectare
3377 4099 3665 4171 imperium

2072 4238 2172 4279 nec
2200 4221 2322 4275 vitae
2344 4229 2517 4287 genus
2545 4225 2743 4267 vanum
2803 4204 3084 4277 persequi,
3139 4199 3235 4257 sed
3288 4202 3442 4252 recto
3467 4193 3669 4247 itinere

2074 4311 2284 4387 ingredi
2306 4322 2362 4367 et
2388 4314 2577 4363 sancte
2601 4303 2786 4358 vivere
2815 4298 3043 4362 malunt,
3082 4293 3148 4349 iis
3177 4293 3321 4347 Deus
3351 4293 3667 4343 mansuetu-

2074 4383 2217 4465 dinis
2247 4417 2359 4458 sua:
2382 4401 2522 4456 bona
2555 4395 2838 4457 daturum,
2863 4398 3027 4458 atque
3042 4386 3207 4443 etiam
3249 4383 3572 4436 instructum
3600 4388 3662 4430 se

2074 4502 2190 4558 fore
2213 4498 2279 4553 ad
2313 4496 2382 4551 iis
2410 4493 2666 4560 deinceps
2694 4481 3144 4543 henel‘aciendum
3176 4474 3479 4546 pollicetur.
3512 4468 3665 4522 Mun-

370 4583 572 4653 χρῆναι
622 4580 811 4636 λοιπὸν
854 4580 917 4637 εὖ
959 4587 1135 4638 ποιεῖν
1179 4585 1397 4650 αύτούς.
1428 4564 1668 4640 Ἦκιστα
1715 4564 1815 4659 μὲν
1858 4587 1970 4660 γὰρ

2077 4590 2390 4650 daviteuim
2424 4584 2646 4640 minime
2713 4576 3032 4643 falsiloquos
3083 4569 3252 4625 videri
3287 4604 3304 4631 ,
3357 4564 3455 4619 sed
3505 4574 3670 4614 veros

371 4675 700 4744 ψευδοεπεῖς
726 4675 964 4747 ὁρᾷσθαι
990 4677 1353 4749 προστέταχε,
1375 4679 1653 4733 ποιεῖσθαι
1683 4680 1741 4735 δὲ
1766 4681 1970 4752 μᾶλλον

372 4772 431 4823 ἰν
472 4769 740 4842 άτρεκείᾳ
781 4770 911 4835 τοὺς
943 4770 1162 4838 λόγους,
1202 4770 1474 4843 ὀρθότητα
1504 4771 1562 4824 δὲ
1601 4770 1700 4844 τὴν
1730 4773 1823 4826 ἐπὶ
1857 4776 1972 4837 τοῖς

375 4864 642 4937 κρίμασιν
689 4866 933 4937 ἀγαπᾷν,
981 4865 1078 4918 καὶ
1124 4864 1228 4936 τὴν
1276 4865 1362 4935 ἐφ’
1411 4865 1631 4935 ἑκάστῳ
1678 4864 1971 4936 πράγματι

371 4959 554 5030 ψῆφον
599 4957 735 5028 εύθῆ
792 4974 853 5010 τε
913 4957 1011 5011 καὶ
1057 4956 1471 5028 ἀνεπίπληκτον
1526 4957 1706 5028 πάντη
1758 4974 1819 5011 τε
1875 4956 1972 5011 καὶ

375 5051 595 5113 πάντως
613 5050 894 5122 ἐκφέρειν,
912 5050 975 5103 οὐ
999 5048 1308 5121 λημμάτων
1326 5048 1572 5122 αἰσχρῶν
1594 5049 1965 5122 ἡττωμένους,

373 5144 474 5197 οὐκ
520 5145 604 5208 είς
651 5141 822 5215 κέρδη
875 5141 1176 5213 βλέποντας
1224 5141 1467 5213 αἰσχρὰ,
1521 5142 1619 5196 καὶ
1648 5142 1969 5217 ’χρημάτων

371 5238 537 5291 ἓνεκα
573 5236 676 5308 τὴν
706 5235 804 5289 τοῦ
846 5235 1059 5290 δικαίου
1093 5234 1447 5307 προδιδόντας
1491 5235 1688 5306 χάριν,
1734 5234 1849 5289 ἀλλ’
1887 5235 1972 5298 είς

374 5329 540 5399 μόνον
589 5327 841 5399 ὁρῶντας
884 5327 949 5382 τὺ
995 5327 1221 5383 άνδάνον
1265 5325 1386 5397 Θεῷ
1405 5343 1419 5358 ο
1473 5325 1724 5390 ἀνιέντας
1766 5326 1824 5380 δὲ
1872 5320 1971 5379 και)⁸

372 5422 649 5490 ἀδελφοῖς,
677 5422 730 5475 εί
754 5421 820 5493 δή
853 5421 958 5476 πού
990 5438 1045 5476 τι
1085 5420 1534 5494 παραπταίσειαν
1563 5419 1596 5491 ἢ
1625 5419 1865 5494 δρῶντες
1884 5459 1900 5483 ,
1935 5418 1970 5491 ἢ

371 5515 663 5585 λέγοντες,
711 5517 809 5570 καὶ
856 5515 1087 5586 προσέτι
1134 5513 1347 5579 τούτοις
1399 5512 1863 5586 παρωθουμένους
1913 5508 1976 5566 εὖ

373 5607 525 5680 μάλα
553 5608 618 5662 τὸ
642 5607 968 5680 ψευδορκεῖν
988 5626 1004 5643 ο
1040 5608 1408 5681 μεμισηκέναι
1437 5606 1548 5678 γὰρ
1578 5603 1977 5678 διισχυρίζεται

373 5701 444 5756 τὰ
466 5698 650 5754 τοιάδε
672 5697 785 5754 τῶν
809 5698 1020 5754 κακῶν.

446 5814 493 5885 ξ’
524 5813 699 5885 Ιιοιη.Δ
730 5829 769 5879 ι,
791 5811 864 5884 28
889 5827 1043 5885 seqq.
1123 5813 1165 5844 ‘°
1204 5812 1340 5868 Gen.
1387 5828 1534 5877 XLIX,
1566 5810 1619 5872 8..

376 5877 467 5941 ἕί
500 5877 856 5952 Τὶιηοῑὴζιιι,
886 5883 942 5939 8.

1733 5809 1775 5843 ³⁸
1821 5809 1954 5865 ibid.
2013 5808 2066 5864 9.

2070 4687 2248 4760 potius
2275 4690 2562 4737 sermones
2589 4673 2774 4736 edere,
2828 4676 2885 4722 et
2930 4663 3260 4735 iudiciorum
3296 4654 3668 4757 integritatem

2072 4744 2325 4848 diligere,
2357 4777 2413 4826 et
2446 4768 2512 4824 de
2544 4775 2875 4833 unaquaque
2928 4770 2988 4810 re
3040 4748 3369 4848 sententiam
3397 4744 3669 4847 sinceram

2074 4840 2309 4938 nullique
2331 4855 2715 4930 vituperationi
2755 4850 2970 4906 aliiuem
3010 4844 3249 4916 penitus,
3300 4840 3440 4895 citra
3493 4840 3672 4906 turpis

2071 4962 2207 5020 lucri
2248 4955 2598 5028 cupiditatem
2617 4943 2991 5019 pronuntiare,
3025 4953 3129 4993 non
3159 4945 3369 5002 turpem
3397 4938 3667 5028 quaestum

2078 5023 2387 5128 Spectantes
2408 5046 2477 5111 “,
2496 5052 2550 5098 et
2578 5037 2930 5113 pecuniarum
2957 5046 3121 5088 causa
3162 5028 3253 5081 Dei
3282 5023 3508 5095 gratiam
3547 5036 3672 5091 pro-

2079 5117 2309 5208 dentes,
2363 5141 2459 5196 sed
2485 5136 2661 5191 solum
2721 5128 2814 5185 Dei
2884 5121 3284 5195 beneplacitum
3351 5117 3667 5171 intuentes:

2079 5238 2452 5304 condonantes
2471 5228 2601 5283 item
2625 5220 2886 5279 fratribus
2923 5258 2938 5286 ,
2964 5217 3008 5273 si
3042 5213 3171 5286 quid
3195 5210 3273 5267 illi
3305 5223 3402 5265 eos
3419 5214 3516 5261 aut
3547 5216 3671 5304 ver-

2079 5293 2152 5388 bo
2196 5300 2467 5383 aut‘l‘acto
2488 5318 2748 5382 laeserint,
2775 5323 2829 5370 et
2852 5319 3050 5383 prater
3080 5307 3181 5362 ista
3215 5302 3460 5359 studiose
3491 5293 3672 5388 periu-

2074 5384 2213 5476 rium
2246 5415 2542 5487 fugitantes
2571 5429 2585 5464 :
2623 5409 2805 5465 odisse
2842 5403 2990 5459 enim
3019 5416 3078 5457 se
3107 5395 3248 5453 mala
3284 5384 3667 5464 hujuscemodi

2073 5511 2330 5580 aﬂlrmnt.

2181 5808 2227 5840 "
2270 5805 2372 5862 lsa.
2419 5815 2495 5869 ιιι,
2532 5799 2583 5855 1.
2731 5793 2776 5826 ⁸³
2805 5790 2949 5855 Psal.
2980 5804 3088 5853 εις,
3121 5787 3175 5843 2.
3257 5785 3302 5817 ⁸⁸
3329 5781 3470 5840 Psal.
3493 5795 3545 5848 ν,
3576 5776 3664 5833 l3.
