4130 6482
506 347 603 405 ,εγ
1533 347 1590 402 s.
1635 344 1906 402 cmeu
1946 345 2416 404 ALEXANDRINI
2455 349 2777 407 ARClllEP.
3689 342 3789 399 ηε

571 459 851 530 Perpende
872 474 1034 530 porro
1085 460 1357 529 quomodo
1384 461 1515 516 nihil
1554 464 1791 534 typicnm
1833 471 1929 516 aut
1970 476 2087 515 um-

2270 466 2463 537 Ἀθρει
2491 466 2548 519 δὲ
2565 467 2716 529 ὅπως
2747 463 2903 519 οὐδὲν
2931 459 3211 518 ἐπιτάττει
3232 462 3366 534 δρᾷν
3396 460 3504 515 τῶν
3526 458 3585 513 tv
3607 461 3791 522 σκιαῖς

502 552 698 607 hratile
723 550 1138 620 facerejubeat.
1176 551 1289 608 Non
1337 554 1482 609 enim
1525 554 1759 623 imperat
1806 553 2090 608 immolare

2200 558 2232 629 ἢ
2265 557 2478 621 τύποις.
2507 560 2581 612 Οὐ
2611 560 2718 631 γάρ
2742 575 2825 612 τοι
2855 559 3053 627 χρῆναι
3085 555 3389 625 βουθυτεῖν,
3422 552 3547 609 οὐδὲ
3580 552 3688 623 μὴν
3712 550 3792 605 λι-

500 647 689 712 boves,
716 659 815 699 nec
861 645 1149 699 incendere
1219 646 1400 711 thura,
1456 646 1550 699 sed
1605 644 1769 698 veluti
1833 644 2092 714 gracilem

502 737 791 805 quamdam
840 745 893 791 et
919 738 1253 802 tornatilem,
1275 747 1328 791 et
1360 745 1565 790 tantum
1598 753 1701 791 non
1726 735 2091 806 evangelicam

502 831 670 882 vitam
704 846 797 882 eos
829 845 1085 883 exercere
1115 831 1370 899 postuiat.
1409 831 1673 896 Quoniam
1706 831 1851 882 enim
1909 831 1959 882 in
2008 828 2094 883 his

503 935 670 989 pauca
721 920 875 973 nobis
908 921 972 974 de
1025 921 1324 975 Salvatoris
1366 921 1599 975 adventu
1645 921 1878 974 indicata
1944 928 2090 983 sunt,

521 1013 704 1067 dcirco
732 1024 782 1067 et
808 1015 1113 1068 tnatnlutuut
1152 1014 1334 1067 induci
1419 1029 1640 1068 tteresse
1692 1012 1812 1074 fuit,
1839 1012 1981 1079 quol
2013 1009 2095 1063 di-

501 1107 622 1159 vina
654 1106 770 1175 ejus
795 1107 941 1171 iussa
967 1107 1300 1174 loqueretur.
1336 1107 1393 1160 Si
1438 1109 1579 1160 cnim
1602 1107 1753 1159 decet
1786 1121 1884 1158 nos
1913 1104 2091 1157 divina

498 1200 660 1251 Verba
681 1213 969 1265 sequentes
995 1200 1138 1270 loqui
1175 1202 1480 1259 veritatem.
1524 1199 1687 1268 725
1735 1213 1855 1267 quae
1883 1196 2091 1251 Christi

501 1301 618 1342 ιιίιιιι
642 1294 863 1345 omnino
882 1292 1245 1346 disseremus:
1271 1290 1519 1344 Christus
1537 1293 1681 1343 enim
1711 1298 1795 1342 est
1814 1286 2091 1341 veritas“.

496 1378 1144 1450 l'lcoetsapientissimus
1185 1383 1375 1436 Petrus
1417 1381 1793 1450 paratissimos
1834 1396 1931 1434 nos
1972 1393 2095 1436 esse

501 1474 748 1541 praecepit
772 1476 836 1526 ad
856 1476 1287 1543 respondendum
1315 1492 1332 1525 ι
1359 1475 1532 1529 cuivis
1562 1475 1821 1526 rationem
1857 1487 1953 1526 nos
1996 1487 2092 1540 po-

498 1562 668 1615 scenti
693 1564 758 1616 de
770 1579 829 1615 ea
850 1581 966 1633 quze
986 1566 1035 1616 in
1052 1566 1205 1620 nobis
1224 1576 1307 1618 est
1324 1564 1486 1634 spe".
1503 1564 1683 1630 »ριιοιι
1699 1565 1741 1616 si
1760 1580 1875 1633 qua:
1889 1563 2092 1618 Christi

501 1663 627 1707 sunt
646 1654 789 1722 loqui
810 1657 1367 1720 assueverint,cteum
1384 1658 1434 1708 in
1461 1654 1644 1724 lingua
1664 1653 2094 1722 semperhabue-

501 1747 630 1807 rint,
662 1757 716 1800 et
745 1748 927 1802 animo
976 1757 1031 1801 et
1056 1749 1218 1801 corde
1240 1748 1484 1801 meditati
1526 1745 1748 1813 fuerint,
1771 1746 1901 1813 justi
1935 1747 2092 1812 plane

2201 649 2346 719 εὰνῳ
2384 651 2550 721 τιμᾷν
2598 650 2928 711 ἐντέλλεται,
2981 648 3096 701 ἀλλ’
3131 643 3243 701 οἷον
3277 645 3468 715 ίσχνήν
3500 659 3622 696 τινα
3643 682 3658 706 ,
3694 639 3784 695 κα.ι

2199 737 2651 813 τετορνευμένην,
2704 742 2863 811 μόνον
2890 741 2949 794 δὲ
2975 741 3101 811 οὐχὶ
3144 737 3239 792 καὶ
3285 735 3650 805 εὖαγγελικὴν
3692 736 3783 786 ὲπο

2202 835 2442 905 ασκῆσαι
2483 834 2734 904 βούλεται
2757 835 2927 905 ζωήν.
2969 830 3190 900 Ἐπειδὴ
3224 829 3334 899 γὰρ
3366 830 3394 880 ὁ
3426 827 3632 899 βραχὺς
3657 826 3787 894 ἡμῖν

2202 928 2259 979 ὲν
2295 926 2509 990 τούτοις
2559 928 2689 997 περὶ
2717 926 2818 997 τῆς
2866 926 2959 980 τοῦ
2998 925 3254 995 Σωτῆρος
3301 921 3461 992 ἡμῶν
3495 917 3790 988 ἐπιδημίας

2203 1016 2497 1086 πεποίηται
2530 1016 2708 1086 λόγος,
2758 1016 2930 1089 ταύτῃ
2973 1033 3058 1069 τοι
3110 1016 3203 1068 καὶ
3234 1011 3552 1081 ἀναγκαίως
3597 1007 3789 1079 ἐντολὴ

2204 1109 2583 1176 συνεισάγεται
2629 1109 2699 1162 τὰ
2729 1109 2796 1162 δι’
2829 1107 2996 1162 αὑτοῦ
3029 1106 3267 1160 λαλοῦσα
3317 1104 3687 1173 θεσπίσματα.
3724 1102 3791 1155 Εί

2202 1199 2311 1269 γὰρ
2336 1200 2400 1271 δὴ
2434 1202 2705 1271 προσήκει
2759 1203 2872 1264 τοῖς
2900 1200 3064 1263 θείοις
3094 1201 3241 1269 ἡμᾶς
3272 1197 3573 1269 ἑπομένους
3610 1194 3790 1261 λόγοις

2202 1290 2380 1345 λαλεῖν
2397 1291 2495 1363 τὴν
2519 1293 2801 1362 ἀλήθειαν,
2820 1293 2890 1345 τὰ
2906 1291 3148 1364 Χριστοῦ
3169 1292 3387 1353 πάντως
3410 1285 3792 1356 διαλεξόμεθαο

2202 1384 2437 1454 Χριστὸς
2464 1384 2574 1455 γάρ
2600 1387 2747 1438 ἐστιν
2772 1386 2805 1454 ἡ
2840 1384 3092 1456 ἀλήθεια.
3123 1382 3226 1437 Διὰ
3249 1381 3412 1435 τοῦτο
3441 1380 3536 1433 καὶ
3561 1381 3591 1432 ό
3623 1375 3795 1445 σοφώ-

2200 1491 2363 1538 τατος
2392 1476 2599 1546 Πέτρος
2638 1476 3027 1546 ὲτοιμοτὰτους
3072 1476 3219 1544 ἡμᾶς
3254 1470 3511 1540 γενέσθαι
3555 1467 3794 1539 προστέ-

2201 1580 2333 1633 ταχε
2374 1564 2511 1635 πρὸς
2560 1565 2857 1631 ἀπολογίαν
2904 1585 2924 1617 ι
2967 1566 3133 1619 παντὶ
3185 1563 3268 1634 τῷ
3324 1560 3602 1634 ἐρωτῶντι
3643 1560 3796 1629 ἡμᾶς

2200 1655 2357 1722 λόγον
2394 1656 2523 1726 περὶ
2551 1657 2652 1725 τῆς
2679 1656 2848 1729 οὔσης
2880 1658 2939 1710 ὲν
2963 1658 3095 1729 ἡμῖν
3122 1655 3359 1719 ὲλπίδος.
3399 1674 3418 1707 ι
3456 1655 3520 1707 Εἰ
3546 1652 3605 1705 δὲ
3633 1650 3699 1722 δὴ
3721 1650 3791 1705 τὸ

2201 1745 2441 1815 Χριστοῦ
2476 1746 2661 1799 λαλεῖν
2691 1746 3030 1818 εἰθισμένοι,
3087 1746 3182 1801 καὶ
3220 1745 3385 1800 αὐτὸν
3434 1743 3651 1813 ἔχοντες
3698 1739 3795 1793 ἐπὶ

499 1844 678 1898 erunt.
705 1838 1123 1901 etexcellentes.
1161 1838 1482 1907 paciticique
1531 1844 1585 1891 et
1625 1840 1805 1900 mites,
1858 1834 2083 1890 etinsu-

2195 1836 2441 1909 γλώσσης
2475 1839 2583 1905 ἀεὶ,
2613 1840 2710 1893 καὶ
2739 1839 2854 1906 νοῦ,
2885 1840 2981 1893 καὶ
3012 1839 3265 1910 καρδίας,
3304 1836 3538 1908 μελέτην
3560 1850 3797 1904 πεποιη-

500 1945 594 1995 per
628 1931 919 1998 patientes.
948 1941 1001 1985 et
1039 1932 1285 2000 pejerare
1313 1932 1648 1993 nescientes,
1708 1931 1839 1998 quin
1871 1930 2086 1999 penitus

498 2036 597 2074 nec
626 2021 894 2087 jurantes.
930 2022 1293 2077 Meminerunt
1324 2024 1468 2077 enim
1506 2023 1635 2077 illud
1661 2021 1844 2076 dicere
1879 2038 1891 2072 :
1926 2038 1945 2070 ι
1999 2020 2088 2075 Sit

497 2122 676 2166 autem
708 2130 888 2169 sermo
923 2126 1139 2170 vester:
1177 2115 1291 2182 Esl,
1321 2128 1428 2180 est,
1460 2125 1535 2181 et,
1574 2114 1709 2174 Non,
1748 2130 1855 2169 non
1889 2113 1953 2169 “.
1988 2131 2007 2166 ι

2198 1930 2371 2002 μένοι,
2403 1929 2605 1985 δίκαιοί
2638 1950 2743 1985 που
2772 1932 2994 1994 πάντως
3025 1929 3139 1985 εἶεν
3167 1931 3255 1997 ἂν,
3292 1930 3388 1985 καὶ
3412 1932 3481 2000 τῇ
3512 1927 3655 1982 κατὰ
3683 1926 3799 1979 πᾶν

2196 2023 2379 2077 ὁτιοῦν
2438 2023 2695 2096 ὀρθότητι
2746 2024 3187 2095 διαπρέποντες,
3251 2020 3519 2092 είρηνικοί
3575 2036 3636 2072 τε
3698 2018 3793 2073 καὶ

2196 2113 2385 2183 πρᾶοι,
2428 2112 2523 2165 καὶ
2553 2113 2691 2185 πρός
2718 2130 2780 2183 γε
2807 2111 2982 2182 τούτῳ
3011 2112 3105 2166 καὶ
3134 2112 3470 2180 ἀνεξίκακοι,
3499 2111 3594 2164 καὶ
3620 2107 3790 2178 ψευδ-

495 2208 678 2277 ορκείν
706 2207 806 2261 οὐκ
832 2207 1058 2272 εἰδότες,
1107 2207 1306 2279 μᾶλλον
1354 2208 1412 2261 δὲ
1457 2207 1576 2261 οὐδὲ
1610 2206 1876 2277 ὀμνύντες
1922 2205 2081 2271 ὅλως.
2118 2206 2531 2277 Διαμέμνηνται
2595 2207 2703 2276 γὰρ
2762 2207 3015 2275 λέγοντος
3040 2205 3243 2260 αὐτοῦ’
3283 2205 3497 2259 «Ἔστω
3531 2203 3591 2257 δὲ
3628 2201 3785 2275 ὑμῶν

496 2299 524 2349 ό
553 2297 710 2365 λόγος
737 2298 799 2350 τὸ
825 2299 955 2363 Ναὶ,
988 2299 1099 2364 ναὶ,
1134 2300 1229 2353 καὶ
1259 2299 1321 2352 τὸ
1354 2297 1453 2363 Οὒ,
1488 2298 1572 2353 οὔ.
1606 2319 1625 2351 ι

573 2387 736 2444 Vatis.
769 2388 859 2454 18,
894 2390 979 2442 19.
1019 2389 1081 2441 Et
1109 2391 1281 2459 [actus
1310 2401 1380 2444 ut
1404 2406 1573 2443 sermo
1596 2389 1805 2443 Domini
1852 2389 2097 2457 omnipo-

496 2483 652 2536 tentis
696 2482 764 2533 ad
791 2497 891 2542 me.
919 2482 1098 2535 dicens
1128 2499 1146 2536 ε
1185 2480 1314 2535 Han:
1349 2482 1478 2534 dicit
1550 2481 1806 2536 Dominus
1852 2481 2097 2550 omnipo-

498 2585 610 2627 tens
642 2590 661 2627 :
705 2571 977 2639 Jejuttium
1004 2586 1271 2645 quartum.
1294 2581 1343 2626 et
1370 2573 1637 2643 jejunium
1658 2576 1918 2644 quintum,
1947 2575 2092 2642 ειμι

493 2662 704 2732 iunium
736 2668 1037 2733 septimum,
1075 2678 1120 2718 et
1147 2666 1415 2737 jejunium
1446 2666 1708 2719 decimum
1734 2676 1887 2718 erunt
1912 2666 2096 2720 domui

498 2756 640 2811 Iuda
664 2758 717 2810 in
739 2759 1013 2826 gaudium.
1042 2770 1088 2812 et
1113 2758 1166 2811 in
1209 2758 1473 2819 lwtitiam,
1497 2767 1547 2811 et
1580 2758 1633 2812 in
1663 2759 1971 2826 festivitates
2000 2760 2093 2813 bo-

499 2865 614 2908 nas.
659 2859 705 2903 et
748 2848 1081 2917 lwtabimini,
1140 2858 1190 2904 et
1226 2851 1521 2917 “veritatem
1592 2858 1640 2903 et
1717 2866 1900 2920 pacem
1964 2850 2094 2904 dili-

497 2935 605 3005 gite

570 3019 751 3075 XLIX.
789 3021 1164 3078 Necessarium
1204 3025 1344 3082 duco
1369 3026 1609 3082 discendi
1639 3028 1847 3097 cupidis
1878 3044 2090 3085 rursum

496 3113 645 3180 prius
712 3130 1195 3182 exponerecansas
1221 3116 1579 3186 jejuniorum,
1637 3122 1703 3173 de
1759 3121 2093 3190 quibusltoc

2269 2389 2382 2444 Kal
2410 2388 2652 2458 ἐγένετο
2677 2390 2863 2458 λόγος
2886 2387 3110 2455 Κυρίου
3135 2386 3622 2455 παντοκράτορος
3643 2388 3799 2456 πρὸς

2190 2480 2292 2550 μὲ,
2354 2479 2541 2549 λέγων
2566 2497 2578 2509 ·
2640 2478 2787 2534 Τάδε
2849 2478 3013 2548 λέγει
3062 2478 3283 2547 Κύριος
3332 2477 3792 2548 παντοκράτωρ.

2195 2574 2462 2640 Νηστεὶα
2490 2572 2528 2640 τι
2566 2572 2809 2641 τετρὰς,
2856 2572 2958 2625 καὶ
2991 2570 3248 2639 νηστεία
3283 2568 3322 2637 τι
3378 2569 3653 2639 πέμπτη,
3691 2570 3791 2625 καί

2194 2669 2450 2736 νηστεία
2473 2667 2511 2734 ἠ
2544 2666 2765 2736 ἑϐδόμη
2784 2708 2798 2732 ,
2824 2666 2928 2721 καὶ
2954 2666 3207 2735 νηστεία
3240 2666 3279 2733 ἠ
3301 2663 3522 2731 δεκάτη
3548 2664 3795 2719 ἔσονται

2194 2759 2280 2826 τῷ
2318 2761 2465 2825 οἴκῳ
2509 2759 2701 2816 Ἰούδα
2734 2762 2819 2825 εἰς
2848 2760 3063 2830 χαρὰν,
3092 2758 3195 2814 καὶ
3240 2757 3652 2826 εὐφροσύνην,
3692 2760 3797 2812 καὶ

2194 2857 2283 2920 εὶς
2306 2854 2513 2923 ἑορτὰς
2549 2855 2796 2925 ἀγαθὰς,
2841 2854 2940 2909 καὶ
2987 2852 3508 2922 εὐφρανθήσεσθε,
3547 2851 3646 2905 καὶ
3680 2852 3797 2920 τὴν

2193 2945 2488 3011 ἀλήθειαν
2517 2947 2615 3000 καί
2646 2946 2766 3013 τὴν
2787 2945 3041 3014 είρήνην
3061 2943 3441 3015 ἀγαπήσατε.

2264 3038 2399 3092 ΜΘ’.
2448 3039 2772 3107 Ἀναγκαῖον
2817 3034 2973 3110 οἶμαι
3039 3040 3153 3100 τοῖς
3196 3034 3527 3106 φιλομαθέσι
3573 3051 3789 3106 προαφο

2192 3127 2303 3196 ηγή
2314 3126 2513 3180 σασθαι
2534 3126 2699 3181 πάλιν
2718 3125 2828 3181 τῶν
2862 3126 3050 3181 ἐνθάδε
3068 3125 3380 3196 λεγομένων
3404 3123 3671 3192 νηστειῶν
3692 3124 3797 3188 τὰς

501 3204 619 3257 loco
649 3205 925 3270 dicitur,et
952 3209 1093 3275 quod
1121 3209 1189 3262 sit
1226 3211 1790 3280 qttartuut,quodnam
1817 3215 2087 3283 quintum,

2195 3219 2399 3283 αἰτίας,
2434 3219 2531 3272 καὶ
2567 3218 2700 3273 ποία
2728 3222 2760 3288 ἠ
2792 3218 2990 3289 τετρὰς
3018 3258 3032 3281 ,
3068 3217 3154 3281 τίς
3180 3216 3238 3269 δὲ
3267 3217 3301 3287 ἡ
3332 3215 3580 3288 πέμπτη,
3611 3215 3707 3270 καὶ
3733 3215 3796 3269 at

499 3303 554 3348 et
627 3296 853 3365 reliqua,
896 3299 1181 3365 septimum
1233 3302 1465 3368 scilicet,
1532 3312 1586 3356 et
1651 3303 1943 3359 decinmm.
2008 3304 2090 3360 Sic

2202 3308 2413 3362 τούτων
2444 3308 2645 3379 ἐφεξῆς
2680 3309 2883 3380 ἑϐδόμη
2921 3325 2982 3363 τε
3022 3309 3120 3363 καὶ
3157 3308 3384 3378 δεκάτη.
3427 3307 3799 3379 Προσεποίσο-

500 3385 641 3438 enim
661 3398 961 3456 opportune
977 3397 1161 3457 etapte
1176 3406 1295 3461 qua:
1313 3392 1383 3446 sit
1398 3396 1717 3450 mandatoru
1736 3412 1783 3448 ιιι
1804 3397 1888 3450 vis
1907 3396 2090 3451 deinde

2206 3417 2305 3471 μεν
2338 3399 2449 3472 γὰρ
2474 3400 2649 3465 οὕτως
2692 3401 2786 3454 ἐπὶ
2814 3399 3010 3467 καιροῦ
3047 3400 3145 3455 καὶ
3174 3402 3232 3454 ὲν
3262 3401 3453 3471 κόσμῳ
3478 3400 3664 3453 λοιπὸν
3685 3398 3797 3454 τῶν

499 3477 853 3543 enucleando,
882 3480 1253 3550 adjuugcutus.
1278 3480 1444 3552 Igitur
1475 3495 1630 3553 rapta
1651 3496 1837 3542 sancta
1858 3489 2098 3556 civitate,

499 3575 553 3621 et
581 3580 774 3624 exusto
800 3574 1020 3644 templo,
1051 3586 1105 3629 et
1127 3574 1320 3629 lsraele
1348 3576 1506 3630 simul
1530 3594 1651 3632 cum
1678 3581 1821 3634 vasis
1847 3581 2019 3634 sacris
2045 3580 2097 3634 in

500 3661 869 3730 captivitatem
889 3666 1122 3721 abducto
1146 3664 1212 3731 δ’,
1239 3667 1329 3736 qui
1358 3668 1490 3723 salvi
1519 3671 1796 3736 restabant
1820 3672 1872 3726 in
1891 3670 2095 3736 Judaea,

501 3753 615 3807 «lies
645 3754 839 3821 quibus
864 3757 979 3811 hmc
1016 3758 1122 3827 pati
1148 3759 1466 3828 contigisset
1494 3762 1711 3818 odiosos
1763 3774 1819 3819 et
1851 3778 2101 3819 exsecra-

500 3844 637 3906 biles
678 3846 974 3915 habebant,
1014 3850 1286 3920 factisque
1318 3852 1549 3908 cmtibus
1582 3855 1833 3926 planctus
1891 3856 2099 3912 lamen-

499 3937 837 4007 tatione-sque
860 3941 1244 4009 suscipiebant,
1275 3944 1397 3999 cibo
1427 3961 1485 4001 se
1517 3956 1575 3999 ut
1613 3948 1664 4000 in
1707 3946 1935 4017 jejuniis
1962 3948 2094 4003 abs-

502 4029 757 4084 tinentes.
816 4032 945 4099 Qua:
1003 4044 1184 4090 autem
1234 4053 1561 4108 unoquoque
1617 4039 1883 4093 dieruma
1939 4039 2097 4095 nobis

500 4125 658 4179 modo
685 4125 946 4180 dictorum
979 4130 1287 4195 evenerint,
1314 4147 1414 4202 age
1445 4147 1801 4201 exponamus.
1830 4131 1921 4185 Ait
1963 4147 2093 4201 ergo

498 4214 688 4271 beatus
712 4216 975 4277 Jeremias
1008 4240 1021 4276 :
1054 4241 1072 4274 ι
1117 4223 1180 4276 Et
1205 4224 1406 4278 factum
1425 4236 1511 4281 est
1545 4226 1599 4280 in
1621 4240 1763 4282 anno
1783 4241 1925 4281 nono
1940 4225 2092 4296 regni

497 4305 637 4377 ejus,
690 4308 930 4365 Sede-cia:
998 4313 1204 4382 utique,
1263 4315 1317 4369 in
1382 4331 1569 4371 mense
1603 4316 1839 4382 decimo,
1880 4317 2090 4371 decima

498 4401 702 4456 mensis
725 4402 873 4456 venit
911 4402 1408 4463 Nabuchodonosor
1435 4423 1525 4462 rex
1551 4405 1864 4479 Babylonis,
1889 4417 1943 4462 et
1973 4422 2092 4460 om-

500 4493 585 4548 nis
604 4495 878 4549 exercitus
898 4496 1014 4563 ejus
1043 4507 1230 4553 centra
1257 4498 1582 4563 Jerusalem,
1649 4507 1706 4554 et
1762 4497 2090 4553 circumval-

2204 3496 2701 3562 προστεταγμένων
2732 3491 2832 3560 τὴν
2864 3491 3116 3561 δύναμιν.
3152 3490 3363 3545 Οὐκοῦν
3401 3490 3542 3560 μετὰ
3567 3491 3630 3544 τὸ
3652 3490 3807 3544 ἀλῶ·-

2202 3602 2291 3638 ναι
2321 3583 2421 3654 τὴν
2448 3584 2613 3651 ἁγίαν
2640 3584 2816 3648 πόλιν,
2858 3585 2955 3638 καὶ
2983 3583 3481 3655 κατεμπρησοῆναι
3519 3584 3610 3638 τὸν
3638 3585 3793 3651 vain,

2202 3674 2729 3746 ἁποκομισθῆναιδὲ
2761 3674 2898 3746 ὁμοῦ
2951 3679 3065 3740 τοῖς
3118 3676 3286 3745 ἱεροῖς
3328 3675 3586 3729 σκεύεσιν
3619 3677 3794 3745 αἰχμ-

2201 3766 2407 3821 άλωτον
2438 3766 2531 3824 τὸν
2568 3765 2787 3838 Ἰσραὴλ
2807 3806 2822 3831 ,
2849 3766 2899 3818 oi
2945 3764 3285 3836 σεσωσμένοι
3318 3780 3379 3817 τε
3419 3762 3514 3816 καὶ
3547 3762 3794 3832 περιλει-

2201 3859 2427 3929 φθέντες
2467 3858 2610 3914 κατὰ
2644 3860 2745 3930 τὴν
2789 3857 3071 3924 Ἰουδαίαν,
3106 3857 3206 3922 τὰς
3231 3858 3468 3928 ἡμέρας,
3510 3857 3568 3911 ιν
3596 3851 3685 3920 αἷς
3714 3856 3792 3913 τὰ

2197 3952 2376 4007 τοιάδε
2422 3951 2617 4006 παθεῖν
2651 3950 3003 4022 συμϐέϐηκεν
3055 3948 3379 4020 ἀποφράδας
3412 3948 3647 4018 ἡγοῦντο
3692 3947 3792 4002 καὶ

2198 4045 2499 4116 στυγητὰς,
2534 4045 2630 4099 καὶ
2676 4043 2741 4114 δὴ
2784 4042 2928 4098 κατὰ
2962 4041 3175 4114 πληθὺν
3208 4040 3545 4106 συνθέοντες,
3572 4039 3793 4112 κομμὸν

2197 4137 2480 4191 ἐποιοῦντο
2509 4136 2606 4191 καὶ
2640 4134 2841 4208 θρῆνον
2867 4174 2882 4200 ,
2928 4136 3246 4201 ὰσιτοῦντες
3289 4137 3365 4202 ὡς
3399 4140 3457 4191 ὲν
3484 4137 3783 4206 νηστείαις.

2197 4228 2332 4283 Τίνα
2353 4228 2409 4282 δὲ
2436 4228 2500 4298 δὴ
2527 4227 2597 4280 τὰ
2629 4226 3019 4297 συμϐεϐηκότα
3078 4227 3172 4280 καὶ
3216 4229 3275 4280 ἐν
3304 4228 3509 4298 ἑκάστῃ
3540 4228 3648 4280 τῶν
3680 4227 3785 4296 ἀρ·

2195 4322 2325 4383 τίως
2361 4321 2492 4390 ἡμῖν
2522 4316 2829 4389 εἰρημένων
2873 4319 3130 4389 ἡμερῶν,
3162 4318 3300 4390 φέρε
3324 4320 3597 4389 λέγωμεν.
3632 4317 3781 4389 Ἔφη

2192 4412 2424 4466 τοίνυνό
2460 4410 2730 4481 μακάριος
2773 4410 3074 4483 Ίερεμίας’
3132 4429 3152 4463 ι
3189 4413 3299 4466 Καὶ
3348 4411 3564 4477 ἐγένετο
3604 4413 3663 4465 ὲν
3701 4410 3783 4482 τῷ

2195 4502 2305 4555 ἔτει
2346 4500 2426 4573 τῷ
2472 4500 2680 4571 ὲννάτῳ
2722 4500 2826 4570 τῆς
2863 4501 3375 4571 βασιλείας-αὐτοῦ,
3409 4501 3569 4572 δῆλον
3601 4501 3658 4555 δὲ
3696 4501 3780 4555 ὅτι

498 4583 679 4639 larunt
708 4601 851 4649 eam,
886 4596 938 4642 et
972 4589 1375 4644 :editicaverunt
1396 4591 1600 4646 circunt
1632 4604 1754 4644 eam
1809 4588 2079 4657 lapidibus

2195 4594 2461 4659 Σεδεκίου,
2493 4596 2551 4647 ὲν
2583 4592 2664 4663 τῷ
2697 4594 2829 4663 μηνὶ
2860 4594 2940 4665 τῷ
2970 4594 3182 4663 δεκάτῳ
3208 4634 3223 4658 ,
3260 4595 3462 4664 δεκάτῃ
3487 4593 3582 4647 τοῦ
3610 4594 3781 4663 μηνὸς

499 4678 741 4747 quadris.
767 4688 823 4734 et
843 4680 988 4734 venit
1011 4682 1206 4737 civitas
1231 4683 1282 4737 in
1309 4684 1589 4753 angustias
1618 4696 1789 4751 usque
1819 4683 1887 4736 ad
1923 4681 2089 4736 unde-

496 4770 698 4826 cimum
727 4787 927 4826 anmnn
950 4775 1092 4842 regis
1118 4776 1381 4844 Sedecim,
1411 4777 1463 4830 in
1514 4790 1706 4832 mense
1735 4786 1953 4845 quarto,
1987 4791 2087 4829 no-

500 4876 568 4916 tta
615 4863 703 4916 die
733 4864 956 4919 mensis.
983 4865 1048 4919 Et
1083 4866 1308 4921 invaluit
1337 4867 1509 4924 fames
1540 4868 1593 4921 in
1634 4867 1877 4933 civitate,
1904 4875 1959 4922 et
1978 4882 2084 4922 non

498 4964 655 5021 erant
691 4971 861 5025 panes
909 4959 1104 5026 populo
1135 4968 1330 5026 teme;
1360 4968 1416 5016 et
1468 4959 1681 5029 dirupta
1755 4958 2084 5024 estcivitas,

497 5054 553 5103 et
576 5059 765 5105 euntes
785 5047 882 5101 viri
918 5048 1210 5104 bellatores
1233 5050 1438 5119 egressi
1471 5059 1599 5105 sunt
1626 5059 1785 5105 nocte
1815 5049 1898 5103 via
1927 5050 2079 5106 urbis

499 5137 640 5194 inter
665 5153 850 5195 muros
882 5140 1045 5213 726
1071 5150 1127 5196 et
1164 5142 1518 5206 antemurale,
1552 5142 1696 5210 quod
1730 5152 1848 5196 erat
1892 5156 2081 5197 versus

498 5229 714 5289 hortum
762 5234 906 5301 regis
939 5235 1006 5288 ⁵ο.
1047 5254 1067 5288 ι
1116 5234 1310 5292 Postea
1341 5235 1487 5292 caede
1523 5234 1816 5295 liberorum
1841 5233 2081 5289 Sedecia:

498 5331 551 5377 et
575 5324 951 5383 exoculatione
975 5327 1094 5396 eius
1125 5327 1395 5392 intersita,
1428 5327 1502 5382 ita
1535 5326 1711 5397 pergit
1747 5341 1761 5379 :
1802 5344 1821 5378 ι
1857 5325 1912 5380 In
1932 5341 2086 5381 men-

499 5427 559 5467 se
596 5414 810 5481 quinto,
844 5415 1053 5470 decima
1077 5417 1278 5470 mensis
1317 5416 1466 5475 venit
1521 5415 1880 5469 Nabnzardan
1934 5416 2085 5483 prin-

498 5518 625 5571 ceps
648 5521 968 5574 coquorum,
994 5509 1085 5577 qui
1111 5508 1293 5561 stabat
1321 5517 1448 5561 ante
1479 5508 1672 5563 faciem
1728 5509 1868 5577 regis
1910 5507 2083 5578 Baby-

497 5597 660 5661 ionis,
697 5600 746 5653 in
779 5596 1174 5665 Jerusalem,et
1198 5601 1480 5656 succendit
1518 5601 1736 5656 domum
1767 5600 2002 5666 Domini,
2026 5608 2082 5655 et

620 5766 665 5799 ’⁵⁸
684 5773 843 5835 Joau.
884 5794 992 5845 διν,
1031 5781 1082 5836 6.

2190 4676 2322 4752 ἦλθε
2348 4679 2835 4750 Ναϐουχοδονόσωρ
2859 4679 3112 4749 βασιλεὺς
3147 4682 3490 4747 Βαϐυλῶνος,
3512 4684 3605 4737 καὶ¹
3628 4684 3781 4735 πᾶσα

2190 4775 2223 4846 ἡ
2269 4772 2498 4843 δύναμις
2530 4771 2698 4828 αὑτοῦ
2749 4774 2844 4826 ἐπὶ
2880 4774 3236 4846 Ἰερουσαλὴμ
3259 4817 3276 4842 ,
3311 4776 3405 4829 καὶ
3439 4777 3778 4846 περιεχαράο

2189 4881 2374 4919 κωσαν
2410 4866 2619 4937 αὐτὴν,
2674 4864 2769 4918 καὶ
2816 4866 3305 4936 περιῳκοδόμησαν
3360 4867 3533 4938 αὐτὴν
3583 4884 3779 4939 τετρα-

2189 4957 2371 5020 πόδοις
2398 4955 2570 5019 λίθοις
2594 4954 2803 5027 κύκλῳ,
2833 4959 2926 5015 καὶ
2956 4954 3121 5030 ἦλθεν
3150 4960 3183 5029 ἡ
3218 4958 3370 5024 πόλις
3403 4962 3483 5024 εἰς
3521 4962 3774 5030 συνοχὴν,

2188 5045 2296 5111 ἕως
2323 5045 2612 5101 ἑνδεκάτου
2642 5044 2796 5109 ἔτους
2829 5045 2905 5117 τῷ
2936 5046 3146 5119 βασιλεῖ
3175 5047 3419 5119 Σεδεκίᾳ,
3445 5050 3504 5103 tv
3540 5050 3669 5119 μηνὶ
3697 5050 3778 5122 τῷ

2189 5140 2452 5209 τετάρτῳ,
2488 5136 2683 5209 ὲννάτῃ
2725 5136 2819 5191 τοῦ
2856 5137 3043 5209 μηνός.
3078 5140 3191 5193 Καὶ
3218 5138 3529 5212 ὲστερεὼθη
3559 5142 3588 5193 ό
3616 5141 3777 5211 λιμὸς

2186 5227 2245 5293 ὲν
2289 5230 2355 5299 τῇ
2398 5227 2582 5292 πόλει,
2631 5228 2727 5283 καὶ
2763 5228 2866 5282 οὐκ
2890 5224 3031 5299 ἦσαν
3061 5228 3221 5299 ἄρτοι
3245 5230 3323 5301 τῷ
3361 5230 3477 5302 λαῷ
3504 5233 3606 5302 τῆς
3643 5233 3772 5303 γῆς,

2184 5322 2281 5377 καὶ
2304 5320 2586 5392 διεκόπηὴ
2617 5320 2802 5387 πόλις,
2846 5323 2939 5375 καὶ
2976 5321 3177 5387 πάντες
3209 5324 3260 5376 οἱ
3303 5323 3497 5395 ἄνδρες
3533 5325 3583 5377 οἱ
3614 5330 3774 5378 πολε-

2188 5413 2379 5482 μισταὶ
2422 5411 2648 5481 ἐξῆλθον
2688 5411 2882 5475 νυκτὸς
2921 5412 3062 5467 κατὰ
3099 5414 3200 5485 τὴν
3243 5415 3362 5469 eam
3412 5417 3513 5486 τῆς
3561 5416 3769 5483 πόλεως

2183 5503 2458 5573 ἀναμέσον
2485 5502 2580 5557 τοῦ
2618 5503 2833 5573 τείχους
2873 5504 2968 5557 καὶ
2997 5504 3093 5558 τοῦ
3119 5507 3583 5578 προτειχίσματος
3602 5547 3618 5572 ,
3643 5507 3671 5561 ὃ
3698 5504 3769 5581 ἦν

2184 5596 2325 5650 κατὰ
2348 5596 2440 5650 τὸν
2471 5597 2647 5666 κῆπον
2676 5594 2771 5648 τοῦ
2811 5595 3093 5664 βασιλέως.
3130 5615 3148 5647 ι
3182 5594 3314 5653 Εἶτα
3334 5599 3398 5670 δὴ
3428 5600 3594 5671 μέσον
3623 5618 3766 5673 παρ-

1197 5779 1239 5812 ⁶⁷
1278 5778 1318 5832 ιι
1357 5777 1501 5835 Pelr.
1532 5796 1620 5845 ιιι,
1663 5780 1743 5837 l5.
1827 5780 1872 5810 “
1901 5778 2085 5840 Matth.

2203 5780 2292 5841 57.
2372 5779 2415 5812 "
2451 5779 2515 5834 IV
2553 5781 2682 5848 Reg.
2728 5792 2853 5842 xxv,
2880 5779 2931 5833 9.
3010 5777 3288 5834 “Jcrem.
3315 5791 3412 5841 ut,
3440 5772 3559 5831 4-7.
