4130 6478
505 326 601 386 131

1501 320 1561 376 S.
1600 315 1877 375 CYRILLI
1913 312 2388 375 ALEXANDRINI
2429 309 2751 371 ARCIIIEP.

3689 312 3797 369 132

501 442 562 494 in
590 451 751 492 unum
776 433 1067 501 civitatem,
1092 432 1319 488 dicentes
1349 448 1370 489 :
1404 430 1604 487 Eamus
1636 442 1696 487 ut
1753 435 2094 503 deprecemur

2216 435 2284 500 ιὶς
2309 434 2462 503 μίαν
2498 432 2702 494 πόλιν,
2733 424 3019 498 λέγοντες
3041 442 3054 458 ’
3085 427 3479 498 Πορευθῶμεν
3505 427 3798 500 δεηθῆναι

503 529 698 597 [aciem
728 526 957 591 Domini,
982 536 1030 580 et
1093 540 1395 596 quaeramus
1446 524 1639 594 facient
1688 523 1897 579 Domini
1920 525 2095 579 omni-

2198 523 2306 578 τοῦ
2350 523 2682 593 προσώπου
2722 519 2952 588 Κυρίου
2998 519 3098 574 καὶ
3148 514 3471 589 ἐκζητῆσαι
3498 522 3564 575 τὸ
3610 523 3800 590 πρόσ-

506 619 754 689 potentis.
803 615 1004 672 Vadam
1025 627 1072 671 et
1100 633 1215 687 ego,
1257 625 1308 670 et
1350 617 1553 671 venient
1594 616 1777 687 pepuli
1832 618 1987 671 multi
2048 625 2097 670 et

2216 633 2364 670 υπον
2391 614 2620 685 Κυρίου
2664 611 3170 679 παντοκράτορος.
3206 613 3581 682 Πορεύσομαι
3612 612 3800 684 κάγὼ,

508 717 685 778 gentes
725 708 928 771 multae,
950 719 1007 761 ut
1037 719 1280 776 quierant
1313 706 1504 776 faciem
1528 705 1742 761 Domini
1770 709 2101 776 omnipoten-

510 803 578 854 tis
620 801 674 854 in
698 799 1020 867 Jerusalem,
1051 810 1098 852 et
1124 808 1178 851 ut
1203 799 1487 867 propitiem
1511 797 1704 868 [aciem
1738 798 1976 853 Domini.

586 1076 654 1132 L.
692 1076 1057 1132 Convertente
1079 1073 1300 1131 Cbristo
1331 1074 1533 1131 luctum
1565 1085 1808 1131 nostrum
1861 1075 1913 1131 in
1971 1091 2104 1148 gau-

509 1166 683 1232 dium,
704 1174 760 1221 et
822 1167 874 1220 in
925 1166 1068 1220 diem
1107 1166 1329 1231 festum,
1359 1175 1413 1221 et
1464 1166 1517 1220 in
1574 1164 1790 1220 laetitias
1818 1166 2007 1233 bonas,
2049 1176 2105 1222 et

513 1258 874 1312 transferente
901 1258 953 1311 in
995 1256 1387 1325 iucunditatem
1443 1257 1698 1323 lamenta,
1748 1274 1853 1313 non
1879 1258 1990 1329 iam
2039 1256 2107 1315 de

511 1350 722 1406 vocatis
744 1350 813 1405 ad
850 1350 1078 1405 salutem
1101 1350 1297 1421 singuli
1322 1349 1377 1404 in
1421 1350 1525 1405 [ide
1560 1350 1842 1416 accedent,
1867 1358 1923 1405 et
1979 1366 2102 1406 cum

512 1437 625 1494 Deo
676 1454 774 1509 per
806 1440 1292 1496 sanctiticatiouem
1333 1440 1751 1510 coniungentur,
1815 1442 1909 1496 sed
1969 1442 2106 1498 civi-

512 1539 656 1586 tales
684 1530 828 1586 inter
855 1548 915 1587 se
952 1532 1018 1586 ad
1074 1532 1177 1587 hoc
1259 1533 1515 1602 deinceps
1571 1533 1953 1599 hortabantur,
2017 1548 2109 1589 ve-

466 1658 471 1663 -
514 1624 773 1691 nieutque
795 1624 1109 1678 catervatim
1140 1637 1331 1680 omnes
1360 1633 1569 1693 gentes,
1595 1625 1866 1692 prioribus
1895 1640 2109 1697 semper

2199 709 2301 762 καὶ
2335 708 2559 776 ἥξουσι
2585 705 2723 762 λαοί
2751 704 2992 764 πολλοὶ,
3020 705 3118 756 καί
3148 703 3294 772 ἔθνη
3325 705 3528 759 πολλὰ
3554 704 3798 776 έκζητῆο

2199 817 2304 856 σαι
2335 801 2403 855 τὸ
2442 801 2771 870 πρόσωπον
2803 800 3023 867 Κυρίου
3068 799 3553 867 παντοκράτορος
3582 799 3653 853 ἐν
3697 800 3796 855 Ἱε·

2194 892 2545 964 ρουσαλὴμ,
2588 891 2690 945 καί
2737 891 2847 945 τοῦ
2900 889 3307 955 ἐξιλάσασθαι
3352 890 3419 944 τὸ
3473 893 3804 959 πρόσωπον

2203 989 2452 1045 Κυρίου.

2275 1009 2292 1042 )
2333 1008 2452 1042 ιου.

2275 1008 2357 1132 15'.
2402 1075 2894 1139 Μεταπλάττοντος
2923 1073 3015 1128 τοῦ
3047 1073 3286 1146 Χριστοῦ
3314 1075 3374 1126 τὸ
3416 1074 3611 1139 πένθος
3643 1076 3804 1146 ἡμῶν

2205 1173 2285 1234 είς
2315 1169 2516 1242 χαρὰν,
2552 1169 2648 1223 καὶ
2679 1170 2760 1232 είς
2788 1164 3004 1238 ἑορτὴν,
3036 1167 3135 1220 καὶ
3182 1167 3261 1230 είς
3296 1167 3640 1239 εὐφροσύνας
3670 1168 3808 1237 ἁγι-

2208 1262 2327 1327 θὰς,
2355 1264 2449 1315 καὶ
2495 1260 2860 1332 μεθιστῶντος
2912 1254 2993 1322 είς
3044 1257 3314 1328 θυμηδίαν
3353 1259 3480 1321 τοὺς
3512 1258 3807 1329 ὀδυρμοὺς,

2207 1352 2269 1408 οὐ
2299 1353 2421 1408 καθ’
2454 1352 2552 1405 ἕνα
2578 1350 2788 1414 λοιπὸν,
2820 1347 2973 1418 φησὶ,
3007 1346 3115 1400 τῶν
3146 1346 3497 1415 καλουμένων
3523 1350 3602 1409 εἰς
3636 1364 3813 1418 σωτη-

2211 1446 2332 1519 ρίαν
2364 1446 2397 1518 ἡ
2433 1446 2490 1497 ὲν
2527 1441 2711 1496 πίστει
2743 1441 3026 1512 πρόσοδος,
3061 1439 3158 1494 καὶ
3194 1442 3226 1511 ή
3265 1440 3399 1510 πρδς
3430 1439 3563 1493 Θεὸν
3594 1440 3813 1493 οίκείω-

2213 1556 2297 1602 σις
2346 1539 2411 1592 δι’
2445 1531 2758 1606 ἁγιασμοῦ·
2813 1534 2927 1587 ἀλλ’
2960 1535 3015 1586 αί
3068 1534 3166 1603 μὲν
3220 1533 3408 1595 πόλεις
3460 1531 3697 1603 ἀλλήλας
3728 1533 3814 1596 είς

2210 1631 2371 1684 τοῦτο
2418 1625 2820 1700 παροτρυνοῦσι
2860 1625 3048 1679 λοιπὸν
3075 1667 3088 1691 ,
3131 1624 3252 1696 ἥξει
3304 1624 3360 1677 δὲ
3411 1624 3553 1678 κατὰ
3599 1623 3814 1695 πληθὺν

509 1714 942 1770 acclamantibus
996 1714 1087 1783 qui
1148 1715 1478 1783 posteriores
1531 1725 1678 1779 sunt,
1744 1732 1765 1766 ι
1819 1713 2019 1770 Vadam
2053 1727 2110 1772 et

2216 1719 2393 1775 πάντα
2426 1720 2496 1774 τὰ
2534 1719 2686 1790 ἔθνη,
2720 1719 2833 1781 τοῖς
2869 1718 2950 1782 εἰς
2977 1716 3134 1770 τοῦτο
3169 1715 3440 1786 φθάσασιν
3475 1715 3816 1785 ἐπιφωνοῦν-

508 1820 632 1877 ego.
658 1824 678 1858 ι
706 1806 980 1877 Scriptum
996 1815 1077 1861 est
1101 1806 1244 1860 enim
1271 1822 1286 1859 :
1319 1824 1337 1857 ι
1363 1805 1586 1861 Ferrum
1609 1806 1811 1863 ferrum
1832 1810 1999 1872 acuit,
2024 1809 2109 1864 vir

2216 1829 2317 1867 των
2350 1808 2437 1867 ἀεὶ
2463 1811 2571 1866 τῶν
2609 1811 2880 1882 δευτέρων
2906 1811 2986 1876 τὸ,
3014 1827 3032 1860 ι
3056 1807 3403 1880 Πορεύσομαι
3440 1808 3616 1877 κάγώ.
3651 1827 3670 1860 ι
3715 1806 3817 1862 Γέ-

514 1908 697 1955 autem
726 1901 873 1954 acuit
906 1899 1101 1954 faciem
1130 1899 1354 1955 alterius
1375 1900 2109 1971 “.sSempereuimaliorum

515 1991 774 2047 alacritas
797 1991 917 2046 aliis
930 1992 996 2047 ad
1020 1992 1155 2047 bona
1180 1992 1542 2048 consectanda
1558 1992 2106 2049 stimulusinvenitur.

512 2077 645 2145 Quis
673 2090 757 2135 est
778 2095 907 2136 vero
940 2080 1183 2147 urbibus,
1214 2082 1332 2137 sive
1378 2082 1629 2152 gentibus
1680 2082 1804 2139 linis
1860 2083 2113 2154 proposi-

513 2169 635 2225 tusi
664 2171 962 2243 propitiare
988 2181 1043 2227 et
1072 2174 1360 2243 exquirere
1396 2171 1593 2229 faciem
1634 2175 1869 2243 Domini,
1901 2177 2002 2231 hoc
2025 2184 2115 2231 est

509 2261 809 2331 Christum,
842 2266 933 2336 qui
962 2273 1048 2319 est
1072 2266 1251 2337 imago
1282 2265 1559 2321 simillima
1579 2264 1676 2321 Dei
1738 2275 1794 2322 et
1829 2266 2011 2324 Patris
2037 2269 2110 2335 ",

520 2373 540 2406 ι
578 2363 631 2410 et
652 2342 823 2425 ﬁgura
862 2356 1187 2411 substantiae
1227 2358 1368 2426 ejus,
1399 2368 1455 2411 et
1483 2357 1740 2429 splendor
1770 2359 1957 2430 gloria:
1978 2361 2042 2423 θ’,
2085 2380 2106 2414 s

511 2446 581 2502 de
609 2462 716 2517 quo
743 2452 799 2502 et
828 2447 1048 2503 divinus
1084 2449 1290 2503 David:
1335 2468 1354 2501 ι
1390 2448 1609 2505 Faciem
1674 2461 1816 2504 tuam
1864 2451 2110 2508 illumina

512 2556 679 2609 Super
708 2554 923 2596 servum
954 2540 1191 2595 tuum“.
1226 2560 1244 2594 ι
1303 2539 1636 2597 llluminavit
1689 2543 1832 2597 enim
1902 2559 2006 2614 pax
2056 2551 2112 2599 et

517 2630 704 2698 facies,
732 2644 793 2688 ut
824 2624 964 2699 dixi,
1002 2631 1097 2689 Dei
1124 2643 1179 2688 et
1201 2631 1399 2700 Patris,
1436 2634 1613 2703 ipsum
1657 2633 1919 2689 habentes
1947 2635 2112 2690 bene-

517 2724 693 2780 volum
721 2740 785 2781 ac
827 2724 1158 2795 propitium;
1212 2736 1266 2781 et
1310 2727 1521 2798 peccati
1571 2742 1741 2781 noxas
1787 2727 2110 2798 repellemus

526 2812 851 2893 «iustiﬁcati
885 2834 982 2892 per
1042 2811 1199 2878 ﬁdem
1236 2839 1251 2877 :
1286 2838 1396 2878 non
1455 2837 1523 2878 ex
1585 2822 1840 2893 operibus
1885 2818 2110 2892 justitire

515 2929 638 2985 qua:
656 2912 883 2969 fecimus
913 2926 1037 2978 nos,
1072 2906 1165 2968 sed
1195 2911 1490 2968 secundum
1512 2928 1759 2983 magnam
1798 2914 2109 2969 misericor—

517 3004 662 3060 diam
690 3018 843 3061 suam
881 2998 949 3059 “.
986 3023 1007 3058 ι
1047 2997 1359 3061 Misericors
1401 3004 1546 3060 enim
1578 3014 1632 3060 et
1686 3005 1859 3059 bonus
1914 3017 2017 3071 est,
2055 3014 2112 3060 et

516 3100 586 3152 ad
628 3111 689 3152 se
733 3096 1123 3152 accedentibus
1161 3104 1384 3166 peccata
1406 3097 1713 3152 dimittit“.
1742 3097 1906 3167 728
1932 3096 2109 3167 ipsum

517 3188 871 3257 exquirentes
896 3188 1181 3243 servandis
1205 3188 1386 3257 legum
1420 3189 1643 3244 sancitis
1700 3192 1922 3245 omnino
1960 3190 2112 3245 inve-

522 3274 725 3343 nimus,
747 3286 802 3331 et
876 3291 972 3346 per
1024 3278 1201 3346 ipsum
1250 3268 1359 3333 Deo
1407 3293 1472 3332 ac
1520 3277 1668 3334 Patri
1729 3279 2105 3336 adltmremus:

534 3386 554 3419 ι
594 3368 713 3439 Ipse
742 3369 887 3425 enim
909 3378 991 3424 est
1013 3384 1114 3440 pax
1146 3379 1328 3424 nostra
1360 3388 1379 3421 ι
1414 3370 1557 3440 quod
1582 3370 1879 3441 Scriptum
1905 3379 2112 3425 testan—

521 3466 610 3516 tur
634 3461 700 3517 “.

2212 1919 2455 1973 γραπται
2485 1900 2615 1973 γὰρ,
2654 1901 2736 1954 ὅτι
2774 1920 2793 1952 ι
2823 1899 3052 1970 Σίδηρος
3100 1895 3317 1969 σίδηρον
3350 1892 3549 1965 δξύνει,
3584 1897 3725 1969 ἀνὴρ
3753 1898 3816 1951 δὲ

2213 1989 2507 2062 παροξύνει
2540 1987 2835 2060 πρόσωπον
2870 1986 3081 2059 ἐτέρου.
3110 2007 3128 2039 ι
3169 1987 3525 2060 ιιαρὰκλησις
3551 1987 3662 2058 γὰρ
3722 1988 3816 2040 ἀεί

2212 2100 2330 2146 πως
2359 2081 2569 2154 ἑτέροις
2593 2079 2674 2144 είς
2710 2080 2773 2133 τδ
2815 2078 3015 2151 χρῆναι
3041 2078 3284 2151 πληροῦν
3312 2079 3372 2132 τὺ
3403 2078 3632 2149 ἀγαθὸν,
3660 2080 3697 2151 ἦ
3725 2089 3813 2131 τι-

2212 2192 2320 2228 νων
2351 2174 2672 2245 εὑρίσκεται
2712 2171 3017 2244 προθυμία.
3051 2171 3147 2235 Τίς
3196 2171 3254 2225 δὲ
3300 2171 3366 2242 δὴ
3409 2172 3531 2234 ταῖς
3566 2170 3811 2233 πόλεσιν,

2212 2265 2331 2337 ήτοι
2350 2266 2464 2328 τοῖς
2483 2263 2719 2331 ἔθνεσιν,
2749 2265 2777 2317 ὁ
2797 2262 3000 2328 σκοπός
3023 2274 3038 2331 ;
3061 2262 3122 2316 τὸ
3147 2261 3504 2326 ὲξιλάσασθαί
3518 2274 3579 2314 τε
3597 2261 3690 2314 καὶ
3713 2262 3817 2313 ὲκ-

2212 2355 2445 2428 ζητῆσαι
2470 2355 2532 2409 τὸ
2560 2356 2858 2427 πρόσωπον
2888 2350 3119 2427 Κυρίου,
3148 2356 3419 2421 τουτέστι,
3462 2353 3719 2426 Χριστὸν,
3752 2354 3816 2417 ὃς

2211 2448 2362 2503 ἔστιν
2413 2447 2579 2502 εἰκὼν
2628 2447 3051 2521 ἀπαράλλακτος
3101 2446 3197 2501 τοῦ
3236 2445 3373 2501 Θεοῦ
3428 2447 3524 2501 καὶ
3574 2446 3812 2518 Πατρδς,

2218 2561 2237 2595 ι
2266 2542 2361 2596 καὶ
2410 2540 2699 2613 χαρακτήρ
2746 2541 2850 2610 τῆς
2900 2540 3254 2604 ὑποστάσεως
3289 2532 3480 2606 αὐτοῦ,
3532 2538 3677 2592 καθὰ
3718 2538 3817 2607 γέ-

2210 2652 2475 2707 γραπται,
2515 2635 2611 2687 καὶ
2648 2633 2994 2704 ἀπαύγασμα
3023 2634 3123 2704 τῆς
3162 2633 3343 2705 δόξης,
3375 2652 3393 2685 t
3426 2630 3557 2705 περί
3587 2626 3649 2686 οὗ
3679 2641 3817 2703 φησι

2212 2729 2308 2781 καὶ
2336 2729 2365 2781 ὁ
2395 2727 2684 2790 θεσπέσιος
2711 2724 2875 2781 Δαὸίδ
2895 2743 2909 2757 ·
2946 2743 2965 2777 ι
3001 2725 3075 2778 Τὸ
3101 2723 3391 2796 πρόσωπόν
3424 2739 3519 2776 σου
3549 2721 3816 2804 ὲπίφῄανον

2214 2819 2309 2872 ἐπὶ
2337 2818 2428 2873 τὸν
2449 2818 2633 2873 δοῦλόν
2662 2835 2778 2874 σου.
2805 2837 2825 2871 ι
2846 2817 3165 2889 Ἀπέλαμψε
3189 2816 3299 2889 γὰρ
3325 2818 3356 2887 ἡ
3387 2817 3605 2888 εἰρήνη,
3628 2815 3725 2868 καὶ
3754 2815 3817 2868 τὸ

2213 2913 2528 2986 πρόσωπον,
2569 2912 2645 2977 ὡς
2700 2911 2858 2984 ἔφην,
2900 2912 2993 2966 τοῦ
3042 2910 3179 2964 Θεοῦ
3232 2910 3328 2964 καὶ
3382 2908 3619 2987 ῌατρὸςο
3651 2907 3817 2960 αὑτὸν

2215 3007 2429 3079 ἔχοντες
2478 3007 2681 3079 εὐμενῆ
2727 3009 2821 3061 καὶ
2854 3006 3035 3071 ἵλεων,
3066 3006 3162 3059 καὶ
3188 3005 3287 3075 τὴν
3316 3006 3380 3057 ἐκ
3407 3003 3506 3073 τῆς
3536 2998 3818 3073 ἁμαρτίας

2216 3098 2658 3170 διακρουσόμεθα
2708 3098 2913 3170 βλάϐην
2951 3117 2971 3150 ι
2998 3096 3368 3167 δικαιούμενοι
3417 3094 3506 3148 διὰ
3552 3093 3814 3157 πίστεως,

2217 3190 2318 3243 οὐκ
2350 3190 2409 3257 ἐξ
2435 3190 2612 3261 ἔργων
2641 3189 2989 3259 δικαιοσύνης
3018 3182 3091 3243 ὧν
3113 3188 3447 3259 ἐποιήσαμεν
3475 3187 3658 3258 ἡμεῖς,
3680 3184 3821 3240 ἀλλὰ

2215 3282 2359 3339 κατά
2399 3283 2534 3336 πολὺ
2587 3280 2752 3336 αὑτοῦ
2788 3281 2956 3345 ἕλεος.
3012 3300 3029 3333 ι
3092 3280 3492 3351 Φιλοικτίρμων
3541 3277 3651 3347 γάρ
3699 3278 3820 3331 ἐστι

2218 3375 2315 3430 καὶ
2347 3374 2570 3446 ἀγαθὸς,
2605 3375 2699 3428 καί
2736 3373 2963 3444 ἀφίησιν
2991 3373 3318 3444 ἐγκλήματα
3357 3373 3469 3435 τοῖς
3499 3368 3819 3441 προσιοῦσιν

2224 3467 2390 3539 αὐτῷ.
2429 3466 2599 3520 Αὐτὸν
2645 3464 3002 3537 ἐκζητοῦντες
3052 3464 3140 3518 διὰ
3191 3463 3285 3518 τοῦ
3337 3464 3536 3536 χρῆναι
3575 3456 3821 3532 πληροῦν

521 3549 592 3604 τὰ
615 3544 1000 3622 νενομισμένα,
1036 3542 1216 3621 πάντη
1266 3567 1328 3605 τε
1392 3552 1489 3604 καὶ
1530 3551 1748 3616 πάντως
1786 3542 2152 3624 εὑρίσκομεν,
2193 3560 2287 3612 καὶ
2330 3557 2396 3611 δι’
2425 3550 2593 3612 αὐτοῦ
2636 3555 2958 3626 κολλώμεθα
3020 3555 3097 3628 τῷ
3129 3554 3250 3627 Θεῷ
3280 3556 3374 3610 καὶ
3407 3552 3616 3625 Πατρί·
3660 3572 3679 3605 ι
3708 3553 3822 3605 Καὶ

522 3641 630 3714 γὰρ
654 3641 818 3706 αὐτός
848 3643 996 3696 ἐστιν
1022 3643 1056 3714 ή
1083 3643 1276 3715 εἰρήνη
1310 3641 1493 3715 ἡμῶν,
1527 3660 1546 3696 ι
1576 3643 1721 3698 κατὰ
1747 3642 1848 3708 τὰς
1873 3645 2118 3716 Γραφὰς.

597 3730 759 3787 Vsus.
800 3730 1044 3787 25.ch
1101 3733 1230 3787 dicit
1281 3732 1541 3788 Dominus
1610 3735 1937 3804 omnipotens
1972 3751 1992 3789 :
2058 3734 2129 3790 In

523 3821 706 3878 diebus
727 3822 834 3878 illis
854 3823 1240 3894 apprehendent
1260 3824 1437 3880 decem
1454 3826 1556 3881 viri
1580 3843 1646 3881 ex
1667 3828 1906 3881 omnibus
1933 3828 2126 3899 linguis

526 3916 851 3985 gentiumnt
872 3918 1259 3987 apprehendent
1284 3916 1552 3985 ﬁmbriam
1574 3921 1731 3974 unius
1760 3921 1987 3976 hominis
2028 3921 2129 3975 Ju-

524 4003 653 4067 dazi,
684 4005 916 4060 dicentes
948 4021 966 4060 :
999 4003 1210 4061 Ibimus
1247 4017 1440 4075 testim,
1469 4010 1597 4079 quia
1621 4010 1921 4065 audivimus
1983 4011 2124 4082 quod

526 4092 666 4150 Deus
685 4097 946 4152 vobiscum
969 4105 1071 4154 est.

608 4275 693 4332 LI.
727 4278 972 4346 Quonam
1006 4283 1164 4338 modo
1197 4299 1290 4354 per
1321 4286 1483 4342 urbes
1510 4295 1565 4342 et
1609 4296 1797 4357 gentes
1840 4287 2115 4344 accessuri

2305 3726 2451 3789 Τάδε
2506 3732 2669 3803 λέγει
2732 3733 2948 3802 Κύριος
3002 3729 3427 3801 παντοκράτωρ
3452 3746 3466 3761 ·
3529 3731 3633 3785 Ἐν
3688 3732 3824 3797 ταῖς

2226 3815 2478 3895 ἡμέραις
2526 3823 2789 3891 ἐκείναις
2837 3822 3241 3891 ἐπιλήψονται
3296 3821 3442 3875 δέκα
3487 3821 3707 3890 ἄνδρες
3749 3824 3824 3877 ἐκ

2223 3917 2440 3973 πασῶν
2461 3916 2581 3971 τῶν
2610 3910 2909 3988 γλωσσῶν
2934 3915 3055 3967 τῶν
3100 3913 3314 3977 ἐθνῶν,
3352 3915 3452 3967 καὶ
3486 3914 3825 3983 ἐπιλήψον-

2221 4030 2317 4067 ται
2351 4011 2458 4066 τοῦ
2496 4003 2843 4081 κρασπέδου
2877 4007 3099 4076 ἀνδρὸς
3135 4006 3450 4072 Ἰουδαίου,
3495 4008 3782 4078 λέγοντες
3806 4013 3822 4039 δ

2226 4104 2651 4175 Πορευσόμεθα
2690 4104 2845 4171 μετὰ
2886 4100 3025 4164 σοῦ,
3060 4099 3213 4154 διότι
3256 4100 3603 4172 ἀκηκόαμεν
3658 4100 3748 4155 ὅτι
3788 4102 3825 4155 6

2228 4199 2373 4263 Θεὸς
2395 4197 2527 4266 μεθ’
2558 4194 2727 4264 ὑμῶν
2752 4192 2944 4247 ἐστιν.

2298 4290 2429 4343 NA'.
2469 4288 2604 4342 Τίνα
2655 4278 2719 4357 δὴ
2762 4285 2965 4357 τρόπον
3015 4287 3048 4357 ή
3095 4283 3237 4338 κατὰ
3269 4283 3452 4348 πόλεις
3474 4300 3534 4336 τε
3559 4268 3695 4354 ὁμοῦ
3726 4283 3826 4335 καὶ

527 4368 639 4426 sint
658 4382 968 4441 querentes
986 4372 1183 4429 faciem
1217 4375 1452 4443 Domini,
1473 4394 1687 4432 rursum
1742 4379 2002 4433 declarat.
2033 4378 2114 4432 ln-

2227 4381 2356 4452 ἐθνη
2386 4379 2677 4450 γενήσεται
2705 4373 2967 4450 πρόσοδος
2992 4377 3102 4430 τῶν
3134 4377 3536 4448 ἐπιζητούντων
3568 4376 3629 4430 τὸ
3652 4373 3824 4447 πρόσ-

529 4458 649 4535 quit
668 4464 835 4530 enim,
867 4484 885 4518 ι
925 4465 1043 4520 Erit
1075 4466 1127 4521 in
1162 4469 1354 4524 diebus
1376 4467 1504 4535 illis,
1543 4488 1562 4522 ι
1607 4469 1710 4525 hoc
1733 4479 1819 4526 est
1863 4470 1955 4525 illo
1987 4479 2129 4525 tent-

530 4572 684 4627 pore,
720 4561 937 4628 quando
973 4579 993 4614 ι
1035 4562 1450 4633 apprehendcnt
1477 4563 1665 4619 decem
1702 4563 1805 4617 viri
1857 4561 2127 4617 unumJu—

532 4645 727 4711 damn),
771 4647 1015 4705 dicentes
1064 4664 1078 4702 :
1134 4640 1339 4707 ibimus
1386 4659 1584 4705 tecum;
1616 4670 1636 4703 ι
1695 4651 1799 4706 Per
1844 4653 2127 4707 denarium

531 4736 830 4807 perfectum
864 4740 1242 4795 accedentium
1282 4757 1569 4797 numerum
1619 4742 1859 4811 intellige
1892 4761 1907 4798 :
1946 4743 2125 4814 perfe-

530 4830 727 4886 Ctiouis
752 4823 895 4885 enim
922 4825 1225 4901 symbolum
1259 4843 1343 4889 est
1367 4834 1456 4890 ltic
1482 4836 1919 4902 numerus.Quod
1944 4845 2124 4891 autem

532 4922 736 4977 sanctis
776 4920 1035 4991 apostolis
1072 4938 1141 4977 ex
1163 4924 1419 4992 gentibus
1472 4926 1813 4984 adluereules
1873 4928 2121 4984 eamdem

532 5029 653 5066 cum
689 5013 794 5067 illis
820 5013 960 5067 viam
997 5017 1280 5071 ambulare
1319 5018 1672 5085 instituerint,
1706 5016 1991 5089 iustificati
2029 5036 2125 5092 per

534 5100 692 5155 Iidem
736 5098 1025 5159 inCltristo
1052 5100 1121 5171 ",
1155 5106 1440 5163 manifeste
1468 5110 1724 5176 ostendit,
1778 5111 1947 5180 ipsam
2010 5112 2122 5168 for-

536 5206 701 5257 mam,
735 5206 829 5248 seu
858 5205 1087 5264 gestum,
1121 5206 1175 5250 ut
1202 5213 1267 5251 ex
1299 5194 1533 5270 imagine
1567 5202 1977 5259 accuratissime
2006 5196 2122 5256 eili-

502 5293 676 5339 -ctam
698 5285 1003 5355 proferens.
1036 5287 1192 5342 Parvi
1230 5290 1372 5344 enim
1404 5293 1557 5361 pueri
1585 5305 1973 5364 nonnunquam
2027 5310 2123 5362 ρει-α

537 5385 670 5430 trem
705 5379 856 5450 sequi
880 5381 1202 5449 gestientes,
1233 5380 1627 5454 comprehensa
1654 5402 1751 5442 ora
1786 5388 1953 5443 vestis
1979 5387 2122 5458 eius,

536 5465 642 5524 illis
675 5471 904 5529 tactibus
923 5472 1067 5529 velut
1092 5471 1287 5545 adiuti,
1317 5484 1371 5531 et
1406 5492 1435 5530 a
1493 5487 1645 5534 veste
1706 5479 2024 5549 pendentes,
2055 5480 2126 5534 ei-

611 5669 656 5700 "
699 5668 853 5724 Prm'.
895 5688 1066 5737 uvtt,
1110 5676 1188 5729 l7.
1304 5677 1347 5709 ”
1388 5675 1429 5732 ll
1460 5678 1586 5732 Cor.
1616 5693 1688 5740 ιν,
1719 5680 1770 5734 Δ.

537 5752 598 5808 tt,
644 5740 726 5796 15,
804 5741 1071 5814 “Epltes.
1105 5748 1277 5809 11,“.
1356 5748 1404 5779 “
1440 5746 1595 5803 ltont.
1634 5763 1685 5816 ν,
1739 5753 1785 5803 l.

1886 5680 1931 5712 ⁶⁶
1974 5679 2013 5734 ll
2058 5680 2143 5736 br.
2183 5700 2219 5749 ι,
2255 5685 2307 5740 5.

2227 4476 2377 4523 ωπον
2402 4461 2630 4540 Κυρίου,
2668 4469 2947 4541 διατρανοῖ
2980 4470 3162 4523 πάλιν.
3204 4470 3434 4523 «Ἔσται
3465 4468 3594 4540 γὰρ,
3629 4469 3821 4540 φησιν,

2226 4562 2286 4614 ὲν
2332 4563 2455 4625 ταῖς
2504 4562 2741 4634 ήμέραις
2784 4558 3044 4627 ἐκείναις,
3080 4581 3097 4614 ι
3155 4562 3439 4625 τουτέστι,
3494 4562 3615 4616 κατ’
3644 4561 3825 4614 ἐκεῖνο

2226 4654 2553 4726 καιροῦ,ὃτε
2582 4674 2599 4706 ι
2631 4654 2990 4725 ἐπιλήψονται
3017 4654 3149 4708 δέκα
3172 4653 3363 4726 ἄνδρες
3394 4653 3513 4717 ἑνὸς
3536 4644 3822 4715 Ἰουδαίου,

2225 4744 2512 4815 λέγοντεςο
2568 4739 2960 4821 Πορευσόμεθα
3008 4746 3148 4818 μετὰ
3198 4745 3310 4801 σοῦ.
3353 4765 3371 4797 ι
3430 4745 3530 4798 Διὰ
3580 4744 3680 4815 μὲν
3728 4741 3825 4797 οῦν

2223 4837 2334 4893 τῶν
2374 4827 2506 4893 δέκα
2544 4831 2634 4891 τδν
2682 4830 2888 4892 τέλειον
2918 4838 3027 4892 τῶν
3063 4839 3396 4909 προσιόντων
3439 4839 3653 4910 νοήσεις
3699 4838 3818 4907 (ipt-

2225 4928 2398 5002 θμόν·
2454 4930 2792 5001 τελειότητος
2847 4929 2958 5000 γὰρ
3018 4930 3286 5003 σύμϐολον
3327 4933 3355 4984 ὁ
3396 4929 3623 4993 δέκατός
3673 4931 3828 4982 ἐστιν

2222 5014 2610 5095 ἀριθμός.“οτι
2642 5022 2698 5075 δὲ
2724 5020 2834 5087 τοῖς
2867 5012 3043 5093 ἁγίοις
3092 5021 3412 5087 ἀποστόλοις
3460 5024 3509 5075 oi
3549 5022 3607 5088 ἐξ
3650 5020 3823 5075 ἐθνῶν

2223 5114 2554 5185 κολλώμενοι
2592 5114 2690 5185 τὴν
2718 5114 2887 5187 αὐτὴν
2922 5115 3112 5189 ὥσπερ
3140 5116 3370 5181 ἐκείνοις
3419 5115 3658 5187 βαδίζειν
3704 5113 3824 5167 ὁδον

2228 5208 2544 5280 ἐπεχείρουν
2574 5208 2942 5281 δικαιούμενοι
2981 5210 3068 5265 διὰ
3098 5210 3335 5274 πίστεως
3358 5209 3455 5281 τῆς
3487 5210 3546 5262 ἐν
3575 5207 3820 5279 Χριστῷ,

2231 5301 2554 5371 καθίστησιν
2610 5304 2859 5373 ἐναργὲς,
2903 5305 2997 5357 καὶ
3045 5304 3105 5357 τὸ
3158 5303 3345 5374 σχῆμα
3391 5302 3600 5370 λέγων,
3637 5301 3713 5363 ὡς
3765 5299 3826 5365 ἐξ

2232 5390 2439 5457 εἰκόνος
2468 5394 2941 5467 διαπεπλασμένον
2972 5388 3039 5449 εὖ
3070 5396 3234 5467 μάλα.
3261 5390 3326 5449 Οἱ
3365 5395 3476 5465 γὰρ
3509 5391 3694 5463 μικροὶ
3715 5390 3824 5443 τῶν

2235 5480 2436 5535 παίδων
2471 5485 2529 5538 ἰν
2567 5488 2676 5551 τοῖς
2708 5486 2861 5551 ἰδίοις
2891 5487 3163 5558 πατράσιν
3186 5484 3393 5539 ῐλοιντό
3421 5501 3549 5539 ποτε
3580 5499 3821 5538 κατακτ-

2388 5687 2427 5716 '"
2464 5686 2607 5741 Psal.
2639 5702 2828 5754 cxuu,
2863 5687 2985 5742 145.
3064 5688 3108 5721 ⁶²
3130 5688 3239 5745 Tit.
3284 5706 3366 5755 ut,
3412 5687 3526 5743 5-7.
3609 5684 3654 5716 ⁸³
3688 5681 3809 5741 Jcel
