  <div class='ocr_page' id='page_1' title='image "/cluster/home/n/w/nwhite01/storage/ocr_20150623/72:no.5/coo.31924054869700/074.png"; bbox 0 0 4130 6476; ppageno 0'>
   <div class='ocr_carea' id='block_1_1' title="bbox 319 338 428 395">
    <p class='ocr_par' dir='ltr' id='par_1_1' title="bbox 319 338 428 395">
     <span class='ocr_line' id='line_1_1' title="bbox 319 338 428 395; baseline -0.018 -1"><span class='ocrx_word' id='word_1_1' title='bbox 319 338 428 395; x_wconf 67' lang='grc'><strong>133</strong></span> 
     </span>
    </p>
   </div>
   <div class='ocr_carea' id='block_1_2' title="bbox 1198 324 2822 390">
    <p class='ocr_par' dir='ltr' id='par_1_2' title="bbox 1198 324 2822 390">
     <span class='ocr_line' id='line_1_2' title="bbox 1198 324 2822 390; baseline -0.001 -3"><span class='ocrx_word' id='word_1_2' title='bbox 1198 328 1764 390; x_wconf 71' lang='lat' dir='ltr'><strong>COMMENTARIUS</strong></span> <span class='ocrx_word' id='word_1_3' title='bbox 1802 327 1870 385; x_wconf 81' lang='grc' dir='ltr'><strong>ΙΝ</strong></span> <span class='ocrx_word' id='word_1_4' title='bbox 1909 325 2322 386; x_wconf 70' lang='lat' dir='ltr'><strong>ZACHARIAM</strong></span> <span class='ocrx_word' id='word_1_5' title='bbox 2362 324 2822 387; x_wconf 78' lang='lat' dir='ltr'><strong>PROPHETAM.</strong></span> 
     </span>
    </p>
   </div>
   <div class='ocr_carea' id='block_1_3' title="bbox 3535 326 3641 383">
    <p class='ocr_par' dir='ltr' id='par_1_3' title="bbox 3535 326 3641 383">
     <span class='ocr_line' id='line_1_3' title="bbox 3535 326 3641 383; baseline 0 -1"><span class='ocrx_word' id='word_1_6' title='bbox 3535 326 3641 383; x_wconf 63' lang='grc'><strong>158</strong></span> 
     </span>
    </p>
   </div>
   <div class='ocr_carea' id='block_1_4' title="bbox 309 436 1962 521">
    <p class='ocr_par' dir='ltr' id='par_1_4' title="bbox 309 437 1937 521">
     <span class='ocr_line' id='line_1_4' title="bbox 309 437 1937 521; baseline -0.006 -16"><span class='ocrx_word' id='word_1_7' title='bbox 309 449 551 515; x_wconf 82' lang='grc' dir='ltr'>λουθεῖν,</span> <span class='ocrx_word' id='word_1_8' title='bbox 585 445 1019 521; x_wconf 80' lang='grc' dir='ltr'>ἐπιδραξάμενοι</span> <span class='ocrx_word' id='word_1_9' title='bbox 1059 443 1156 498; x_wconf 89' lang='grc' dir='ltr'><strong>τοῦ</strong></span> <span class='ocrx_word' id='word_1_10' title='bbox 1187 444 1525 516; x_wconf 81' lang='grc' dir='ltr'><strong>κρασπέδου,</strong></span> <span class='ocrx_word' id='word_1_11' title='bbox 1559 437 1670 496; x_wconf 74' lang='grc' dir='ltr'>οἷον</span> <span class='ocrx_word' id='word_1_12' title='bbox 1706 442 1937 497; x_wconf 61' lang='grc' dir='ltr'>ἐπικουυ</span> 
     </span>
    </p>
   </div>
   <div class='ocr_carea' id='block_1_5' title="bbox 2045 436 3646 521">
    <p class='ocr_par' dir='ltr' id='par_1_5' title="bbox 2045 436 3646 511">
     <span class='ocr_line' id='line_1_5' title="bbox 2045 436 3646 511; baseline 0.001 -15"><span class='ocrx_word' id='word_1_13' title='bbox 2045 448 2124 496; x_wconf 90' lang='lat' dir='ltr'><strong>lra</strong></span> <span class='ocrx_word' id='word_1_14' title='bbox 2151 454 2395 496; x_wconf 88' lang='lat' dir='ltr'><strong>errorem</strong></span> <span class='ocrx_word' id='word_1_15' title='bbox 2433 438 2847 510; x_wconf 82' lang='lat' dir='ltr'><strong>periculumque</strong></span> <span class='ocrx_word' id='word_1_16' title='bbox 2882 436 3224 511; x_wconf 85' lang='lat' dir='ltr'><strong>gradiuntur.</strong></span> <span class='ocrx_word' id='word_1_17' title='bbox 3275 437 3478 496; x_wconf 87' lang='lat' dir='ltr'><strong>Eodem</strong></span> <span class='ocrx_word' id='word_1_18' title='bbox 3529 455 3646 498; x_wconf 80' lang='lat' dir='ltr'><strong>mo-</strong></span> 
     </span>
    </p>
   </div>
   <div class='ocr_carea' id='block_1_6' title="bbox 316 534 1936 615">
    <p class='ocr_par' dir='ltr' id='par_1_6' title="bbox 316 534 1936 615">
     <span class='ocr_line' id='line_1_6' title="bbox 316 534 1936 615; baseline -0.003 -20"><span class='ocrx_word' id='word_1_19' title='bbox 316 541 584 615; x_wconf 77' lang='grc' dir='ltr'>ρούμενοι</span> <span class='ocrx_word' id='word_1_20' title='bbox 607 542 732 604; x_wconf 83' lang='grc' dir='ltr'>ταῖς</span> <span class='ocrx_word' id='word_1_21' title='bbox 758 539 945 609; x_wconf 81' lang='grc' dir='ltr'><strong>ἁφαῖς,</strong></span> <span class='ocrx_word' id='word_1_22' title='bbox 976 538 1072 593; x_wconf 72' lang='grc' dir='ltr'>καὶ</span> <span class='ocrx_word' id='word_1_23' title='bbox 1100 535 1209 591; x_wconf 89' lang='grc' dir='ltr'><strong>τῶν</strong></span> <span class='ocrx_word' id='word_1_24' title='bbox 1239 537 1568 608; x_wconf 74' lang='grc' dir='ltr'><strong>ἐσθημάτων</strong></span> <span class='ocrx_word' id='word_1_25' title='bbox 1601 534 1936 608; x_wconf 80' lang='grc' dir='ltr'>ἀπαρτώμε-</span> 
     </span>
    </p>
   </div>
   <div class='ocr_carea' id='block_1_7' title="bbox 311 625 1932 703">
    <p class='ocr_par' dir='ltr' id='par_1_7' title="bbox 311 625 1932 703">
     <span class='ocr_line' id='line_1_7' title="bbox 311 625 1932 703; baseline -0.003 -16"><span class='ocrx_word' id='word_1_26' title='bbox 311 650 396 687; x_wconf 87' lang='grc' dir='ltr'><strong>νοι</strong></span> <span class='ocrx_word' id='word_1_27' title='bbox 455 632 680 703; x_wconf 79' lang='grc' dir='ltr'>ἀπλανῆ</span> <span class='ocrx_word' id='word_1_28' title='bbox 737 648 798 684; x_wconf 84' lang='grc' dir='ltr'><strong>τε</strong></span> <span class='ocrx_word' id='word_1_29' title='bbox 848 628 945 683; x_wconf 74' lang='grc' dir='ltr'>καὶ</span> <span class='ocrx_word' id='word_1_30' title='bbox 989 626 1211 700; x_wconf 80' lang='grc' dir='ltr'>ἀσφαλῆ</span> <span class='ocrx_word' id='word_1_31' title='bbox 1255 627 1537 682; x_wconf 88' lang='grc' dir='ltr'>ποιοῦνται</span> <span class='ocrx_word' id='word_1_32' title='bbox 1569 626 1667 699; x_wconf 83' lang='grc' dir='ltr'>τὴν</span> <span class='ocrx_word' id='word_1_33' title='bbox 1699 625 1932 697; x_wconf 82' lang='grc' dir='ltr'><strong>βάδισιν.</strong></span> 
     </span>
    </p>
   </div>
   <div class='ocr_carea' id='block_1_8' title="bbox 312 717 1933 795">
    <p class='ocr_par' dir='ltr' id='par_1_8' title="bbox 312 717 1933 795">
     <span class='ocr_line' id='line_1_8' title="bbox 312 717 1933 795; baseline -0.006 -15"><span class='ocrx_word' id='word_1_34' title='bbox 312 724 476 781; x_wconf 80' lang='grc' dir='ltr'>Κατά</span> <span class='ocrx_word' id='word_1_35' title='bbox 506 724 601 779; x_wconf 82' lang='grc' dir='ltr'>τὸν</span> <span class='ocrx_word' id='word_1_36' title='bbox 630 724 769 792; x_wconf 76' lang='grc' dir='ltr'>ἴσον,</span> <span class='ocrx_word' id='word_1_37' title='bbox 799 717 979 795; x_wconf 77' lang='grc' dir='ltr'>οἶμαι,</span> <span class='ocrx_word' id='word_1_38' title='bbox 1013 720 1218 793; x_wconf 81' lang='grc' dir='ltr'><strong>τρόπον</strong></span> <span class='ocrx_word' id='word_1_39' title='bbox 1249 721 1346 774; x_wconf 80' lang='grc' dir='ltr'>καὶ</span> <span class='ocrx_word' id='word_1_40' title='bbox 1373 722 1421 774; x_wconf 80' lang='grc' dir='ltr'>οἱ</span> <span class='ocrx_word' id='word_1_41' title='bbox 1446 722 1514 792; x_wconf 79' lang='grc' dir='ltr'><strong>τῇ</strong></span> <span class='ocrx_word' id='word_1_42' title='bbox 1551 720 1728 774; x_wconf 81' lang='grc' dir='ltr'>κτίσει</span> <span class='ocrx_word' id='word_1_43' title='bbox 1773 717 1933 771; x_wconf 87' lang='grc' dir='ltr'>λελα-</span> 
     </span>
    </p>
   </div>
   <div class='ocr_carea' id='block_1_9' title="bbox 309 810 1934 892">
    <p class='ocr_par' dir='ltr' id='par_1_9' title="bbox 309 810 1934 892">
     <span class='ocr_line' id='line_1_9' title="bbox 309 810 1934 892; baseline -0.005 -20"><span class='ocrx_word' id='word_1_44' title='bbox 309 818 614 892; x_wconf 86' lang='grc' dir='ltr'>τρευκότες</span> <span class='ocrx_word' id='word_1_45' title='bbox 646 818 802 887; x_wconf 76' lang='grc' dir='ltr'>παρὰ</span> <span class='ocrx_word' id='word_1_46' title='bbox 843 815 936 869; x_wconf 80' lang='grc' dir='ltr'>τὸν</span> <span class='ocrx_word' id='word_1_47' title='bbox 960 813 1073 868; x_wconf 89' lang='grc' dir='ltr'><strong>τῶν</strong></span> <span class='ocrx_word' id='word_1_48' title='bbox 1120 814 1260 869; x_wconf 82' lang='grc' dir='ltr'>ὅλων</span> <span class='ocrx_word' id='word_1_49' title='bbox 1286 812 1656 885; x_wconf 82' lang='grc' dir='ltr'>Δημιουργὸν,</span> <span class='ocrx_word' id='word_1_50' title='bbox 1692 810 1934 882; x_wconf 78' lang='grc' dir='ltr'><strong>πατέρας</strong></span> 
     </span>
    </p>
   </div>
   <div class='ocr_carea' id='block_1_10' title="bbox 310 904 1935 982">
    <p class='ocr_par' dir='ltr' id='par_1_10' title="bbox 310 904 1935 982">
     <span class='ocr_line' id='line_1_10' title="bbox 310 904 1935 982; baseline -0.007 -16"><span class='ocrx_word' id='word_1_51' title='bbox 310 910 578 982; x_wconf 75' lang='grc' dir='ltr'><strong>γνησίους</strong></span> <span class='ocrx_word' id='word_1_52' title='bbox 617 907 1057 981; x_wconf 75' lang='grc' dir='ltr'>ἐπιγραφόμενοι</span> <span class='ocrx_word' id='word_1_53' title='bbox 1095 906 1223 970; x_wconf 76' lang='grc' dir='ltr'>τοὺς</span> <span class='ocrx_word' id='word_1_54' title='bbox 1258 905 1366 959; x_wconf 87' lang='grc' dir='ltr'><strong>τῶν</strong></span> <span class='ocrx_word' id='word_1_55' title='bbox 1390 904 1766 974; x_wconf 82' lang='grc' dir='ltr'>εὐαγγελικῶν</span> <span class='ocrx_word' id='word_1_56' title='bbox 1811 904 1935 972; x_wconf 84' lang='grc' dir='ltr'>δογ-</span> 
     </span>
    </p>
   </div>
   <div class='ocr_carea' id='block_1_11' title="bbox 312 994 1929 1075">
    <p class='ocr_par' dir='ltr' id='par_1_11' title="bbox 312 994 1929 1075">
     <span class='ocr_line' id='line_1_11' title="bbox 312 994 1929 1075; baseline -0.006 -17"><span class='ocrx_word' id='word_1_57' title='bbox 312 1005 509 1075; x_wconf 79' lang='grc' dir='ltr'>μάτων</span> <span class='ocrx_word' id='word_1_58' title='bbox 547 999 876 1074; x_wconf 78' lang='grc' dir='ltr'>εἰσηγητὰς,</span> <span class='ocrx_word' id='word_1_59' title='bbox 914 998 1011 1055; x_wconf 81' lang='grc' dir='ltr'>καὶ</span> <span class='ocrx_word' id='word_1_60' title='bbox 1055 997 1458 1069; x_wconf 87' lang='grc' dir='ltr'>συναπτόμενοι</span> <span class='ocrx_word' id='word_1_61' title='bbox 1492 996 1559 1050; x_wconf 83' lang='grc' dir='ltr'><strong>δι’</strong></span> <span class='ocrx_word' id='word_1_62' title='bbox 1599 994 1929 1068; x_wconf 62' lang='grc' dir='ltr'>όμοψυχίας,</span> 
     </span>
    </p>
   </div>
   <div class='ocr_carea' id='block_1_12' title="bbox 309 1087 1935 1165">
    <p class='ocr_par' dir='ltr' id='par_1_12' title="bbox 309 1087 1935 1165">
     <span class='ocr_line' id='line_1_12' title="bbox 309 1087 1935 1165; baseline -0.006 -16"><span class='ocrx_word' id='word_1_63' title='bbox 309 1095 546 1150; x_wconf 71' lang='grc' dir='ltr'>ἕπονταί</span> <span class='ocrx_word' id='word_1_64' title='bbox 578 1112 643 1149; x_wconf 87' lang='grc' dir='ltr'><strong>τε</strong></span> <span class='ocrx_word' id='word_1_65' title='bbox 670 1095 878 1159; x_wconf 86' lang='grc' dir='ltr'>αὐτοῖς,</span> <span class='ocrx_word' id='word_1_66' title='bbox 917 1091 1281 1165; x_wconf 77' lang='grc' dir='ltr'>νηπιάζοντες</span> <span class='ocrx_word' id='word_1_67' title='bbox 1321 1089 1402 1144; x_wconf 72' lang='grc' dir='ltr'>ἔτι</span> <span class='ocrx_word' id='word_1_68' title='bbox 1434 1089 1534 1154; x_wconf 79' lang='grc' dir='ltr'><strong>τὰς</strong></span> <span class='ocrx_word' id='word_1_69' title='bbox 1566 1087 1809 1160; x_wconf 80' lang='grc' dir='ltr'><strong>γνώμας,</strong></span> <span class='ocrx_word' id='word_1_70' title='bbox 1841 1088 1935 1142; x_wconf 81' lang='grc' dir='ltr'>καὶ</span> 
     </span>
    </p>
   </div>
   <div class='ocr_carea' id='block_1_13' title="bbox 312 1180 1935 1260">
    <p class='ocr_par' dir='ltr' id='par_1_13' title="bbox 312 1180 1935 1260">
     <span class='ocr_line' id='line_1_13' title="bbox 312 1180 1935 1260; baseline -0.006 -18"><span class='ocrx_word' id='word_1_71' title='bbox 312 1191 397 1253; x_wconf 82' lang='grc' dir='ltr'><strong>είς</strong></span> <span class='ocrx_word' id='word_1_72' title='bbox 442 1188 550 1260; x_wconf 80' lang='grc' dir='ltr'>τὴν</span> <span class='ocrx_word' id='word_1_73' title='bbox 599 1187 795 1259; x_wconf 80' lang='grc' dir='ltr'>ὁμοίαν</span> <span class='ocrx_word' id='word_1_74' title='bbox 846 1187 1019 1240; x_wconf 82' lang='grc' dir='ltr'>ίενται</span> <span class='ocrx_word' id='word_1_75' title='bbox 1051 1185 1262 1258; x_wconf 72' lang='grc' dir='ltr'>τρίϐον,</span> <span class='ocrx_word' id='word_1_76' title='bbox 1292 1181 1531 1255; x_wconf 78' lang='grc' dir='ltr'>ζηλωταί</span> <span class='ocrx_word' id='word_1_77' title='bbox 1567 1199 1668 1236; x_wconf 88' lang='grc' dir='ltr'><strong>που</strong></span> <span class='ocrx_word' id='word_1_78' title='bbox 1716 1180 1935 1244; x_wconf 83' lang='grc' dir='ltr'>πάντως</span> 
     </span>
    </p>
   </div>
   <div class='ocr_carea' id='block_1_14' title="bbox 312 1271 1936 1349">
    <p class='ocr_par' dir='ltr' id='par_1_14' title="bbox 312 1271 1936 1349">
     <span class='ocr_line' id='line_1_14' title="bbox 312 1271 1936 1349; baseline -0.006 -15"><span class='ocrx_word' id='word_1_79' title='bbox 312 1277 776 1349; x_wconf 70' lang='grc' dir='ltr'><strong>ἀναδεικνύμενα</strong></span> <span class='ocrx_word' id='word_1_80' title='bbox 825 1276 927 1348; x_wconf 81' lang='grc' dir='ltr'>τῆς</span> <span class='ocrx_word' id='word_1_81' title='bbox 980 1274 1163 1331; x_wconf 83' lang='grc' dir='ltr'>αὐτῶν</span> <span class='ocrx_word' id='word_1_82' title='bbox 1211 1274 1511 1340; x_wconf 78' lang='grc' dir='ltr'>πολιτείας,</span> <span class='ocrx_word' id='word_1_83' title='bbox 1542 1272 1637 1327; x_wconf 72' lang='grc' dir='ltr'>καὶ</span> <span class='ocrx_word' id='word_1_84' title='bbox 1687 1274 1808 1337; x_wconf 86' lang='grc' dir='ltr'>ταῖς</span> <span class='ocrx_word' id='word_1_85' title='bbox 1847 1271 1936 1325; x_wconf 76' lang='grc' dir='ltr'>ἀεὶ</span> 
     </span>
    </p>
   </div>
   <div class='ocr_carea' id='block_1_15' title="bbox 314 1364 1936 1443">
    <p class='ocr_par' dir='ltr' id='par_1_15' title="bbox 314 1364 1936 1443">
     <span class='ocr_line' id='line_1_15' title="bbox 314 1364 1936 1443; baseline -0.006 -16"><span class='ocrx_word' id='word_1_86' title='bbox 314 1372 456 1443; x_wconf 87' lang='grc' dir='ltr'>πρὸς</span> <span class='ocrx_word' id='word_1_87' title='bbox 488 1372 554 1425; x_wconf 82' lang='grc' dir='ltr'>τὸ</span> <span class='ocrx_word' id='word_1_88' title='bbox 581 1371 808 1443; x_wconf 74' lang='grc' dir='ltr'>ἄμεινον</span> <span class='ocrx_word' id='word_1_89' title='bbox 840 1369 1152 1425; x_wconf 86' lang='grc' dir='ltr'>ἐπιδόσεσιν</span> <span class='ocrx_word' id='word_1_90' title='bbox 1203 1387 1221 1420; x_wconf 84' lang='grc' dir='ltr'><strong>ι</strong></span> <span class='ocrx_word' id='word_1_91' title='bbox 1251 1369 1332 1431; x_wconf 88' lang='grc' dir='ltr'><strong>είς</strong></span> <span class='ocrx_word' id='word_1_92' title='bbox 1361 1366 1530 1438; x_wconf 84' lang='grc' dir='ltr'>ἀνδρα</span> <span class='ocrx_word' id='word_1_93' title='bbox 1562 1365 1770 1419; x_wconf 90' lang='grc' dir='ltr'>τέλειον</span> <span class='ocrx_word' id='word_1_94' title='bbox 1803 1364 1936 1418; x_wconf 84' lang='grc' dir='ltr'>ἀνα-</span> 
     </span>
    </p>
   </div>
   <div class='ocr_carea' id='block_1_16' title="bbox 311 1456 1935 1533">
    <p class='ocr_par' dir='ltr' id='par_1_16' title="bbox 311 1456 1935 1533">
     <span class='ocr_line' id='line_1_16' title="bbox 311 1456 1935 1533; baseline -0.005 -17"><span class='ocrx_word' id='word_1_95' title='bbox 311 1458 623 1529; x_wconf 75' lang='grc' dir='ltr'>ϐαίνοντες,</span> <span class='ocrx_word' id='word_1_96' title='bbox 659 1462 756 1516; x_wconf 79' lang='grc' dir='ltr'>καὶ</span> <span class='ocrx_word' id='word_1_97' title='bbox 803 1463 884 1525; x_wconf 87' lang='grc' dir='ltr'><strong>είς</strong></span> <span class='ocrx_word' id='word_1_98' title='bbox 925 1460 1126 1533; x_wconf 82' lang='grc' dir='ltr'>μέτρον</span> <span class='ocrx_word' id='word_1_99' title='bbox 1157 1459 1376 1532; x_wconf 81' lang='grc' dir='ltr'>ἡλικίας</span> <span class='ocrx_word' id='word_1_100' title='bbox 1420 1456 1516 1512; x_wconf 85' lang='grc' dir='ltr'><strong>τοῦ</strong></span> <span class='ocrx_word' id='word_1_101' title='bbox 1562 1456 1935 1529; x_wconf 81' lang='grc' dir='ltr'>πληρώματος</span> 
     </span>
    </p>
   </div>
   <div class='ocr_carea' id='block_1_17' title="bbox 308 1549 1933 1629">
    <p class='ocr_par' dir='ltr' id='par_1_17' title="bbox 308 1549 1933 1629">
     <span class='ocr_line' id='line_1_17' title="bbox 308 1549 1933 1629; baseline -0.007 -18"><span class='ocrx_word' id='word_1_102' title='bbox 308 1556 408 1611; x_wconf 90' lang='grc' dir='ltr'><strong>τοῦ</strong></span> <span class='ocrx_word' id='word_1_103' title='bbox 449 1554 721 1629; x_wconf 83' lang='grc' dir='ltr'>Χριστοῦ.</span> <span class='ocrx_word' id='word_1_104' title='bbox 756 1574 775 1607; x_wconf 78' lang='grc'>›</span> <span class='ocrx_word' id='word_1_105' title='bbox 807 1553 1074 1609; x_wconf 82' lang='grc' dir='ltr'>Ἐπονται</span> <span class='ocrx_word' id='word_1_106' title='bbox 1121 1554 1179 1608; x_wconf 84' lang='grc' dir='ltr'>δὲ</span> <span class='ocrx_word' id='word_1_107' title='bbox 1226 1551 1319 1608; x_wconf 84' lang='grc' dir='ltr'>διὰ</span> <span class='ocrx_word' id='word_1_108' title='bbox 1351 1552 1511 1607; x_wconf 88' lang='grc' dir='ltr'>ποίαν</span> <span class='ocrx_word' id='word_1_109' title='bbox 1562 1549 1774 1615; x_wconf 80' lang='grc' dir='ltr'>αίτίανς</span> <span class='ocrx_word' id='word_1_110' title='bbox 1824 1550 1933 1601; x_wconf 91' lang='grc' dir='ltr'>Πε-</span> 
     </span>
    </p>
   </div>
   <div class='ocr_carea' id='block_1_18' title="bbox 314 1643 1933 1721">
    <p class='ocr_par' dir='ltr' id='par_1_18' title="bbox 314 1643 1933 1721">
     <span class='ocr_line' id='line_1_18' title="bbox 314 1643 1933 1721; baseline -0.005 -18"><span class='ocrx_word' id='word_1_111' title='bbox 314 1648 779 1721; x_wconf 81' lang='grc' dir='ltr'>πληροφόρηνται</span> <span class='ocrx_word' id='word_1_112' title='bbox 825 1646 957 1719; x_wconf 77' lang='grc' dir='ltr'>γάρ,</span> <span class='ocrx_word' id='word_1_113' title='bbox 1002 1648 1087 1702; x_wconf 86' lang='grc' dir='ltr'>ὃτι</span> <span class='ocrx_word' id='word_1_114' title='bbox 1139 1649 1168 1702; x_wconf 98' lang='lat'><strong>6</strong></span> <span class='ocrx_word' id='word_1_115' title='bbox 1205 1646 1337 1710; x_wconf 79' lang='grc' dir='ltr'>Θεὸς</span> <span class='ocrx_word' id='word_1_116' title='bbox 1395 1645 1514 1716; x_wconf 82' lang='grc' dir='ltr'>μετ’</span> <span class='ocrx_word' id='word_1_117' title='bbox 1552 1643 1735 1699; x_wconf 82' lang='grc' dir='ltr'>αὐτῶν</span> <span class='ocrx_word' id='word_1_118' title='bbox 1791 1643 1933 1705; x_wconf 88' lang='grc' dir='ltr'>ἐστι,</span> 
     </span>
    </p>
   </div>
   <div class='ocr_carea' id='block_1_19' title="bbox 310 1734 1934 1812">
    <p class='ocr_par' dir='ltr' id='par_1_19' title="bbox 310 1734 1934 1812">
     <span class='ocr_line' id='line_1_19' title="bbox 310 1734 1934 1812; baseline -0.005 -17"><span class='ocrx_word' id='word_1_119' title='bbox 310 1741 639 1806; x_wconf 74' lang='grc' dir='ltr'>τουτέστιν,</span> <span class='ocrx_word' id='word_1_120' title='bbox 690 1741 721 1793; x_wconf 89' lang='lat'><strong>6</strong></span> <span class='ocrx_word' id='word_1_121' title='bbox 778 1739 1176 1812; x_wconf 77' lang='grc' dir='ltr'>Ἐμμανουήλο</span> <span class='ocrx_word' id='word_1_122' title='bbox 1224 1736 1595 1810; x_wconf 77' lang='grc' dir='ltr'>ἑρμηνεύεται</span> <span class='ocrx_word' id='word_1_123' title='bbox 1628 1735 1774 1806; x_wconf 84' lang='grc' dir='ltr'>γὰρ,</span> <span class='ocrx_word' id='word_1_124' title='bbox 1817 1754 1834 1787; x_wconf 85' lang='grc' dir='ltr'><strong>ι</strong></span> <span class='ocrx_word' id='word_1_125' title='bbox 1874 1734 1934 1788; x_wconf 88' lang='grc' dir='ltr'>Ὀ</span> 
     </span>
    </p>
   </div>
   <div class='ocr_carea' id='block_1_20' title="bbox 2038 528 3751 607">
    <p class='ocr_par' dir='ltr' id='par_1_20' title="bbox 2038 528 3751 607">
     <span class='ocr_line' id='line_1_20' title="bbox 2038 528 3751 607; baseline 0.002 -18"><span class='ocrx_word' id='word_1_126' title='bbox 2038 533 2130 601; x_wconf 91' lang='lat' dir='ltr'><strong>do,</strong></span> <span class='ocrx_word' id='word_1_127' title='bbox 2165 536 2381 604; x_wconf 87' lang='lat' dir='ltr'><strong>opinor,</strong></span> <span class='ocrx_word' id='word_1_128' title='bbox 2413 541 2469 589; x_wconf 88' lang='lat' dir='ltr'><strong>et</strong></span> <span class='ocrx_word' id='word_1_129' title='bbox 2498 533 2589 603; x_wconf 89' lang='lat' dir='ltr'><strong>qui</strong></span> <span class='ocrx_word' id='word_1_130' title='bbox 2629 533 2793 589; x_wconf 86' lang='lat' dir='ltr'><strong>rebus</strong></span> <span class='ocrx_word' id='word_1_131' title='bbox 2826 532 3061 589; x_wconf 87' lang='lat' dir='ltr'><strong>conditis</strong></span> <span class='ocrx_word' id='word_1_132' title='bbox 3103 533 3414 591; x_wconf 82' lang='lat' dir='ltr'><strong>servierunt</strong></span> <span class='ocrx_word' id='word_1_133' title='bbox 3463 536 3645 607; x_wconf 78' lang='lat' dir='ltr'><strong>potius</strong></span> <span class='ocrx_word' id='word_1_134' title='bbox 3746 528 3751 535; x_wconf 75' lang='grc'><em>’</em></span> 
     </span>
    </p>
   </div>
   <div class='ocr_carea' id='block_1_21' title="bbox 2038 624 3650 696">
    <p class='ocr_par' dir='ltr' id='par_1_21' title="bbox 2038 624 3650 696">
     <span class='ocr_line' id='line_1_21' title="bbox 2038 624 3650 696; baseline 0.002 -16"><span class='ocrx_word' id='word_1_135' title='bbox 2038 641 2201 696; x_wconf 89' lang='lat' dir='ltr'><strong>quam</strong></span> <span class='ocrx_word' id='word_1_136' title='bbox 2237 626 2619 681; x_wconf 83' lang='lat' dir='ltr'><strong>universorum</strong></span> <span class='ocrx_word' id='word_1_137' title='bbox 2650 624 2957 693; x_wconf 90' lang='lat' dir='ltr'><strong>Conditori,</strong></span> <span class='ocrx_word' id='word_1_138' title='bbox 3002 640 3102 696; x_wconf 91' lang='lat' dir='ltr'><strong>pro</strong></span> <span class='ocrx_word' id='word_1_139' title='bbox 3154 630 3429 696; x_wconf 84' lang='lat' dir='ltr'><strong>germanis</strong></span> <span class='ocrx_word' id='word_1_140' title='bbox 3486 630 3650 696; x_wconf 82' lang='lat' dir='ltr'><strong>patri-</strong></span> 
     </span>
    </p>
   </div>
   <div class='ocr_carea' id='block_1_22' title="bbox 2037 715 3647 789">
    <p class='ocr_par' dir='ltr' id='par_1_22' title="bbox 2037 715 3647 789">
     <span class='ocr_line' id='line_1_22' title="bbox 2037 715 3647 789; baseline 0.002 -18"><span class='ocrx_word' id='word_1_141' title='bbox 2037 715 2138 772; x_wconf 89' lang='lat' dir='ltr'><strong>bus</strong></span> <span class='ocrx_word' id='word_1_142' title='bbox 2169 726 2491 787; x_wconf 76' lang='lat' dir='ltr'><strong>coeptantes</strong></span> <span class='ocrx_word' id='word_1_143' title='bbox 2535 717 2976 789; x_wconf 87' lang='lat' dir='ltr'><strong>evangelicorum</strong></span> <span class='ocrx_word' id='word_1_144' title='bbox 3016 720 3327 788; x_wconf 84' lang='lat' dir='ltr'><strong>dogmatum</strong></span> <span class='ocrx_word' id='word_1_145' title='bbox 3385 720 3647 789; x_wconf 80' lang='lat' dir='ltr'><strong>explana-</strong></span> 
     </span>
    </p>
   </div>
   <div class='ocr_carea' id='block_1_23' title="bbox 2039 810 3648 883">
    <p class='ocr_par' dir='ltr' id='par_1_23' title="bbox 2039 810 3648 883">
     <span class='ocr_line' id='line_1_23' title="bbox 2039 810 3648 883; baseline 0.001 -19"><span class='ocrx_word' id='word_1_146' title='bbox 2039 817 2206 875; x_wconf 90' lang='lat' dir='ltr'><strong>tores,</strong></span> <span class='ocrx_word' id='word_1_147' title='bbox 2236 819 2287 865; x_wconf 91' lang='lat' dir='ltr'><strong>et</strong></span> <span class='ocrx_word' id='word_1_148' title='bbox 2341 825 2438 880; x_wconf 89' lang='lat' dir='ltr'><strong>per</strong></span> <span class='ocrx_word' id='word_1_149' title='bbox 2463 811 2810 866; x_wconf 79' lang='lat' dir='ltr'><strong>concordiam</strong></span> <span class='ocrx_word' id='word_1_150' title='bbox 2851 810 2958 865; x_wconf 89' lang='lat' dir='ltr'><strong>illis</strong></span> <span class='ocrx_word' id='word_1_151' title='bbox 3029 810 3293 883; x_wconf 77' lang='lat' dir='ltr'><strong>colligati,</strong></span> <span class='ocrx_word' id='word_1_152' title='bbox 3340 822 3648 881; x_wconf 84' lang='lat' dir='ltr'><strong>sequuntur</strong></span> 
     </span>
    </p>
   </div>
   <div class='ocr_carea' id='block_1_24' title="bbox 2037 900 3644 974">
    <p class='ocr_par' dir='ltr' id='par_1_24' title="bbox 2037 900 3644 974">
     <span class='ocr_line' id='line_1_24' title="bbox 2037 900 3644 974; baseline 0 -18"><span class='ocrx_word' id='word_1_153' title='bbox 2037 916 2152 966; x_wconf 90' lang='lat' dir='ltr'><strong>eos,</strong></span> <span class='ocrx_word' id='word_1_154' title='bbox 2182 900 2422 956; x_wconf 81' lang='lat' dir='ltr'><strong>infantes</strong></span> <span class='ocrx_word' id='word_1_155' title='bbox 2448 902 2879 974; x_wconf 86' lang='lat' dir='ltr'><strong>adhucjudiciis,</strong></span> <span class='ocrx_word' id='word_1_156' title='bbox 2909 916 2965 961; x_wconf 89' lang='lat' dir='ltr'><strong>et</strong></span> <span class='ocrx_word' id='word_1_157' title='bbox 2991 902 3156 958; x_wconf 88' lang='lat' dir='ltr'><strong>simili</strong></span> <span class='ocrx_word' id='word_1_158' title='bbox 3218 903 3305 959; x_wconf 90' lang='lat' dir='ltr'><strong>via</strong></span> <span class='ocrx_word' id='word_1_159' title='bbox 3359 902 3644 966; x_wconf 89' lang='lat' dir='ltr'><strong>incedunt,</strong></span> 
     </span>
    </p>
   </div>
   <div class='ocr_carea' id='block_1_25' title="bbox 2037 992 3646 1066">
    <p class='ocr_par' dir='ltr' id='par_1_25' title="bbox 2037 992 3646 1066">
     <span class='ocr_line' id='line_1_25' title="bbox 2037 992 3646 1066; baseline 0 -18"><span class='ocrx_word' id='word_1_160' title='bbox 2037 1008 2225 1048; x_wconf 90' lang='lat' dir='ltr'><strong>eorum</strong></span> <span class='ocrx_word' id='word_1_161' title='bbox 2254 994 2378 1049; x_wconf 73' lang='lat' dir='ltr'><strong>vita:</strong></span> <span class='ocrx_word' id='word_1_162' title='bbox 2403 992 2708 1049; x_wconf 88' lang='lat' dir='ltr'><strong>imitatores</strong></span> <span class='ocrx_word' id='word_1_163' title='bbox 2762 994 3088 1062; x_wconf 87' lang='lat' dir='ltr'><strong>manifesti,</strong></span> <span class='ocrx_word' id='word_1_164' title='bbox 3140 1004 3197 1050; x_wconf 91' lang='lat' dir='ltr'><strong>et</strong></span> <span class='ocrx_word' id='word_1_165' title='bbox 3256 995 3532 1066; x_wconf 82' lang='lat' dir='ltr'><strong>perpetuis</strong></span> <span class='ocrx_word' id='word_1_166' title='bbox 3577 993 3646 1049; x_wconf 85' lang='lat' dir='ltr'><strong>ad</strong></span> 
     </span>
    </p>
   </div>
   <div class='ocr_carea' id='block_1_26' title="bbox 2038 1083 3645 1158">
    <p class='ocr_par' dir='ltr' id='par_1_26' title="bbox 2038 1083 3645 1158">
     <span class='ocr_line' id='line_1_26' title="bbox 2038 1083 3645 1158; baseline 0.002 -20"><span class='ocrx_word' id='word_1_167' title='bbox 2038 1083 2264 1140; x_wconf 85' lang='lat' dir='ltr'><strong>meliora</strong></span> <span class='ocrx_word' id='word_1_168' title='bbox 2314 1085 2670 1142; x_wconf 85' lang='lat' dir='ltr'><strong>incrementis</strong></span> <span class='ocrx_word' id='word_1_169' title='bbox 2711 1104 2730 1140; x_wconf 81' lang='grc' dir='ltr'><strong>ι</strong></span> <span class='ocrx_word' id='word_1_170' title='bbox 2790 1087 2845 1142; x_wconf 83' lang='grc' dir='ltr'>ῑη</span> <span class='ocrx_word' id='word_1_171' title='bbox 2898 1087 3077 1142; x_wconf 77' lang='lat' dir='ltr'><strong>virum</strong></span> <span class='ocrx_word' id='word_1_172' title='bbox 3127 1089 3449 1158; x_wconf 82' lang='lat' dir='ltr'><strong>perfectum,</strong></span> <span class='ocrx_word' id='word_1_173' title='bbox 3498 1096 3552 1142; x_wconf 88' lang='lat' dir='ltr'><strong>et</strong></span> <span class='ocrx_word' id='word_1_174' title='bbox 3588 1087 3645 1142; x_wconf 89' lang='lat' dir='ltr'><strong>in</strong></span> 
     </span>
    </p>
   </div>
   <div class='ocr_carea' id='block_1_27' title="bbox 2038 1179 3643 1249">
    <p class='ocr_par' dir='ltr' id='par_1_27' title="bbox 2038 1179 3643 1249">
     <span class='ocr_line' id='line_1_27' title="bbox 2038 1179 3643 1249; baseline 0.002 -18"><span class='ocrx_word' id='word_1_175' title='bbox 2038 1192 2349 1233; x_wconf 83' lang='lat' dir='ltr'><strong>mensuram</strong></span> <span class='ocrx_word' id='word_1_176' title='bbox 2377 1180 2555 1234; x_wconf 85' lang='lat' dir='ltr'><strong>aetatis</strong></span> <span class='ocrx_word' id='word_1_177' title='bbox 2578 1179 2936 1249; x_wconf 89' lang='lat' dir='ltr'><strong>plenitudinis</strong></span> <span class='ocrx_word' id='word_1_178' title='bbox 2956 1179 3156 1235; x_wconf 86' lang='lat' dir='ltr'><strong>Christi</strong></span> <span class='ocrx_word' id='word_1_179' title='bbox 3178 1180 3224 1213; x_wconf 80' lang='lat'>&quot;</span> <span class='ocrx_word' id='word_1_180' title='bbox 3258 1199 3279 1232; x_wconf 64' lang='grc' dir='ltr'><strong>ι</strong></span> <span class='ocrx_word' id='word_1_181' title='bbox 3315 1180 3643 1237; x_wconf 86' lang='lat' dir='ltr'><strong>evadentes.</strong></span> 
     </span>
    </p>
   </div>
   <div class='ocr_carea' id='block_1_28' title="bbox 2037 1260 3648 1344">
    <p class='ocr_par' dir='ltr' id='par_1_28' title="bbox 2037 1260 3648 1344">
     <span class='ocr_line' id='line_1_28' title="bbox 2037 1260 3648 1344; baseline 0.001 -19"><span class='ocrx_word' id='word_1_182' title='bbox 2037 1260 2402 1339; x_wconf 78' lang='lat' dir='ltr'><strong>Quamobrem</strong></span> <span class='ocrx_word' id='word_1_183' title='bbox 2439 1282 2622 1329; x_wconf 90' lang='lat' dir='ltr'><strong>autem</strong></span> <span class='ocrx_word' id='word_1_184' title='bbox 2652 1274 3002 1344; x_wconf 84' lang='lat' dir='ltr'><strong>sequuntur?</strong></span> <span class='ocrx_word' id='word_1_185' title='bbox 3041 1272 3203 1329; x_wconf 87' lang='lat' dir='ltr'><strong>Certo</strong></span> <span class='ocrx_word' id='word_1_186' title='bbox 3227 1273 3374 1330; x_wconf 88' lang='lat' dir='ltr'><strong>enim</strong></span> <span class='ocrx_word' id='word_1_187' title='bbox 3410 1274 3648 1329; x_wconf 86' lang='lat' dir='ltr'><strong>credunt</strong></span> 
     </span>
    </p>
   </div>
   <div class='ocr_carea' id='block_1_29' title="bbox 2038 1364 3648 1430">
    <p class='ocr_par' dir='ltr' id='par_1_29' title="bbox 2038 1364 3648 1430">
     <span class='ocr_line' id='line_1_29' title="bbox 2038 1364 3648 1430; baseline 0.001 -11"><span class='ocrx_word' id='word_1_188' title='bbox 2038 1364 2233 1430; x_wconf 92' lang='lat' dir='ltr'><strong>Deum,</strong></span> <span class='ocrx_word' id='word_1_189' title='bbox 2260 1365 2364 1421; x_wconf 85' lang='lat' dir='ltr'><strong>hoc</strong></span> <span class='ocrx_word' id='word_1_190' title='bbox 2397 1365 2910 1423; x_wconf 86' lang='lat' dir='ltr'><strong>estEmmanuelem</strong></span> <span class='ocrx_word' id='word_1_191' title='bbox 2935 1383 3058 1423; x_wconf 91' lang='lat' dir='ltr'><strong>cum</strong></span> <span class='ocrx_word' id='word_1_192' title='bbox 3088 1366 3194 1422; x_wconf 91' lang='lat' dir='ltr'><strong>illis</strong></span> <span class='ocrx_word' id='word_1_193' title='bbox 3211 1381 3333 1423; x_wconf 91' lang='lat' dir='ltr'><strong>esse</strong></span> <span class='ocrx_word' id='word_1_194' title='bbox 3364 1383 3377 1419; x_wconf 92' lang='lat'>:</span> <span class='ocrx_word' id='word_1_195' title='bbox 3402 1367 3648 1422; x_wconf 90' lang='lat' dir='ltr'><strong>redditur</strong></span> 
     </span>
    </p>
   </div>
   <div class='ocr_carea' id='block_1_30' title="bbox 2038 1456 3638 1530">
    <p class='ocr_par' dir='ltr' id='par_1_30' title="bbox 2038 1456 3638 1530">
     <span class='ocr_line' id='line_1_30' title="bbox 2038 1456 3638 1530; baseline 0 -17"><span class='ocrx_word' id='word_1_196' title='bbox 2038 1459 2182 1513; x_wconf 91' lang='lat' dir='ltr'><strong>enim</strong></span> <span class='ocrx_word' id='word_1_197' title='bbox 2241 1475 2260 1509; x_wconf 77' lang='grc' dir='ltr'><strong>ι</strong></span> <span class='ocrx_word' id='word_1_198' title='bbox 2288 1456 2583 1514; x_wconf 83' lang='lat' dir='ltr'><strong>Nobiscum</strong></span> <span class='ocrx_word' id='word_1_199' title='bbox 2617 1459 2782 1514; x_wconf 89' lang='lat' dir='ltr'><strong>Deus.</strong></span> <span class='ocrx_word' id='word_1_200' title='bbox 2827 1477 2847 1512; x_wconf 74' lang='grc' dir='ltr'><strong>ι</strong></span> <span class='ocrx_word' id='word_1_201' title='bbox 2876 1458 3232 1515; x_wconf 82' lang='lat' dir='ltr'><strong>Vocationem</strong></span> <span class='ocrx_word' id='word_1_202' title='bbox 3293 1473 3460 1530; x_wconf 90' lang='lat' dir='ltr'><strong>porro</strong></span> <span class='ocrx_word' id='word_1_203' title='bbox 3486 1458 3638 1513; x_wconf 87' lang='lat' dir='ltr'><strong>illam</strong></span> 
     </span>
    </p>
   </div>
   <div class='ocr_carea' id='block_1_31' title="bbox 2039 1550 3644 1620">
    <p class='ocr_par' dir='ltr' id='par_1_31' title="bbox 2039 1550 3644 1620">
     <span class='ocr_line' id='line_1_31' title="bbox 2039 1550 3644 1620; baseline 0.001 -15"><span class='ocrx_word' id='word_1_204' title='bbox 2039 1564 2147 1605; x_wconf 92' lang='lat' dir='ltr'><strong>non</strong></span> <span class='ocrx_word' id='word_1_205' title='bbox 2176 1558 2387 1605; x_wconf 86' lang='lat' dir='ltr'><strong>tantum</strong></span> <span class='ocrx_word' id='word_1_206' title='bbox 2415 1550 2651 1608; x_wconf 83' lang='lat' dir='ltr'><strong>ﬁliorum</strong></span> <span class='ocrx_word' id='word_1_207' title='bbox 2672 1550 2860 1616; x_wconf 83' lang='lat' dir='ltr'><strong>Israel,</strong></span> <span class='ocrx_word' id='word_1_208' title='bbox 2890 1550 2985 1606; x_wconf 87' lang='lat' dir='ltr'><strong>sed</strong></span> <span class='ocrx_word' id='word_1_209' title='bbox 3016 1552 3260 1607; x_wconf 89' lang='lat' dir='ltr'><strong>omnium</strong></span> <span class='ocrx_word' id='word_1_210' title='bbox 3310 1565 3410 1620; x_wconf 90' lang='lat' dir='ltr'><strong>per</strong></span> <span class='ocrx_word' id='word_1_211' title='bbox 3452 1552 3644 1607; x_wconf 90' lang='lat' dir='ltr'><strong>orbem</strong></span> 
     </span>
    </p>
   </div>
   <div class='ocr_carea' id='block_1_32' title="bbox 2039 1642 3646 1714">
    <p class='ocr_par' dir='ltr' id='par_1_32' title="bbox 2039 1642 3646 1714">
     <span class='ocr_line' id='line_1_32' title="bbox 2039 1642 3646 1714; baseline 0.001 -19"><span class='ocrx_word' id='word_1_212' title='bbox 2039 1642 2280 1714; x_wconf 88' lang='lat' dir='ltr'><strong>gentium</strong></span> <span class='ocrx_word' id='word_1_213' title='bbox 2318 1642 2459 1711; x_wconf 90' lang='lat' dir='ltr'><strong>fore,</strong></span> <span class='ocrx_word' id='word_1_214' title='bbox 2495 1644 2653 1700; x_wconf 88' lang='lat' dir='ltr'><strong>docet</strong></span> <span class='ocrx_word' id='word_1_215' title='bbox 2689 1658 2810 1699; x_wconf 88' lang='lat' dir='ltr'><strong>cum</strong></span> <span class='ocrx_word' id='word_1_216' title='bbox 2849 1645 2947 1712; x_wconf 86' lang='lat' dir='ltr'><strong>ait,</strong></span> <span class='ocrx_word' id='word_1_217' title='bbox 2969 1659 3036 1699; x_wconf 77' lang='lat' dir='ltr'><strong>ex</strong></span> <span class='ocrx_word' id='word_1_218' title='bbox 3076 1644 3333 1700; x_wconf 91' lang='lat' dir='ltr'><strong>omnibus</strong></span> <span class='ocrx_word' id='word_1_219' title='bbox 3395 1643 3510 1698; x_wconf 92' lang='lat' dir='ltr'><strong>fore</strong></span> <span class='ocrx_word' id='word_1_220' title='bbox 3540 1642 3646 1697; x_wconf 86' lang='lat' dir='ltr'><strong>lin-</strong></span> 
     </span>
    </p>
   </div>
   <div class='ocr_carea' id='block_1_33' title="bbox 2041 1732 3650 1806">
    <p class='ocr_par' dir='ltr' id='par_1_33' title="bbox 2041 1732 3650 1806">
     <span class='ocr_line' id='line_1_33' title="bbox 2041 1732 3650 1806; baseline 0.001 -17"><span class='ocrx_word' id='word_1_221' title='bbox 2041 1734 2162 1805; x_wconf 84' lang='lat' dir='ltr'><strong>guis</strong></span> <span class='ocrx_word' id='word_1_222' title='bbox 2191 1735 2283 1804; x_wconf 85' lang='lat' dir='ltr'><strong>qui</strong></span> <span class='ocrx_word' id='word_1_223' title='bbox 2320 1732 2746 1806; x_wconf 85' lang='lat' dir='ltr'><strong>apprehendent</strong></span> <span class='ocrx_word' id='word_1_224' title='bbox 2772 1736 3064 1792; x_wconf 82' lang='lat' dir='ltr'><strong>ﬁmbriam.</strong></span> <span class='ocrx_word' id='word_1_225' title='bbox 3097 1736 3324 1804; x_wconf 87' lang='lat' dir='ltr'><strong>Quando</strong></span> <span class='ocrx_word' id='word_1_226' title='bbox 3345 1746 3526 1791; x_wconf 88' lang='lat' dir='ltr'><strong>autem</strong></span> <span class='ocrx_word' id='word_1_227' title='bbox 3554 1750 3650 1790; x_wconf 84' lang='lat' dir='ltr'><strong>vo-</strong></span> 
     </span>
    </p>
   </div>
   <div class='ocr_carea' id='block_1_34' title="bbox 311 1826 1962 1905">
    <p class='ocr_par' dir='ltr' id='par_1_34' title="bbox 311 1826 1939 1905">
     <span class='ocr_line' id='line_1_34' title="bbox 311 1826 1939 1905; baseline -0.004 -18"><span class='ocrx_word' id='word_1_228' title='bbox 311 1834 448 1898; x_wconf 80' lang='grc' dir='ltr'>Θεὸς</span> <span class='ocrx_word' id='word_1_229' title='bbox 499 1833 623 1905; x_wconf 83' lang='grc' dir='ltr'>μεθ’</span> <span class='ocrx_word' id='word_1_230' title='bbox 652 1832 832 1905; x_wconf 83' lang='grc' dir='ltr'>ἡμῶν.</span> <span class='ocrx_word' id='word_1_231' title='bbox 872 1852 891 1886; x_wconf 72' lang='grc' dir='ltr'><strong>ι</strong></span> <span class='ocrx_word' id='word_1_232' title='bbox 920 1834 1045 1886; x_wconf 81' lang='grc' dir='ltr'>Ὅτι</span> <span class='ocrx_word' id='word_1_233' title='bbox 1089 1831 1146 1885; x_wconf 81' lang='grc' dir='ltr'>δὲ</span> <span class='ocrx_word' id='word_1_234' title='bbox 1192 1832 1253 1885; x_wconf 82' lang='grc' dir='ltr'>οὐ</span> <span class='ocrx_word' id='word_1_235' title='bbox 1317 1831 1497 1903; x_wconf 87' lang='grc' dir='ltr'>μόνων</span> <span class='ocrx_word' id='word_1_236' title='bbox 1535 1828 1686 1882; x_wconf 76' lang='grc' dir='ltr'>ἔσται</span> <span class='ocrx_word' id='word_1_237' title='bbox 1720 1828 1828 1881; x_wconf 89' lang='grc' dir='ltr'><strong>τῶν</strong></span> <span class='ocrx_word' id='word_1_238' title='bbox 1878 1826 1939 1893; x_wconf 80' lang='grc' dir='ltr'>ἐξ</span> 
     </span>
    </p>
   </div>
   <div class='ocr_carea' id='block_1_35' title="bbox 2045 1826 3648 1905">
    <p class='ocr_par' dir='ltr' id='par_1_35' title="bbox 2045 1828 3648 1900">
     <span class='ocr_line' id='line_1_35' title="bbox 2045 1828 3648 1900; baseline 0.002 -20"><span class='ocrx_word' id='word_1_239' title='bbox 2045 1835 2176 1880; x_wconf 84' lang='lat' dir='ltr'><strong>catae</strong></span> <span class='ocrx_word' id='word_1_240' title='bbox 2224 1836 2353 1881; x_wconf 90' lang='lat' dir='ltr'><strong>sunt</strong></span> <span class='ocrx_word' id='word_1_241' title='bbox 2374 1836 2565 1895; x_wconf 81' lang='lat' dir='ltr'><strong>gentes</strong></span> <span class='ocrx_word' id='word_1_242' title='bbox 2599 1829 2666 1884; x_wconf 92' lang='lat' dir='ltr'><strong>ad</strong></span> <span class='ocrx_word' id='word_1_243' title='bbox 2690 1830 3022 1900; x_wconf 83' lang='lat' dir='ltr'><strong>agnitionem</strong></span> <span class='ocrx_word' id='word_1_244' title='bbox 3044 1828 3314 1894; x_wconf 79' lang='lat' dir='ltr'><strong>veritatis,</strong></span> <span class='ocrx_word' id='word_1_245' title='bbox 3345 1837 3398 1884; x_wconf 91' lang='lat' dir='ltr'><strong>et</strong></span> <span class='ocrx_word' id='word_1_246' title='bbox 3428 1828 3648 1898; x_wconf 87' lang='lat' dir='ltr'><strong>quando</strong></span> 
     </span>
    </p>
   </div>
   <div class='ocr_carea' id='block_1_36' title="bbox 314 1919 1937 1998">
    <p class='ocr_par' dir='ltr' id='par_1_36' title="bbox 314 1919 1937 1998">
     <span class='ocr_line' id='line_1_36' title="bbox 314 1919 1937 1998; baseline -0.006 -17"><span class='ocrx_word' id='word_1_247' title='bbox 314 1928 550 1998; x_wconf 79' lang='grc' dir='ltr'>αἵματος</span> <span class='ocrx_word' id='word_1_248' title='bbox 580 1925 806 1998; x_wconf 76' lang='grc' dir='ltr'>Ἰσραὴλ</span> <span class='ocrx_word' id='word_1_249' title='bbox 853 1926 888 1996; x_wconf 80' lang='grc' dir='ltr'><strong>ἡ</strong></span> <span class='ocrx_word' id='word_1_250' title='bbox 938 1924 999 1978; x_wconf 85' lang='grc' dir='ltr'>τὸ</span> <span class='ocrx_word' id='word_1_251' title='bbox 1034 1923 1293 1997; x_wconf 81' lang='grc' dir='ltr'>τηνικάδε</span> <span class='ocrx_word' id='word_1_252' title='bbox 1333 1922 1550 1994; x_wconf 80' lang='grc' dir='ltr'>κλῆσις,</span> <span class='ocrx_word' id='word_1_253' title='bbox 1582 1920 1839 1975; x_wconf 87' lang='grc' dir='ltr'>ἁπάντων</span> <span class='ocrx_word' id='word_1_254' title='bbox 1880 1919 1937 1972; x_wconf 89' lang='grc' dir='ltr'><strong>δέ</strong></span> 
     </span>
    </p>
   </div>
   <div class='ocr_carea' id='block_1_37' title="bbox 318 2013 1940 2092">
    <p class='ocr_par' dir='ltr' id='par_1_37' title="bbox 318 2013 1940 2092">
     <span class='ocr_line' id='line_1_37' title="bbox 318 2013 1940 2092; baseline -0.006 -17"><span class='ocrx_word' id='word_1_255' title='bbox 318 2020 527 2092; x_wconf 80' lang='grc' dir='ltr'>μᾶλλον</span> <span class='ocrx_word' id='word_1_256' title='bbox 572 2018 685 2073; x_wconf 88' lang='grc' dir='ltr'><strong>τῶν</strong></span> <span class='ocrx_word' id='word_1_257' title='bbox 739 2018 846 2073; x_wconf 84' lang='grc' dir='ltr'><strong>άνά</strong></span> <span class='ocrx_word' id='word_1_258' title='bbox 877 2019 1060 2073; x_wconf 79' lang='grc' dir='ltr'>πᾶσαν</span> <span class='ocrx_word' id='word_1_259' title='bbox 1094 2017 1195 2090; x_wconf 79' lang='grc' dir='ltr'>τὴν</span> <span class='ocrx_word' id='word_1_260' title='bbox 1226 2016 1560 2087; x_wconf 79' lang='grc' dir='ltr'>οἰκουμένην</span> <span class='ocrx_word' id='word_1_261' title='bbox 1594 2014 1785 2079; x_wconf 80' lang='grc' dir='ltr'>ἐθνῶν,</span> <span class='ocrx_word' id='word_1_262' title='bbox 1821 2013 1940 2067; x_wconf 89' lang='grc' dir='ltr'>δια-</span> 
     </span>
    </p>
   </div>
   <div class='ocr_carea' id='block_1_38' title="bbox 320 2102 1938 2184">
    <p class='ocr_par' dir='ltr' id='par_1_38' title="bbox 320 2102 1938 2184">
     <span class='ocr_line' id='line_1_38' title="bbox 320 2102 1938 2184; baseline -0.005 -20"><span class='ocrx_word' id='word_1_263' title='bbox 320 2111 649 2184; x_wconf 82' lang='grc' dir='ltr'>μεμήνυκεν</span> <span class='ocrx_word' id='word_1_264' title='bbox 695 2108 888 2174; x_wconf 79' lang='grc' dir='ltr'>εἰπὼν,</span> <span class='ocrx_word' id='word_1_265' title='bbox 923 2108 1000 2173; x_wconf 81' lang='grc' dir='ltr'>ὡς</span> <span class='ocrx_word' id='word_1_266' title='bbox 1028 2108 1094 2162; x_wconf 82' lang='grc' dir='ltr'><strong>ἐκ</strong></span> <span class='ocrx_word' id='word_1_267' title='bbox 1129 2107 1319 2162; x_wconf 84' lang='grc' dir='ltr'>πασῶν</span> <span class='ocrx_word' id='word_1_268' title='bbox 1362 2106 1579 2160; x_wconf 71' lang='grc' dir='ltr'>ἔσονται</span> <span class='ocrx_word' id='word_1_269' title='bbox 1612 2104 1723 2158; x_wconf 89' lang='grc' dir='ltr'><strong>τῶν</strong></span> <span class='ocrx_word' id='word_1_270' title='bbox 1759 2102 1938 2173; x_wconf 77' lang='grc' dir='ltr'>γλωσ‹</span> 
     </span>
    </p>
   </div>
   <div class='ocr_carea' id='block_1_39' title="bbox 318 2192 1939 2272">
    <p class='ocr_par' dir='ltr' id='par_1_39' title="bbox 318 2192 1939 2272">
     <span class='ocr_line' id='line_1_39' title="bbox 318 2192 1939 2272; baseline -0.004 -19"><span class='ocrx_word' id='word_1_271' title='bbox 318 2199 432 2255; x_wconf 90' lang='grc' dir='ltr'><strong>σῶν</strong></span> <span class='ocrx_word' id='word_1_272' title='bbox 466 2200 519 2253; x_wconf 78' lang='grc' dir='ltr'>οἱ</span> <span class='ocrx_word' id='word_1_273' title='bbox 551 2197 1014 2272; x_wconf 73' lang='grc' dir='ltr'>ἐπιδραττόμενοι</span> <span class='ocrx_word' id='word_1_274' title='bbox 1048 2197 1141 2252; x_wconf 86' lang='grc' dir='ltr'><strong>τοῦ</strong></span> <span class='ocrx_word' id='word_1_275' title='bbox 1180 2197 1518 2270; x_wconf 83' lang='grc' dir='ltr'>κρασπέδου.</span> <span class='ocrx_word' id='word_1_276' title='bbox 1556 2195 1698 2249; x_wconf 85' lang='grc' dir='ltr'>Πότε</span> <span class='ocrx_word' id='word_1_277' title='bbox 1737 2194 1794 2247; x_wconf 82' lang='grc' dir='ltr'>δὲ</span> <span class='ocrx_word' id='word_1_278' title='bbox 1843 2192 1939 2247; x_wconf 88' lang='grc' dir='ltr'>κέ-</span> 
     </span>
    </p>
   </div>
   <div class='ocr_carea' id='block_1_40' title="bbox 316 2286 1935 2365">
    <p class='ocr_par' dir='ltr' id='par_1_40' title="bbox 316 2286 1935 2365">
     <span class='ocr_line' id='line_1_40' title="bbox 316 2286 1935 2365; baseline -0.004 -20"><span class='ocrx_word' id='word_1_279' title='bbox 316 2294 551 2365; x_wconf 88' lang='grc' dir='ltr'>κληνται</span> <span class='ocrx_word' id='word_1_280' title='bbox 581 2292 653 2346; x_wconf 76' lang='grc' dir='ltr'>τὰ</span> <span class='ocrx_word' id='word_1_281' title='bbox 682 2291 813 2363; x_wconf 74' lang='grc' dir='ltr'>ἔθνη</span> <span class='ocrx_word' id='word_1_282' title='bbox 846 2291 987 2364; x_wconf 69' lang='grc' dir='ltr'>πρὸς</span> <span class='ocrx_word' id='word_1_283' title='bbox 1028 2291 1327 2360; x_wconf 73' lang='grc' dir='ltr'>ἐπίγνωσιν</span> <span class='ocrx_word' id='word_1_284' title='bbox 1358 2288 1642 2362; x_wconf 88' lang='grc' dir='ltr'>ἀληθείας,</span> <span class='ocrx_word' id='word_1_285' title='bbox 1669 2287 1764 2342; x_wconf 78' lang='grc' dir='ltr'>καὶ</span> <span class='ocrx_word' id='word_1_286' title='bbox 1804 2286 1935 2340; x_wconf 88' lang='grc' dir='ltr'>πότε</span> 
     </span>
    </p>
   </div>
   <div class='ocr_carea' id='block_1_41' title="bbox 319 2377 1937 2457">
    <p class='ocr_par' dir='ltr' id='par_1_41' title="bbox 319 2377 1937 2457">
     <span class='ocr_line' id='line_1_41' title="bbox 319 2377 1937 2457; baseline -0.004 -17"><span class='ocrx_word' id='word_1_287' title='bbox 319 2384 689 2457; x_wconf 79' lang='grc' dir='ltr'>βεδούληνται</span> <span class='ocrx_word' id='word_1_288' title='bbox 717 2382 1025 2456; x_wconf 79' lang='grc' dir='ltr'>ἐκζητῆσαι</span> <span class='ocrx_word' id='word_1_289' title='bbox 1064 2382 1126 2437; x_wconf 85' lang='grc' dir='ltr'><strong>τὺ</strong></span> <span class='ocrx_word' id='word_1_290' title='bbox 1166 2382 1461 2455; x_wconf 88' lang='grc' dir='ltr'>πρόσωπον</span> <span class='ocrx_word' id='word_1_291' title='bbox 1492 2379 1725 2451; x_wconf 84' lang='grc' dir='ltr'>Κυρίου,</span> <span class='ocrx_word' id='word_1_292' title='bbox 1759 2377 1937 2446; x_wconf 76' lang='grc' dir='ltr'>ἐξιλά-</span> 
     </span>
    </p>
   </div>
   <div class='ocr_carea' id='block_1_42' title="bbox 322 2472 1938 2547">
    <p class='ocr_par' dir='ltr' id='par_1_42' title="bbox 322 2472 1938 2547">
     <span class='ocr_line' id='line_1_42' title="bbox 322 2472 1938 2547; baseline -0.004 -14"><span class='ocrx_word' id='word_1_293' title='bbox 322 2478 525 2534; x_wconf 84' lang='grc' dir='ltr'>σασθαι</span> <span class='ocrx_word' id='word_1_294' title='bbox 555 2496 619 2533; x_wconf 90' lang='grc' dir='ltr'><strong>τε</strong></span> <span class='ocrx_word' id='word_1_295' title='bbox 650 2477 837 2546; x_wconf 79' lang='grc' dir='ltr'>αὐτὸν,</span> <span class='ocrx_word' id='word_1_296' title='bbox 870 2478 967 2533; x_wconf 78' lang='grc' dir='ltr'>καὶ</span> <span class='ocrx_word' id='word_1_297' title='bbox 1005 2480 1117 2543; x_wconf 87' lang='grc' dir='ltr'>τοῖς</span> <span class='ocrx_word' id='word_1_298' title='bbox 1153 2477 1333 2547; x_wconf 82' lang='grc' dir='ltr'>ἁγίοις</span> <span class='ocrx_word' id='word_1_299' title='bbox 1362 2474 1686 2538; x_wconf 83' lang='grc' dir='ltr'>ἀποστόλοις</span> <span class='ocrx_word' id='word_1_300' title='bbox 1711 2472 1811 2546; x_wconf 81' lang='grc' dir='ltr'>τὴν</span> <span class='ocrx_word' id='word_1_301' title='bbox 1839 2472 1938 2526; x_wconf 83' lang='grc' dir='ltr'><strong>αὐ-</strong></span> 
     </span>
    </p>
   </div>
   <div class='ocr_carea' id='block_1_43' title="bbox 320 2567 1940 2647">
    <p class='ocr_par' dir='ltr' id='par_1_43' title="bbox 320 2567 1940 2647">
     <span class='ocr_line' id='line_1_43' title="bbox 320 2567 1940 2647; baseline -0.004 -18"><span class='ocrx_word' id='word_1_302' title='bbox 320 2575 422 2647; x_wconf 69' lang='grc' dir='ltr'>τὴν</span> <span class='ocrx_word' id='word_1_303' title='bbox 465 2574 663 2646; x_wconf 87' lang='grc' dir='ltr'>ῶσπερ</span> <span class='ocrx_word' id='word_1_304' title='bbox 711 2573 1046 2645; x_wconf 83' lang='grc' dir='ltr'>διαστείχειν</span> <span class='ocrx_word' id='word_1_305' title='bbox 1090 2572 1231 2640; x_wconf 81' lang='grc' dir='ltr'>ὁδὸν,</span> <span class='ocrx_word' id='word_1_306' title='bbox 1259 2572 1309 2625; x_wconf 85' lang='grc' dir='ltr'><strong>εί</strong></span> <span class='ocrx_word' id='word_1_307' title='bbox 1343 2570 1418 2645; x_wconf 83' lang='grc' dir='ltr'>μὴ</span> <span class='ocrx_word' id='word_1_308' title='bbox 1447 2573 1535 2625; x_wconf 83' lang='grc' dir='ltr'>ὅτε</span> <span class='ocrx_word' id='word_1_309' title='bbox 1563 2570 1758 2641; x_wconf 87' lang='grc' dir='ltr'>γέγονε</span> <span class='ocrx_word' id='word_1_310' title='bbox 1805 2567 1940 2624; x_wconf 85' lang='grc' dir='ltr'>καθ’</span> 
     </span>
    </p>
   </div>
   <div class='ocr_carea' id='block_1_44' title="bbox 2039 1917 3649 1991">
    <p class='ocr_par' dir='ltr' id='par_1_44' title="bbox 2039 1917 3649 1991">
     <span class='ocr_line' id='line_1_44' title="bbox 2039 1917 3649 1991; baseline 0.001 -20"><span class='ocrx_word' id='word_1_311' title='bbox 2039 1917 2639 1989; x_wconf 75' lang='lat' dir='ltr'><strong>volueruntexquirere</strong></span> <span class='ocrx_word' id='word_1_312' title='bbox 2670 1920 2865 1976; x_wconf 78' lang='lat' dir='ltr'><strong>faciem</strong></span> <span class='ocrx_word' id='word_1_313' title='bbox 2899 1921 3134 1987; x_wconf 88' lang='lat' dir='ltr'><strong>Domini,</strong></span> <span class='ocrx_word' id='word_1_314' title='bbox 3188 1929 3243 1975; x_wconf 91' lang='lat' dir='ltr'><strong>et</strong></span> <span class='ocrx_word' id='word_1_315' title='bbox 3301 1934 3428 1975; x_wconf 84' lang='lat' dir='ltr'><strong>eum</strong></span> <span class='ocrx_word' id='word_1_316' title='bbox 3463 1920 3649 1991; x_wconf 81' lang='lat' dir='ltr'><strong>propi-</strong></span> 
     </span>
    </p>
   </div>
   <div class='ocr_carea' id='block_1_45' title="bbox 2039 2010 3648 2083">
    <p class='ocr_par' dir='ltr' id='par_1_45' title="bbox 2039 2010 3648 2083">
     <span class='ocr_line' id='line_1_45' title="bbox 2039 2010 3648 2083; baseline 0.001 -19"><span class='ocrx_word' id='word_1_317' title='bbox 2039 2010 2195 2077; x_wconf 87' lang='lat' dir='ltr'><strong>tiare,</strong></span> <span class='ocrx_word' id='word_1_318' title='bbox 2214 2020 2411 2066; x_wconf 88' lang='lat' dir='ltr'><strong>etcum</strong></span> <span class='ocrx_word' id='word_1_319' title='bbox 2441 2012 2646 2068; x_wconf 87' lang='lat' dir='ltr'><strong>sanctis</strong></span> <span class='ocrx_word' id='word_1_320' title='bbox 2677 2013 2937 2083; x_wconf 87' lang='lat' dir='ltr'><strong>apostolis</strong></span> <span class='ocrx_word' id='word_1_321' title='bbox 2961 2012 3119 2083; x_wconf 83' lang='lat' dir='ltr'><strong>quasi</strong></span> <span class='ocrx_word' id='word_1_322' title='bbox 3180 2012 3374 2067; x_wconf 85' lang='lat' dir='ltr'><strong>eadem</strong></span> <span class='ocrx_word' id='word_1_323' title='bbox 3404 2012 3491 2066; x_wconf 86' lang='lat' dir='ltr'><strong>via</strong></span> <span class='ocrx_word' id='word_1_324' title='bbox 3560 2012 3648 2065; x_wconf 89' lang='lat' dir='ltr'><strong>in-</strong></span> 
     </span>
    </p>
   </div>
   <div class='ocr_carea' id='block_1_46' title="bbox 2038 2103 3650 2177">
    <p class='ocr_par' dir='ltr' id='par_1_46' title="bbox 2038 2103 3650 2177">
     <span class='ocr_line' id='line_1_46' title="bbox 2038 2103 3650 2177; baseline 0.001 -20"><span class='ocrx_word' id='word_1_325' title='bbox 2038 2103 2400 2175; x_wconf 74' lang='lat' dir='ltr'><strong>gredi,729</strong></span> <span class='ocrx_word' id='word_1_326' title='bbox 2438 2104 2544 2161; x_wconf 83' lang='lat' dir='ltr'><strong>nisi</strong></span> <span class='ocrx_word' id='word_1_327' title='bbox 2600 2106 2818 2177; x_wconf 90' lang='lat' dir='ltr'><strong>quando</strong></span> <span class='ocrx_word' id='word_1_328' title='bbox 2875 2117 3126 2161; x_wconf 87' lang='lat' dir='ltr'><strong>nostram</strong></span> <span class='ocrx_word' id='word_1_329' title='bbox 3180 2114 3433 2160; x_wconf 87' lang='lat' dir='ltr'><strong>naturam</strong></span> <span class='ocrx_word' id='word_1_330' title='bbox 3474 2103 3650 2160; x_wconf 87' lang='lat' dir='ltr'><strong>induit</strong></span> 
     </span>
    </p>
   </div>
   <div class='ocr_carea' id='block_1_47' title="bbox 2040 2193 3649 2269">
    <p class='ocr_par' dir='ltr' id='par_1_47' title="bbox 2040 2193 3649 2269">
     <span class='ocr_line' id='line_1_47' title="bbox 2040 2193 3649 2269; baseline 0.001 -19"><span class='ocrx_word' id='word_1_331' title='bbox 2040 2193 2406 2265; x_wconf 81' lang='lat' dir='ltr'><strong>Unigcnitus?</strong></span> <span class='ocrx_word' id='word_1_332' title='bbox 2431 2196 2525 2266; x_wconf 89' lang='lat' dir='ltr'><strong>qui</strong></span> <span class='ocrx_word' id='word_1_333' title='bbox 2554 2205 2641 2254; x_wconf 87' lang='lat' dir='ltr'><strong>est</strong></span> <span class='ocrx_word' id='word_1_334' title='bbox 2677 2215 2695 2250; x_wconf 82' lang='grc' dir='ltr'><strong>ι</strong></span> <span class='ocrx_word' id='word_1_335' title='bbox 2729 2198 3073 2268; x_wconf 82' lang='lat' dir='ltr'><strong>exspectatio</strong></span> <span class='ocrx_word' id='word_1_336' title='bbox 3126 2198 3370 2269; x_wconf 91' lang='lat' dir='ltr'><strong>gentium</strong></span> <span class='ocrx_word' id='word_1_337' title='bbox 3387 2195 3469 2263; x_wconf 85' lang='grc'><strong>⁶⁷;</strong></span> <span class='ocrx_word' id='word_1_338' title='bbox 3505 2214 3525 2247; x_wconf 69' lang='grc' dir='ltr'><strong>ι</strong></span> <span class='ocrx_word' id='word_1_339' title='bbox 3557 2196 3649 2251; x_wconf 86' lang='lat' dir='ltr'><strong>cui</strong></span> 
     </span>
    </p>
   </div>
   <div class='ocr_carea' id='block_1_48' title="bbox 2041 2289 3651 2361">
    <p class='ocr_par' dir='ltr' id='par_1_48' title="bbox 2041 2289 3651 2361">
     <span class='ocr_line' id='line_1_48' title="bbox 2041 2289 3651 2361; baseline 0 -17"><span class='ocrx_word' id='word_1_340' title='bbox 2041 2299 2231 2344; x_wconf 86' lang='lat' dir='ltr'><strong>cantat</strong></span> <span class='ocrx_word' id='word_1_341' title='bbox 2258 2289 2420 2344; x_wconf 89' lang='lat' dir='ltr'><strong>etiam</strong></span> <span class='ocrx_word' id='word_1_342' title='bbox 2445 2290 2663 2347; x_wconf 89' lang='lat' dir='ltr'><strong>divinus</strong></span> <span class='ocrx_word' id='word_1_343' title='bbox 2694 2290 2864 2347; x_wconf 80' lang='lat' dir='ltr'><strong>David</strong></span> <span class='ocrx_word' id='word_1_344' title='bbox 2897 2309 2911 2346; x_wconf 91' lang='lat'><strong>:</strong></span> <span class='ocrx_word' id='word_1_345' title='bbox 2964 2310 2984 2345; x_wconf 78' lang='grc' dir='ltr'><strong>ι</strong></span> <span class='ocrx_word' id='word_1_346' title='bbox 3018 2289 3224 2347; x_wconf 89' lang='lat' dir='ltr'><strong>Omnes</strong></span> <span class='ocrx_word' id='word_1_347' title='bbox 3258 2298 3448 2361; x_wconf 81' lang='lat' dir='ltr'><strong>gentes</strong></span> <span class='ocrx_word' id='word_1_348' title='bbox 3484 2304 3651 2359; x_wconf 88' lang='lat' dir='ltr'><strong>quas-</strong></span> 
     </span>
    </p>
   </div>
   <div class='ocr_carea' id='block_1_49' title="bbox 2042 2382 3650 2453">
    <p class='ocr_par' dir='ltr' id='par_1_49' title="bbox 2042 2382 3650 2453">
     <span class='ocr_line' id='line_1_49' title="bbox 2042 2382 3650 2453; baseline 0 -16"><span class='ocrx_word' id='word_1_349' title='bbox 2042 2397 2260 2453; x_wconf 90' lang='lat' dir='ltr'><strong>cunque</strong></span> <span class='ocrx_word' id='word_1_350' title='bbox 2283 2382 2485 2452; x_wconf 87' lang='lat' dir='ltr'><strong>fecisti,</strong></span> <span class='ocrx_word' id='word_1_351' title='bbox 2511 2386 2736 2441; x_wconf 86' lang='lat' dir='ltr'><strong>venient</strong></span> <span class='ocrx_word' id='word_1_352' title='bbox 2790 2394 2844 2442; x_wconf 90' lang='lat' dir='ltr'><strong>et</strong></span> <span class='ocrx_word' id='word_1_353' title='bbox 2873 2383 3179 2441; x_wconf 90' lang='lat' dir='ltr'><strong>adorabunt</strong></span> <span class='ocrx_word' id='word_1_354' title='bbox 3203 2398 3389 2440; x_wconf 88' lang='lat' dir='ltr'><strong>coram</strong></span> <span class='ocrx_word' id='word_1_355' title='bbox 3435 2391 3508 2450; x_wconf 90' lang='lat' dir='ltr'><strong>te,</strong></span> <span class='ocrx_word' id='word_1_356' title='bbox 3546 2384 3650 2438; x_wconf 64' lang='lat' dir='ltr'><strong>Doc</strong></span> 
     </span>
    </p>
   </div>
   <div class='ocr_carea' id='block_1_50' title="bbox 2047 2474 3651 2550">
    <p class='ocr_par' dir='ltr' id='par_1_50' title="bbox 2047 2474 3651 2550">
     <span class='ocr_line' id='line_1_50' title="bbox 2047 2474 3651 2550; baseline -0.001 -20"><span class='ocrx_word' id='word_1_357' title='bbox 2047 2474 2194 2531; x_wconf 87' lang='lat' dir='ltr'><strong>mine</strong></span> <span class='ocrx_word' id='word_1_358' title='bbox 2218 2475 2285 2531; x_wconf 78' lang='grc'><strong>⁸⁸.</strong></span> <span class='ocrx_word' id='word_1_359' title='bbox 2322 2494 2341 2528; x_wconf 74' lang='grc' dir='ltr'><strong>ι</strong></span> <span class='ocrx_word' id='word_1_360' title='bbox 2367 2475 2475 2534; x_wconf 90' lang='lat' dir='ltr'><strong>Per</strong></span> <span class='ocrx_word' id='word_1_361' title='bbox 2506 2477 2683 2549; x_wconf 91' lang='lat' dir='ltr'><strong>ipsum</strong></span> <span class='ocrx_word' id='word_1_362' title='bbox 2712 2478 2859 2534; x_wconf 91' lang='lat' dir='ltr'><strong>enim</strong></span> <span class='ocrx_word' id='word_1_363' title='bbox 2893 2487 2948 2534; x_wconf 90' lang='lat' dir='ltr'><strong>et</strong></span> <span class='ocrx_word' id='word_1_364' title='bbox 2982 2477 3102 2550; x_wconf 89' lang='lat' dir='ltr'><strong>ipsa</strong></span> <span class='ocrx_word' id='word_1_365' title='bbox 3129 2475 3372 2549; x_wconf 90' lang='lat' dir='ltr'><strong>gentium</strong></span> <span class='ocrx_word' id='word_1_366' title='bbox 3399 2474 3651 2530; x_wconf 89' lang='lat' dir='ltr'><strong>multitu-</strong></span> 
     </span>
    </p>
   </div>
   <div class='ocr_carea' id='block_1_51' title="bbox 2048 2569 2494 2627">
    <p class='ocr_par' dir='ltr' id='par_1_51' title="bbox 2048 2569 2494 2627">
     <span class='ocr_line' id='line_1_51' title="bbox 2048 2569 2494 2627; baseline 0.007 -3"><span class='ocrx_word' id='word_1_367' title='bbox 2048 2569 2117 2624; x_wconf 89' lang='lat' dir='ltr'><strong>do</strong></span> <span class='ocrx_word' id='word_1_368' title='bbox 2140 2569 2347 2624; x_wconf 87' lang='lat' dir='ltr'><strong>salvata</strong></span> <span class='ocrx_word' id='word_1_369' title='bbox 2388 2578 2494 2627; x_wconf 89' lang='lat' dir='ltr'><strong>est.</strong></span> 
     </span>
    </p>
   </div>
   <div class='ocr_carea' id='block_1_52' title="bbox 324 2661 3652 2739">
    <p class='ocr_par' dir='ltr' id='par_1_52' title="bbox 324 2661 3652 2739">
     <span class='ocr_line' id='line_1_52' title="bbox 324 2661 3652 2739; baseline -0.002 -17"><span class='ocrx_word' id='word_1_370' title='bbox 324 2668 474 2739; x_wconf 80' lang='grc' dir='ltr'>ἡμᾶς</span> <span class='ocrx_word' id='word_1_371' title='bbox 510 2668 541 2721; x_wconf 91' lang='lat'><strong>6</strong></span> <span class='ocrx_word' id='word_1_372' title='bbox 592 2666 945 2739; x_wconf 83' lang='grc' dir='ltr'>Μονογενής;</span> <span class='ocrx_word' id='word_1_373' title='bbox 978 2666 1204 2731; x_wconf 19' lang='grc' dir='ltr'>ὄςιὲστι</span> <span class='ocrx_word' id='word_1_374' title='bbox 1262 2682 1281 2716; x_wconf 79' lang='grc' dir='ltr'><strong>ι</strong></span> <span class='ocrx_word' id='word_1_375' title='bbox 1309 2663 1608 2737; x_wconf 86' lang='grc' dir='ltr'>προσδοκία</span> <span class='ocrx_word' id='word_1_376' title='bbox 1668 2662 1873 2717; x_wconf 76' lang='grc' dir='ltr'>ἐθνῶνο</span> <span class='ocrx_word' id='word_1_377' title='bbox 1916 2679 1936 2714; x_wconf 72' lang='grc' dir='ltr'><strong>ι</strong></span> <span class='ocrx_word' id='word_1_378' title='bbox 1978 2662 2116 2735; x_wconf 84' lang='grc' dir='ltr'>πρὸς</span> <span class='ocrx_word' id='word_1_379' title='bbox 2155 2662 2215 2717; x_wconf 81' lang='grc' dir='ltr'>ὃν</span> <span class='ocrx_word' id='word_1_380' title='bbox 2283 2662 2378 2717; x_wconf 71' lang='grc' dir='ltr'>καὶ</span> <span class='ocrx_word' id='word_1_381' title='bbox 2412 2665 2441 2718; x_wconf 93' lang='lat'><strong>6</strong></span> <span class='ocrx_word' id='word_1_382' title='bbox 2497 2661 2787 2729; x_wconf 83' lang='grc' dir='ltr'>θεσπέσιος</span> <span class='ocrx_word' id='word_1_383' title='bbox 2831 2664 3139 2737; x_wconf 87' lang='grc' dir='ltr'>ἀναμέλπει</span> <span class='ocrx_word' id='word_1_384' title='bbox 3173 2663 3369 2720; x_wconf 74' lang='grc' dir='ltr'>Δαδίδο</span> <span class='ocrx_word' id='word_1_385' title='bbox 3411 2682 3430 2715; x_wconf 78' lang='grc' dir='ltr'><strong>ι</strong></span> <span class='ocrx_word' id='word_1_386' title='bbox 3461 2662 3652 2716; x_wconf 83' lang='grc' dir='ltr'>Πάντα</span> 
     </span>
    </p>
   </div>
   <div class='ocr_carea' id='block_1_53' title="bbox 324 2753 3652 2836">
    <p class='ocr_par' dir='ltr' id='par_1_53' title="bbox 324 2753 3652 2836">
     <span class='ocr_line' id='line_1_53' title="bbox 324 2753 3652 2836; baseline -0.002 -18"><span class='ocrx_word' id='word_1_387' title='bbox 324 2764 396 2819; x_wconf 82' lang='grc' dir='ltr'>τὰ</span> <span class='ocrx_word' id='word_1_388' title='bbox 437 2764 571 2836; x_wconf 72' lang='grc' dir='ltr'>ἔθνη</span> <span class='ocrx_word' id='word_1_389' title='bbox 615 2764 718 2817; x_wconf 81' lang='grc' dir='ltr'>ὅσα</span> <span class='ocrx_word' id='word_1_390' title='bbox 764 2761 1031 2833; x_wconf 89' lang='grc' dir='ltr'>ἐποίησας</span> <span class='ocrx_word' id='word_1_391' title='bbox 1079 2759 1273 2832; x_wconf 73' lang='grc' dir='ltr'>ἥξουσι</span> <span class='ocrx_word' id='word_1_392' title='bbox 1319 2761 1414 2814; x_wconf 74' lang='grc' dir='ltr'>καὶ</span> <span class='ocrx_word' id='word_1_393' title='bbox 1463 2753 1941 2831; x_wconf 85' lang='grc' dir='ltr'>προσκυνήσουσιν</span> <span class='ocrx_word' id='word_1_394' title='bbox 2015 2757 2248 2813; x_wconf 85' lang='grc' dir='ltr'>ἐνώπιόν</span> <span class='ocrx_word' id='word_1_395' title='bbox 2299 2776 2416 2826; x_wconf 87' lang='grc' dir='ltr'>σου,</span> <span class='ocrx_word' id='word_1_396' title='bbox 2442 2759 2641 2833; x_wconf 89' lang='grc' dir='ltr'>Κύριε.</span> <span class='ocrx_word' id='word_1_397' title='bbox 2672 2779 2691 2814; x_wconf 73' lang='grc' dir='ltr'><strong>ι</strong></span> <span class='ocrx_word' id='word_1_398' title='bbox 2753 2759 3038 2816; x_wconf 86' lang='grc' dir='ltr'>Σέσωσται</span> <span class='ocrx_word' id='word_1_399' title='bbox 3085 2762 3196 2833; x_wconf 81' lang='grc' dir='ltr'>γὰρ</span> <span class='ocrx_word' id='word_1_400' title='bbox 3240 2761 3307 2814; x_wconf 87' lang='grc' dir='ltr'><strong>δι’</strong></span> <span class='ocrx_word' id='word_1_401' title='bbox 3343 2758 3511 2814; x_wconf 84' lang='grc' dir='ltr'>αὐτοῦ</span> <span class='ocrx_word' id='word_1_402' title='bbox 3554 2758 3652 2813; x_wconf 79' lang='grc' dir='ltr'>καὶ</span> 
     </span>
    </p>
   </div>
   <div class='ocr_carea' id='block_1_54' title="bbox 327 2854 1127 2929">
    <p class='ocr_par' dir='ltr' id='par_1_54' title="bbox 327 2854 1127 2929">
     <span class='ocr_line' id='line_1_54' title="bbox 327 2854 1127 2929; baseline -0.004 -16"><span class='ocrx_word' id='word_1_403' title='bbox 327 2857 466 2926; x_wconf 75' lang='grc' dir='ltr'>αὐτὴ</span> <span class='ocrx_word' id='word_1_404' title='bbox 489 2857 605 2929; x_wconf 74' lang='grc' dir='ltr'><strong>τῶν</strong></span> <span class='ocrx_word' id='word_1_405' title='bbox 631 2855 803 2911; x_wconf 81' lang='grc' dir='ltr'>ἐθνῶν</span> <span class='ocrx_word' id='word_1_406' title='bbox 833 2857 868 2927; x_wconf 80' lang='grc' dir='ltr'><strong>ἡ</strong></span> <span class='ocrx_word' id='word_1_407' title='bbox 895 2854 1127 2929; x_wconf 87' lang='grc' dir='ltr'>πληθύς.</span> 
     </span>
    </p>
   </div>
   <div class='ocr_carea' id='block_1_55' title="bbox 956 2990 1321 3048">
    <p class='ocr_par' dir='ltr' id='par_1_55' title="bbox 956 2990 1321 3048">
     <span class='ocr_line' id='line_1_55' title="bbox 956 2990 1321 3048; baseline -0.008 -1"><span class='ocrx_word' id='word_1_408' title='bbox 956 2991 1211 3048; x_wconf 77' lang='grc' dir='ltr'><strong>ΚΕΦΑΛ.</strong></span> <span class='ocrx_word' id='word_1_409' title='bbox 1243 2990 1321 3045; x_wconf 68' lang='grc' dir='ltr'>Θ.</span> 
     </span>
    </p>
   </div>
   <div class='ocr_carea' id='block_1_56' title="bbox 399 3117 1942 3192">
    <p class='ocr_par' dir='ltr' id='par_1_56' title="bbox 399 3117 1942 3192">
     <span class='ocr_line' id='line_1_56' title="bbox 399 3117 1942 3192; baseline 0 -17"><span class='ocrx_word' id='word_1_410' title='bbox 399 3118 623 3190; x_wconf 81' lang='grc' dir='ltr'>Λῆμμα</span> <span class='ocrx_word' id='word_1_411' title='bbox 649 3119 843 3192; x_wconf 74' lang='grc' dir='ltr'>λόγου</span> <span class='ocrx_word' id='word_1_412' title='bbox 874 3120 1098 3189; x_wconf 83' lang='grc' dir='ltr'>Κυρίου</span> <span class='ocrx_word' id='word_1_413' title='bbox 1124 3120 1195 3175; x_wconf 82' lang='grc' dir='ltr'>ἐν</span> <span class='ocrx_word' id='word_1_414' title='bbox 1220 3117 1300 3191; x_wconf 69' lang='grc' dir='ltr'><em>τῇ</em></span> <span class='ocrx_word' id='word_1_415' title='bbox 1337 3117 1567 3190; x_wconf 80' lang='grc' dir='ltr'>Ἁδρὰχ,</span> <span class='ocrx_word' id='word_1_416' title='bbox 1603 3118 1706 3173; x_wconf 76' lang='grc' dir='ltr'><strong>καί</strong></span> <span class='ocrx_word' id='word_1_417' title='bbox 1747 3121 1942 3190; x_wconf 85' lang='grc' dir='ltr'>Δαμα-</span> 
     </span>
    </p>
   </div>
   <div class='ocr_carea' id='block_1_57' title="bbox 328 3212 1943 3284">
    <p class='ocr_par' dir='ltr' id='par_1_57' title="bbox 328 3212 1943 3284">
     <span class='ocr_line' id='line_1_57' title="bbox 328 3212 1943 3284; baseline 0.001 -15"><span class='ocrx_word' id='word_1_418' title='bbox 328 3213 489 3269; x_wconf 84' lang='grc' dir='ltr'>σκοῦ</span> <span class='ocrx_word' id='word_1_419' title='bbox 524 3212 879 3280; x_wconf 76' lang='grc' dir='ltr'>ἀνάπαυσις</span> <span class='ocrx_word' id='word_1_420' title='bbox 918 3214 1128 3279; x_wconf 81' lang='grc' dir='ltr'>αὐτοῦ,</span> <span class='ocrx_word' id='word_1_421' title='bbox 1164 3212 1316 3269; x_wconf 84' lang='grc' dir='ltr'>διότι</span> <span class='ocrx_word' id='word_1_422' title='bbox 1360 3214 1581 3282; x_wconf 81' lang='grc' dir='ltr'>Κύριος</span> <span class='ocrx_word' id='word_1_423' title='bbox 1616 3212 1808 3284; x_wconf 73' lang='grc' dir='ltr'>ἐφορᾷ</span> <span class='ocrx_word' id='word_1_424' title='bbox 1834 3214 1943 3270; x_wconf 81' lang='lat' dir='ltr'><strong>dr-</strong></span> 
     </span>
    </p>
   </div>
   <div class='ocr_carea' id='block_1_58' title="bbox 331 3303 1945 3376">
    <p class='ocr_par' dir='ltr' id='par_1_58' title="bbox 331 3303 1945 3376">
     <span class='ocr_line' id='line_1_58' title="bbox 331 3303 1945 3376; baseline 0.001 -15"><span class='ocrx_word' id='word_1_425' title='bbox 331 3305 633 3375; x_wconf 82' lang='grc' dir='ltr'>θρώπους,</span> <span class='ocrx_word' id='word_1_426' title='bbox 692 3304 795 3359; x_wconf 76' lang='grc' dir='ltr'>καὶ</span> <span class='ocrx_word' id='word_1_427' title='bbox 847 3304 1051 3373; x_wconf 80' lang='grc' dir='ltr'>πάσας</span> <span class='ocrx_word' id='word_1_428' title='bbox 1100 3303 1305 3375; x_wconf 65' lang='grc' dir='ltr'>φυλὰς</span> <span class='ocrx_word' id='word_1_429' title='bbox 1358 3304 1467 3360; x_wconf 81' lang='grc' dir='ltr'><strong>τοῦ</strong></span> <span class='ocrx_word' id='word_1_430' title='bbox 1508 3306 1779 3376; x_wconf 76' lang='grc' dir='ltr'>Ἰσραήλ.</span> <span class='ocrx_word' id='word_1_431' title='bbox 1832 3306 1945 3362; x_wconf 75' lang='grc' dir='ltr'><strong>Καὶ</strong></span> 
     </span>
    </p>
   </div>
   <div class='ocr_carea' id='block_1_59' title="bbox 343 3397 1235 3469">
    <p class='ocr_par' dir='ltr' id='par_1_59' title="bbox 343 3397 1235 3469">
     <span class='ocr_line' id='line_1_59' title="bbox 343 3397 1235 3469; baseline -0.001 -14"><span class='ocrx_word' id='word_1_432' title='bbox 343 3399 526 3469; x_wconf 62' lang='lat' dir='ltr'><strong>mea</strong></span> <span class='ocrx_word' id='word_1_433' title='bbox 549 3398 621 3452; x_wconf 80' lang='grc' dir='ltr'><strong>ὲν</strong></span> <span class='ocrx_word' id='word_1_434' title='bbox 648 3397 777 3465; x_wconf 84' lang='grc' dir='ltr'>τοῖς</span> <span class='ocrx_word' id='word_1_435' title='bbox 813 3398 1000 3467; x_wconf 71' lang='grc' dir='ltr'>ὁρίοις</span> <span class='ocrx_word' id='word_1_436' title='bbox 1022 3397 1235 3468; x_wconf 82' lang='grc' dir='ltr'>αὐτῆς.</span> 
     </span>
    </p>
   </div>
   <div class='ocr_carea' id='block_1_60' title="bbox 401 3492 1947 3573">
    <p class='ocr_par' dir='ltr' id='par_1_60' title="bbox 401 3492 1947 3573">
     <span class='ocr_line' id='line_1_60' title="bbox 401 3492 1947 3573; baseline 0.002 -26"><span class='ocrx_word' id='word_1_437' title='bbox 401 3494 536 3548; x_wconf 85' lang='lat' dir='ltr'><strong>NB’.</strong></span> <span class='ocrx_word' id='word_1_438' title='bbox 579 3494 696 3547; x_wconf 71' lang='grc' dir='ltr'>Οὐκ</span> <span class='ocrx_word' id='word_1_439' title='bbox 724 3493 935 3573; x_wconf 80' lang='grc' dir='ltr'>ἄτραχυ</span> <span class='ocrx_word' id='word_1_440' title='bbox 974 3494 1073 3564; x_wconf 87' lang='grc' dir='ltr'>μὲν</span> <span class='ocrx_word' id='word_1_441' title='bbox 1109 3494 1171 3547; x_wconf 78' lang='grc' dir='ltr'>τὸ</span> <span class='ocrx_word' id='word_1_442' title='bbox 1199 3492 1586 3566; x_wconf 84' lang='grc' dir='ltr'>προκείμενον,</span> <span class='ocrx_word' id='word_1_443' title='bbox 1621 3493 1947 3566; x_wconf 79' lang='grc' dir='ltr'>δυσέφικτος</span> 
     </span>
    </p>
   </div>
   <div class='ocr_carea' id='block_1_61' title="bbox 333 3584 1948 3660">
    <p class='ocr_par' dir='ltr' id='par_1_61' title="bbox 333 3584 1948 3660">
     <span class='ocr_line' id='line_1_61' title="bbox 333 3584 1948 3660; baseline 0.001 -19"><span class='ocrx_word' id='word_1_444' title='bbox 333 3586 391 3641; x_wconf 72' lang='grc' dir='ltr'>δὲ</span> <span class='ocrx_word' id='word_1_445' title='bbox 417 3585 620 3658; x_wconf 81' lang='grc' dir='ltr'>κομιδῇ</span> <span class='ocrx_word' id='word_1_446' title='bbox 651 3586 748 3640; x_wconf 75' lang='grc' dir='ltr'>καὶ</span> <span class='ocrx_word' id='word_1_447' title='bbox 777 3584 918 3656; x_wconf 82' lang='grc' dir='ltr'>αὐτὴ</span> <span class='ocrx_word' id='word_1_448' title='bbox 946 3585 1057 3641; x_wconf 88' lang='grc' dir='ltr'><strong>τῶν</strong></span> <span class='ocrx_word' id='word_1_449' title='bbox 1086 3585 1289 3652; x_wconf 82' lang='grc' dir='ltr'>λέξεων</span> <span class='ocrx_word' id='word_1_450' title='bbox 1319 3587 1352 3659; x_wconf 77' lang='grc' dir='ltr'>ἡ</span> <span class='ocrx_word' id='word_1_451' title='bbox 1389 3586 1655 3660; x_wconf 85' lang='grc' dir='ltr'>συνθήκη.</span> <span class='ocrx_word' id='word_1_452' title='bbox 1692 3587 1841 3659; x_wconf 85' lang='grc' dir='ltr'>Πλὴν</span> <span class='ocrx_word' id='word_1_453' title='bbox 1870 3587 1948 3650; x_wconf 83' lang='grc' dir='ltr'><strong>ὡς</strong></span> 
     </span>
    </p>
   </div>
   <div class='ocr_carea' id='block_1_62' title="bbox 337 3675 1947 3753">
    <p class='ocr_par' dir='ltr' id='par_1_62' title="bbox 337 3675 1947 3753">
     <span class='ocr_line' id='line_1_62' title="bbox 337 3675 1947 3753; baseline 0 -19"><span class='ocrx_word' id='word_1_454' title='bbox 337 3679 415 3734; x_wconf 74' lang='grc' dir='ltr'><strong>ἔνι</strong></span> <span class='ocrx_word' id='word_1_455' title='bbox 441 3678 726 3744; x_wconf 80' lang='grc' dir='ltr'>λελέξεται</span> <span class='ocrx_word' id='word_1_456' title='bbox 744 3679 1083 3751; x_wconf 74' lang='grc' dir='ltr'>πρδςὴμῶν.</span> <span class='ocrx_word' id='word_1_457' title='bbox 1117 3681 1199 3736; x_wconf 87' lang='grc' dir='ltr'><strong>Τά</strong></span> <span class='ocrx_word' id='word_1_458' title='bbox 1229 3697 1293 3750; x_wconf 91' lang='grc' dir='ltr'><strong>γε</strong></span> <span class='ocrx_word' id='word_1_459' title='bbox 1326 3679 1434 3753; x_wconf 79' lang='grc' dir='ltr'>μὴν</span> <span class='ocrx_word' id='word_1_460' title='bbox 1468 3682 1556 3752; x_wconf 88' lang='grc' dir='ltr'><strong>ἐφ’</strong></span> <span class='ocrx_word' id='word_1_461' title='bbox 1581 3675 1664 3746; x_wconf 73' lang='grc' dir='ltr'>οἷς</span> <span class='ocrx_word' id='word_1_462' title='bbox 1693 3680 1947 3752; x_wconf 79' lang='grc' dir='ltr'>εἰρῆσθαι</span> 
     </span>
    </p>
   </div>
   <div class='ocr_carea' id='block_1_63' title="bbox 338 3769 1949 3844">
    <p class='ocr_par' dir='ltr' id='par_1_63' title="bbox 338 3769 1949 3844">
     <span class='ocr_line' id='line_1_63' title="bbox 338 3769 1949 3844; baseline 0.001 -21"><span class='ocrx_word' id='word_1_463' title='bbox 338 3770 514 3825; x_wconf 86' lang='grc' dir='ltr'>ταῦτα</span> <span class='ocrx_word' id='word_1_464' title='bbox 544 3769 868 3842; x_wconf 80' lang='grc' dir='ltr'>νομιοῦμεν,</span> <span class='ocrx_word' id='word_1_465' title='bbox 889 3770 1116 3835; x_wconf 81' lang='grc' dir='ltr'>εἰκότως</span> <span class='ocrx_word' id='word_1_466' title='bbox 1141 3770 1544 3843; x_wconf 81' lang='grc' dir='ltr'>προαγορεύειν</span> <span class='ocrx_word' id='word_1_467' title='bbox 1563 3771 1799 3844; x_wconf 83' lang='grc' dir='ltr'>ἀνάγκη·</span> <span class='ocrx_word' id='word_1_468' title='bbox 1824 3788 1949 3843; x_wconf 80' lang='grc' dir='ltr'>νοη-</span> 
     </span>
    </p>
   </div>
   <div class='ocr_carea' id='block_1_64' title="bbox 341 3857 1945 3935">
    <p class='ocr_par' dir='ltr' id='par_1_64' title="bbox 341 3857 1945 3935">
     <span class='ocr_line' id='line_1_64' title="bbox 341 3857 1945 3935; baseline -0.001 -18"><span class='ocrx_word' id='word_1_469' title='bbox 341 3861 458 3935; x_wconf 83' lang='grc' dir='ltr'>θείη</span> <span class='ocrx_word' id='word_1_470' title='bbox 483 3863 595 3934; x_wconf 81' lang='grc' dir='ltr'><strong>γὰρ</strong></span> <span class='ocrx_word' id='word_1_471' title='bbox 620 3863 687 3918; x_wconf 87' lang='grc' dir='ltr'>ἂν</span> <span class='ocrx_word' id='word_1_472' title='bbox 718 3857 822 3917; x_wconf 77' lang='grc' dir='ltr'>ὧδέ</span> <span class='ocrx_word' id='word_1_473' title='bbox 860 3880 919 3916; x_wconf 89' lang='grc' dir='ltr'><strong>τε</strong></span> <span class='ocrx_word' id='word_1_474' title='bbox 951 3863 1047 3917; x_wconf 71' lang='grc' dir='ltr'>καὶ</span> <span class='ocrx_word' id='word_1_475' title='bbox 1077 3861 1229 3934; x_wconf 79' lang='grc' dir='ltr'>μόλις</span> <span class='ocrx_word' id='word_1_476' title='bbox 1257 3862 1358 3933; x_wconf 88' lang='grc' dir='ltr'>τῆς</span> <span class='ocrx_word' id='word_1_477' title='bbox 1388 3861 1723 3934; x_wconf 81' lang='grc' dir='ltr'>προφητείας</span> <span class='ocrx_word' id='word_1_478' title='bbox 1747 3864 1775 3916; x_wconf 93' lang='lat'><strong>6</strong></span> <span class='ocrx_word' id='word_1_479' title='bbox 1800 3860 1945 3924; x_wconf 87' lang='grc' dir='ltr'>νοῦς.</span> 
     </span>
    </p>
   </div>
   <div class='ocr_carea' id='block_1_65' title="bbox 340 3953 1949 4026">
    <p class='ocr_par' dir='ltr' id='par_1_65' title="bbox 340 3953 1949 4026">
     <span class='ocr_line' id='line_1_65' title="bbox 340 3953 1949 4026; baseline -0.003 -15"><span class='ocrx_word' id='word_1_480' title='bbox 340 3954 471 4011; x_wconf 87' lang='grc' dir='ltr'><strong>Ὀτε</strong></span> <span class='ocrx_word' id='word_1_481' title='bbox 501 3956 684 4010; x_wconf 89' lang='grc' dir='ltr'>τοίνυν</span> <span class='ocrx_word' id='word_1_482' title='bbox 722 3956 830 4008; x_wconf 85' lang='grc' dir='ltr'><strong>τῶν</strong></span> <span class='ocrx_word' id='word_1_483' title='bbox 870 3955 971 4026; x_wconf 82' lang='grc' dir='ltr'>τῆς</span> <span class='ocrx_word' id='word_1_484' title='bbox 1011 3953 1394 4026; x_wconf 72' lang='grc' dir='ltr'>αἰχμαλωσίας</span> <span class='ocrx_word' id='word_1_485' title='bbox 1425 3953 1643 4025; x_wconf 83' lang='grc' dir='ltr'>δεσμῶν</span> <span class='ocrx_word' id='word_1_486' title='bbox 1672 3954 1860 4026; x_wconf 86' lang='grc' dir='ltr'>ἀνείθη</span> <span class='ocrx_word' id='word_1_487' title='bbox 1888 3969 1949 4007; x_wconf 89' lang='grc' dir='ltr'><strong>τε</strong></span> 
     </span>
    </p>
   </div>
   <div class='ocr_carea' id='block_1_66' title="bbox 343 4042 1948 4121">
    <p class='ocr_par' dir='ltr' id='par_1_66' title="bbox 343 4042 1948 4121">
     <span class='ocr_line' id='line_1_66' title="bbox 343 4042 1948 4121; baseline -0.002 -17"><span class='ocrx_word' id='word_1_488' title='bbox 343 4052 437 4105; x_wconf 74' lang='grc' dir='ltr'>καὶ</span> <span class='ocrx_word' id='word_1_489' title='bbox 489 4048 846 4121; x_wconf 83' lang='grc' dir='ltr'>ἀπήλλακται</span> <span class='ocrx_word' id='word_1_490' title='bbox 896 4047 1039 4101; x_wconf 80' lang='grc' dir='ltr'>κατὰ</span> <span class='ocrx_word' id='word_1_491' title='bbox 1088 4048 1316 4120; x_wconf 74' lang='grc' dir='ltr'>καιροὺς</span> <span class='ocrx_word' id='word_1_492' title='bbox 1368 4046 1663 4119; x_wconf 83' lang='grc' dir='ltr'>ὁἸσραὴλ,</span> <span class='ocrx_word' id='word_1_493' title='bbox 1705 4042 1842 4120; x_wconf 77' lang='grc' dir='ltr'>ἧκόν</span> <span class='ocrx_word' id='word_1_494' title='bbox 1887 4063 1948 4100; x_wconf 90' lang='grc' dir='ltr'><strong>τε</strong></span> 
     </span>
    </p>
   </div>
   <div class='ocr_carea' id='block_1_67' title="bbox 341 4138 1949 4212">
    <p class='ocr_par' dir='ltr' id='par_1_67' title="bbox 341 4138 1949 4212">
     <span class='ocr_line' id='line_1_67' title="bbox 341 4138 1949 4212; baseline -0.001 -17"><span class='ocrx_word' id='word_1_495' title='bbox 341 4141 530 4197; x_wconf 82' lang='grc' dir='ltr'>λοιπὸν</span> <span class='ocrx_word' id='word_1_496' title='bbox 556 4144 640 4206; x_wconf 87' lang='grc' dir='ltr'><strong>εἰς</strong></span> <span class='ocrx_word' id='word_1_497' title='bbox 670 4141 771 4212; x_wconf 85' lang='grc' dir='ltr'>τὴν</span> <span class='ocrx_word' id='word_1_498' title='bbox 800 4139 1086 4206; x_wconf 85' lang='grc' dir='ltr'>Ἰουδαίαν,</span> <span class='ocrx_word' id='word_1_499' title='bbox 1111 4139 1206 4194; x_wconf 77' lang='grc' dir='ltr'>καὶ</span> <span class='ocrx_word' id='word_1_500' title='bbox 1236 4138 1599 4212; x_wconf 81' lang='grc' dir='ltr'>ἀνατειχίζειν</span> <span class='ocrx_word' id='word_1_501' title='bbox 1623 4139 1949 4211; x_wconf 86' lang='grc' dir='ltr'>ἐπεχείρουν</span> 
     </span>
    </p>
   </div>
   <div class='ocr_carea' id='block_1_68' title="bbox 344 4231 1950 4307">
    <p class='ocr_par' dir='ltr' id='par_1_68' title="bbox 344 4231 1950 4307">
     <span class='ocr_line' id='line_1_68' title="bbox 344 4231 1950 4307; baseline 0.001 -23"><span class='ocrx_word' id='word_1_502' title='bbox 344 4236 441 4306; x_wconf 70' lang='grc' dir='ltr'>τὴν</span> <span class='ocrx_word' id='word_1_503' title='bbox 477 4232 871 4307; x_wconf 79' lang='grc' dir='ltr'>Ἰερουσαλὴμ,</span> <span class='ocrx_word' id='word_1_504' title='bbox 917 4233 1041 4286; x_wconf 87' lang='grc' dir='ltr'>τότε</span> <span class='ocrx_word' id='word_1_505' title='bbox 1093 4232 1195 4305; x_wconf 78' lang='grc' dir='ltr'>δὴ,</span> <span class='ocrx_word' id='word_1_506' title='bbox 1246 4232 1369 4286; x_wconf 85' lang='grc' dir='ltr'>τότε</span> <span class='ocrx_word' id='word_1_507' title='bbox 1414 4232 1484 4287; x_wconf 87' lang='grc' dir='ltr'>τὰ</span> <span class='ocrx_word' id='word_1_508' title='bbox 1537 4231 1795 4303; x_wconf 88' lang='grc' dir='ltr'>περίοικα</span> <span class='ocrx_word' id='word_1_509' title='bbox 1840 4232 1950 4286; x_wconf 88' lang='grc' dir='ltr'><strong>τῶν</strong></span> 
     </span>
    </p>
   </div>
   <div class='ocr_carea' id='block_1_69' title="bbox 346 4321 1952 4397">
    <p class='ocr_par' dir='ltr' id='par_1_69' title="bbox 346 4321 1952 4397">
     <span class='ocr_line' id='line_1_69' title="bbox 346 4321 1952 4397; baseline -0.003 -16"><span class='ocrx_word' id='word_1_510' title='bbox 346 4326 538 4393; x_wconf 75' lang='grc' dir='ltr'>ἐθνῶν,</span> <span class='ocrx_word' id='word_1_511' title='bbox 566 4327 620 4379; x_wconf 80' lang='grc' dir='ltr'>οἵ</span> <span class='ocrx_word' id='word_1_512' title='bbox 644 4343 703 4379; x_wconf 87' lang='grc' dir='ltr'><strong>τε</strong></span> <span class='ocrx_word' id='word_1_513' title='bbox 738 4323 839 4397; x_wconf 83' lang='grc' dir='ltr'>τὴν</span> <span class='ocrx_word' id='word_1_514' title='bbox 868 4324 1191 4396; x_wconf 87' lang='grc' dir='ltr'>Σαμάρειαν</span> <span class='ocrx_word' id='word_1_515' title='bbox 1218 4322 1518 4391; x_wconf 74' lang='grc' dir='ltr'>οἰκοῦντες,</span> <span class='ocrx_word' id='word_1_516' title='bbox 1538 4322 1632 4378; x_wconf 79' lang='grc' dir='ltr'><strong>καὶ</strong></span> <span class='ocrx_word' id='word_1_517' title='bbox 1663 4323 1711 4377; x_wconf 78' lang='grc' dir='ltr'>οἱ</span> <span class='ocrx_word' id='word_1_518' title='bbox 1732 4321 1831 4387; x_wconf 81' lang='grc' dir='ltr'><strong>τὰς</strong></span> <span class='ocrx_word' id='word_1_519' title='bbox 1850 4325 1952 4395; x_wconf 76' lang='grc' dir='ltr'>τῆς</span> 
     </span>
    </p>
   </div>
   <div class='ocr_carea' id='block_1_70' title="bbox 345 4395 2023 4492">
    <p class='ocr_par' dir='ltr' id='par_1_70' title="bbox 345 4395 2023 4492">
     <span class='ocr_line' id='line_1_70' title="bbox 345 4395 2023 4492; baseline -0.005 -17"><span class='ocrx_word' id='word_1_520' title='bbox 345 4419 742 4492; x_wconf 85' lang='grc' dir='ltr'>Παλαιστίνης,</span> <span class='ocrx_word' id='word_1_521' title='bbox 761 4395 859 4473; x_wconf 78' lang='grc' dir='ltr'><strong>καὶ</strong></span> <span class='ocrx_word' id='word_1_522' title='bbox 896 4395 1001 4489; x_wconf 76' lang='grc' dir='ltr'>μὴν</span> <span class='ocrx_word' id='word_1_523' title='bbox 1034 4418 1129 4472; x_wconf 69' lang='grc' dir='ltr'>καὶ</span> <span class='ocrx_word' id='word_1_524' title='bbox 1153 4416 1409 4490; x_wconf 82' lang='grc' dir='ltr'>Φοινίκης</span> <span class='ocrx_word' id='word_1_525' title='bbox 1426 4417 1720 4488; x_wconf 84' lang='grc' dir='ltr'>νεμόμενοι</span> <span class='ocrx_word' id='word_1_526' title='bbox 1736 4415 1944 4480; x_wconf 85' lang='grc' dir='ltr'>πόλεις,</span> <span class='ocrx_word' id='word_1_527' title='bbox 1975 4395 2023 4451; x_wconf 77' lang='lat' dir='ltr'><strong>D</strong></span> 
     </span>
    </p>
   </div>
   <div class='ocr_carea' id='block_1_71' title="bbox 346 4508 1954 4583">
    <p class='ocr_par' dir='ltr' id='par_1_71' title="bbox 346 4508 1954 4583">
     <span class='ocr_line' id='line_1_71' title="bbox 346 4508 1954 4583; baseline -0.004 -13"><span class='ocrx_word' id='word_1_528' title='bbox 346 4515 743 4570; x_wconf 80' lang='grc' dir='ltr'>κατεδάκνοντο</span> <span class='ocrx_word' id='word_1_529' title='bbox 772 4511 973 4583; x_wconf 88' lang='grc' dir='ltr'>φθόνῳ,</span> <span class='ocrx_word' id='word_1_530' title='bbox 1002 4509 1140 4582; x_wconf 81' lang='grc' dir='ltr'>ὁμοῦ</span> <span class='ocrx_word' id='word_1_531' title='bbox 1183 4510 1240 4564; x_wconf 85' lang='grc' dir='ltr'><strong>δέ</strong></span> <span class='ocrx_word' id='word_1_532' title='bbox 1282 4510 1376 4565; x_wconf 72' lang='grc' dir='ltr'>καὶ</span> <span class='ocrx_word' id='word_1_533' title='bbox 1404 4509 1697 4573; x_wconf 86' lang='grc' dir='ltr'>ἐδεδίεσαν,</span> <span class='ocrx_word' id='word_1_534' title='bbox 1728 4509 1801 4582; x_wconf 85' lang='grc' dir='ltr'>μὴ</span> <span class='ocrx_word' id='word_1_535' title='bbox 1845 4508 1954 4581; x_wconf 81' lang='grc' dir='ltr'>ἄρα</span> 
     </span>
    </p>
   </div>
   <div class='ocr_carea' id='block_1_72' title="bbox 344 4600 1953 4681">
    <p class='ocr_par' dir='ltr' id='par_1_72' title="bbox 344 4600 1953 4681">
     <span class='ocr_line' id='line_1_72' title="bbox 344 4600 1953 4681; baseline -0.006 -19"><span class='ocrx_word' id='word_1_536' title='bbox 344 4607 408 4681; x_wconf 81' lang='grc' dir='ltr'>δὴ</span> <span class='ocrx_word' id='word_1_537' title='bbox 434 4608 602 4662; x_wconf 88' lang='grc' dir='ltr'>πάλιν</span> <span class='ocrx_word' id='word_1_538' title='bbox 629 4605 1040 4675; x_wconf 85' lang='grc' dir='ltr'>ἀνενεγκόντων</span> <span class='ocrx_word' id='word_1_539' title='bbox 1084 4603 1270 4666; x_wconf 82' lang='grc' dir='ltr'>αὐτοῖς</span> <span class='ocrx_word' id='word_1_540' title='bbox 1294 4601 1402 4656; x_wconf 83' lang='grc' dir='ltr'><strong>τῶν</strong></span> <span class='ocrx_word' id='word_1_541' title='bbox 1426 4601 1860 4673; x_wconf 84' lang='grc' dir='ltr'>πραγμάτωνείς</span> <span class='ocrx_word' id='word_1_542' title='bbox 1890 4600 1953 4654; x_wconf 84' lang='grc' dir='ltr'>τὸ</span> 
     </span>
    </p>
   </div>
   <div class='ocr_carea' id='block_1_73' title="bbox 345 4693 1950 4772">
    <p class='ocr_par' dir='ltr' id='par_1_73' title="bbox 345 4693 1950 4772">
     <span class='ocr_line' id='line_1_73' title="bbox 345 4693 1950 4772; baseline -0.004 -17"><span class='ocrx_word' id='word_1_543' title='bbox 345 4701 438 4755; x_wconf 83' lang='grc' dir='ltr'><strong>ἀπ’</strong></span> <span class='ocrx_word' id='word_1_544' title='bbox 472 4698 674 4772; x_wconf 79' lang='grc' dir='ltr'>ἀρχῆς,</span> <span class='ocrx_word' id='word_1_545' title='bbox 706 4697 800 4753; x_wconf 76' lang='grc' dir='ltr'>καὶ</span> <span class='ocrx_word' id='word_1_546' title='bbox 829 4700 912 4762; x_wconf 85' lang='grc' dir='ltr'><strong>είς</strong></span> <span class='ocrx_word' id='word_1_547' title='bbox 944 4696 1155 4770; x_wconf 82' lang='grc' dir='ltr'>πληθὺν</span> <span class='ocrx_word' id='word_1_548' title='bbox 1205 4694 1518 4768; x_wconf 80' lang='grc' dir='ltr'>ἀμέτρητον</span> <span class='ocrx_word' id='word_1_549' title='bbox 1567 4693 1950 4764; x_wconf 86' lang='grc' dir='ltr'>ἐκτεινομένου</span> 
     </span>
    </p>
   </div>
   <div class='ocr_carea' id='block_1_74' title="bbox 342 4786 1949 4863">
    <p class='ocr_par' dir='ltr' id='par_1_74' title="bbox 342 4786 1949 4863">
     <span class='ocr_line' id='line_1_74' title="bbox 342 4786 1949 4863; baseline -0.004 -15"><span class='ocrx_word' id='word_1_550' title='bbox 342 4789 439 4849; x_wconf 88' lang='grc' dir='ltr'><strong>τοῦ</strong></span> <span class='ocrx_word' id='word_1_551' title='bbox 466 4793 686 4863; x_wconf 82' lang='grc' dir='ltr'>γένους,</span> <span class='ocrx_word' id='word_1_552' title='bbox 729 4787 850 4847; x_wconf 83' lang='grc' dir='ltr'>εἶτα</span> <span class='ocrx_word' id='word_1_553' title='bbox 879 4790 1037 4845; x_wconf 90' lang='grc' dir='ltr'>πόλιν</span> <span class='ocrx_word' id='word_1_554' title='bbox 1064 4789 1283 4862; x_wconf 76' lang='grc' dir='ltr'>ἔχοντες</span> <span class='ocrx_word' id='word_1_555' title='bbox 1325 4787 1424 4860; x_wconf 84' lang='grc' dir='ltr'>τὴν</span> <span class='ocrx_word' id='word_1_556' title='bbox 1458 4787 1601 4842; x_wconf 76' lang='grc' dir='ltr'>οὕτω</span> <span class='ocrx_word' id='word_1_557' title='bbox 1638 4786 1949 4841; x_wconf 84' lang='grc' dir='ltr'>δυσάλωτον</span> 
     </span>
    </p>
   </div>
   <div class='ocr_carea' id='block_1_75' title="bbox 343 4878 1946 4958">
    <p class='ocr_par' dir='ltr' id='par_1_75' title="bbox 343 4878 1946 4958">
     <span class='ocr_line' id='line_1_75' title="bbox 343 4878 1946 4958; baseline -0.006 -16"><span class='ocrx_word' id='word_1_558' title='bbox 343 4889 439 4943; x_wconf 68' lang='grc' dir='ltr'>καὶ</span> <span class='ocrx_word' id='word_1_559' title='bbox 473 4885 917 4958; x_wconf 84' lang='grc' dir='ltr'>εὐπυργοτάτην,</span> <span class='ocrx_word' id='word_1_560' title='bbox 946 4880 1478 4954; x_wconf 87' lang='grc' dir='ltr'>καταστρατεύοιντο</span> <span class='ocrx_word' id='word_1_561' title='bbox 1527 4880 1690 4935; x_wconf 86' lang='grc' dir='ltr'>πάλιν</span> <span class='ocrx_word' id='word_1_562' title='bbox 1742 4878 1946 4946; x_wconf 84' lang='grc' dir='ltr'>αὐτῶν,</span> 
     </span>
    </p>
   </div>
   <div class='ocr_carea' id='block_1_76' title="bbox 342 4972 1951 5051">
    <p class='ocr_par' dir='ltr' id='par_1_76' title="bbox 342 4972 1951 5051">
     <span class='ocr_line' id='line_1_76' title="bbox 342 4972 1951 5051; baseline -0.006 -16"><span class='ocrx_word' id='word_1_563' title='bbox 342 4981 438 5035; x_wconf 69' lang='grc' dir='ltr'>καὶ</span> <span class='ocrx_word' id='word_1_564' title='bbox 466 4979 685 5051; x_wconf 78' lang='grc' dir='ltr'>ἄμαχόν</span> <span class='ocrx_word' id='word_1_565' title='bbox 722 4995 866 5046; x_wconf 87' lang='grc' dir='ltr'>τινα,</span> <span class='ocrx_word' id='word_1_566' title='bbox 891 4976 1035 5032; x_wconf 66' lang='grc' dir='ltr'>καθὰ</span> <span class='ocrx_word' id='word_1_567' title='bbox 1068 4975 1163 5030; x_wconf 74' lang='grc' dir='ltr'>καὶ</span> <span class='ocrx_word' id='word_1_568' title='bbox 1194 4973 1385 5039; x_wconf 83' lang='grc' dir='ltr'>πάλαι,</span> <span class='ocrx_word' id='word_1_569' title='bbox 1412 4972 1951 5046; x_wconf 80' lang='grc' dir='ltr'>κατεξαναστήσειαν</span> 
     </span>
    </p>
   </div>
   <div class='ocr_carea' id='block_1_77' title="bbox 341 5065 1954 5144">
    <p class='ocr_par' dir='ltr' id='par_1_77' title="bbox 341 5065 1954 5144">
     <span class='ocr_line' id='line_1_77' title="bbox 341 5065 1954 5144; baseline -0.005 -16"><span class='ocrx_word' id='word_1_570' title='bbox 341 5071 524 5128; x_wconf 75' lang='grc' dir='ltr'>αὐτῶν</span> <span class='ocrx_word' id='word_1_571' title='bbox 548 5069 647 5144; x_wconf 76' lang='grc' dir='ltr'>τὴν</span> <span class='ocrx_word' id='word_1_572' title='bbox 664 5070 848 5143; x_wconf 80' lang='grc' dir='ltr'>χεῖρα,</span> <span class='ocrx_word' id='word_1_573' title='bbox 867 5066 1044 5143; x_wconf 82' lang='grc' dir='ltr'>ταύτῃ</span> <span class='ocrx_word' id='word_1_574' title='bbox 1061 5086 1143 5121; x_wconf 85' lang='grc' dir='ltr'><strong>τοι</strong></span> <span class='ocrx_word' id='word_1_575' title='bbox 1168 5065 1428 5137; x_wconf 75' lang='grc' dir='ltr'>τειχίζειν</span> <span class='ocrx_word' id='word_1_576' title='bbox 1450 5066 1735 5130; x_wconf 82' lang='grc' dir='ltr'>ἐθέλοντας</span> <span class='ocrx_word' id='word_1_577' title='bbox 1757 5066 1954 5120; x_wconf 87' lang='grc' dir='ltr'>διακω-</span> 
     </span>
    </p>
   </div>
   <div class='ocr_carea' id='block_1_78' title="bbox 342 5156 1950 5237">
    <p class='ocr_par' dir='ltr' id='par_1_78' title="bbox 342 5156 1950 5237">
     <span class='ocr_line' id='line_1_78' title="bbox 342 5156 1950 5237; baseline -0.004 -20"><span class='ocrx_word' id='word_1_578' title='bbox 342 5164 492 5219; x_wconf 86' lang='grc' dir='ltr'>λύειν</span> <span class='ocrx_word' id='word_1_579' title='bbox 539 5164 757 5237; x_wconf 67' lang='grc' dir='ltr'>ῆθελον,</span> <span class='ocrx_word' id='word_1_580' title='bbox 803 5162 1038 5235; x_wconf 76' lang='grc' dir='ltr'>πικροὺς</span> <span class='ocrx_word' id='word_1_581' title='bbox 1082 5159 1379 5231; x_wconf 84' lang='grc' dir='ltr'>ἀρτύοντες</span> <span class='ocrx_word' id='word_1_582' title='bbox 1420 5157 1636 5228; x_wconf 79' lang='grc' dir='ltr'>λόγους.</span> <span class='ocrx_word' id='word_1_583' title='bbox 1690 5158 1785 5212; x_wconf 71' lang='grc' dir='ltr'>καὶ</span> <span class='ocrx_word' id='word_1_584' title='bbox 1843 5156 1950 5229; x_wconf 78' lang='grc' dir='ltr'>μὴν</span> 
     </span>
    </p>
   </div>
   <div class='ocr_carea' id='block_1_79' title="bbox 339 5245 1952 5329">
    <p class='ocr_par' dir='ltr' id='par_1_79' title="bbox 339 5245 1952 5329">
     <span class='ocr_line' id='line_1_79' title="bbox 339 5245 1952 5329; baseline -0.006 -16"><span class='ocrx_word' id='word_1_585' title='bbox 339 5259 435 5313; x_wconf 75' lang='grc' dir='ltr'>καὶ</span> <span class='ocrx_word' id='word_1_586' title='bbox 474 5256 704 5328; x_wconf 79' lang='grc' dir='ltr'>ἐφόδους</span> <span class='ocrx_word' id='word_1_587' title='bbox 745 5255 1048 5329; x_wconf 76' lang='grc' dir='ltr'>λῃπρικὰς</span> <span class='ocrx_word' id='word_1_588' title='bbox 1077 5252 1325 5315; x_wconf 75' lang='grc' dir='ltr'>ἱστάντες</span> <span class='ocrx_word' id='word_1_589' title='bbox 1358 5245 1749 5315; x_wconf 55' lang='grc' dir='ltr'>αὑτοῖςΪΗκον</span> <span class='ocrx_word' id='word_1_590' title='bbox 1777 5250 1833 5304; x_wconf 85' lang='grc' dir='ltr'><strong>δέ</strong></span> <span class='ocrx_word' id='word_1_591' title='bbox 1869 5252 1952 5317; x_wconf 84' lang='grc' dir='ltr'><strong>είς</strong></span> 
     </span>
    </p>
   </div>
   <div class='ocr_carea' id='block_1_80' title="bbox 338 5339 1951 5419">
    <p class='ocr_par' dir='ltr' id='par_1_80' title="bbox 338 5339 1951 5419">
     <span class='ocr_line' id='line_1_80' title="bbox 338 5339 1951 5419; baseline -0.004 -16"><span class='ocrx_word' id='word_1_592' title='bbox 338 5348 500 5403; x_wconf 87' lang='grc' dir='ltr'>τοῦτο</span> <span class='ocrx_word' id='word_1_593' title='bbox 551 5344 855 5419; x_wconf 74' lang='grc' dir='ltr'>βασκανίας</span> <span class='ocrx_word' id='word_1_594' title='bbox 887 5344 980 5399; x_wconf 72' lang='grc' dir='ltr'>καὶ</span> <span class='ocrx_word' id='word_1_595' title='bbox 1033 5342 1262 5415; x_wconf 80' lang='grc' dir='ltr'>φθόνου,</span> <span class='ocrx_word' id='word_1_596' title='bbox 1309 5339 1452 5395; x_wconf 83' lang='grc' dir='ltr'>ὥστε</span> <span class='ocrx_word' id='word_1_597' title='bbox 1495 5342 1591 5396; x_wconf 81' lang='grc' dir='ltr'>καὶ</span> <span class='ocrx_word' id='word_1_598' title='bbox 1635 5342 1951 5413; x_wconf 84' lang='grc' dir='ltr'>γεγράφασι</span> 
     </span>
    </p>
   </div>
   <div class='ocr_carea' id='block_1_81' title="bbox 337 5435 1952 5513">
    <p class='ocr_par' dir='ltr' id='par_1_81' title="bbox 337 5435 1952 5513">
     <span class='ocr_line' id='line_1_81' title="bbox 337 5435 1952 5513; baseline -0.006 -18"><span class='ocrx_word' id='word_1_599' title='bbox 337 5442 415 5513; x_wconf 83' lang='grc' dir='ltr'><strong>τῷ</strong></span> <span class='ocrx_word' id='word_1_600' title='bbox 450 5439 681 5512; x_wconf 79' lang='grc' dir='ltr'>Περσῶν</span> <span class='ocrx_word' id='word_1_601' title='bbox 713 5436 1054 5509; x_wconf 83' lang='grc' dir='ltr'>βασιλεύοντι</span> <span class='ocrx_word' id='word_1_602' title='bbox 1084 5437 1146 5490; x_wconf 84' lang='grc' dir='ltr'>τὸ</span> <span class='ocrx_word' id='word_1_603' title='bbox 1171 5435 1428 5507; x_wconf 86' lang='grc' dir='ltr'>τηνικάδε</span> <span class='ocrx_word' id='word_1_604' title='bbox 1452 5435 1521 5488; x_wconf 76' lang='grc' dir='ltr'>τὰ</span> <span class='ocrx_word' id='word_1_605' title='bbox 1551 5435 1608 5488; x_wconf 82' lang='grc' dir='ltr'><strong>ἐν</strong></span> <span class='ocrx_word' id='word_1_606' title='bbox 1634 5435 1711 5507; x_wconf 81' lang='grc' dir='ltr'>τῷ</span> <span class='ocrx_word' id='word_1_607' title='bbox 1745 5435 1952 5508; x_wconf 78' lang='grc' dir='ltr'>Ἔσδρᾳ</span> 
     </span>
    </p>
   </div>
   <div class='ocr_carea' id='block_1_82' title="bbox 336 5527 1951 5606">
    <p class='ocr_par' dir='ltr' id='par_1_82' title="bbox 336 5527 1951 5606">
     <span class='ocr_line' id='line_1_82' title="bbox 336 5527 1951 5606; baseline -0.013 -15"><span class='ocrx_word' id='word_1_608' title='bbox 336 5534 591 5606; x_wconf 87' lang='grc' dir='ltr'>κείμενα.</span> <span class='ocrx_word' id='word_1_609' title='bbox 638 5533 796 5603; x_wconf 82' lang='grc' dir='ltr'>Ἔχει</span> <span class='ocrx_word' id='word_1_610' title='bbox 843 5531 901 5585; x_wconf 81' lang='grc' dir='ltr'>δὲ</span> <span class='ocrx_word' id='word_1_611' title='bbox 934 5528 1140 5593; x_wconf 73' lang='grc' dir='ltr'>οὕτως’</span> <span class='ocrx_word' id='word_1_612' title='bbox 1176 5546 1193 5580; x_wconf 78' lang='lat' dir='ltr'><strong>t</strong></span> <span class='ocrx_word' id='word_1_613' title='bbox 1230 5528 1451 5581; x_wconf 82' lang='grc' dir='ltr'>Βασιλεῖ</span> <span class='ocrx_word' id='word_1_614' title='bbox 1477 5527 1810 5601; x_wconf 68' lang='grc' dir='ltr'>Ἀρταξέρξῃ</span> <span class='ocrx_word' id='word_1_615' title='bbox 1850 5545 1951 5581; x_wconf 86' lang='grc' dir='ltr'><strong>κυ-</strong></span> 
     </span>
    </p>
   </div>
   <div class='ocr_carea' id='block_1_83' title="bbox 336 5619 1948 5701">
    <p class='ocr_par' dir='ltr' id='par_1_83' title="bbox 336 5619 1948 5701">
     <span class='ocr_line' id='line_1_83' title="bbox 336 5619 1948 5701; baseline -0.005 -19"><span class='ocrx_word' id='word_1_616' title='bbox 336 5625 461 5701; x_wconf 76' lang='grc' dir='ltr'>ρίῳ,</span> <span class='ocrx_word' id='word_1_617' title='bbox 491 5628 544 5682; x_wconf 86' lang='grc' dir='ltr'>οἱ</span> <span class='ocrx_word' id='word_1_618' title='bbox 576 5622 769 5687; x_wconf 79' lang='grc' dir='ltr'>παῖδές</span> <span class='ocrx_word' id='word_1_619' title='bbox 801 5639 896 5677; x_wconf 89' lang='grc' dir='ltr'><strong>σου</strong></span> <span class='ocrx_word' id='word_1_620' title='bbox 921 5639 936 5654; x_wconf 81' lang='grc'><em>’</em></span> <span class='ocrx_word' id='word_1_621' title='bbox 977 5620 1253 5694; x_wconf 79' lang='grc' dir='ltr'>Ῥᾴθυμος</span> <span class='ocrx_word' id='word_1_622' title='bbox 1282 5621 1311 5673; x_wconf 85' lang='lat'><strong>6</strong></span> <span class='ocrx_word' id='word_1_623' title='bbox 1332 5619 1402 5675; x_wconf 83' lang='grc' dir='ltr'><strong>τά</strong></span> <span class='ocrx_word' id='word_1_624' title='bbox 1430 5619 1781 5691; x_wconf 86' lang='grc' dir='ltr'>πραττόμενα</span> <span class='ocrx_word' id='word_1_625' title='bbox 1810 5619 1948 5691; x_wconf 83' lang='grc' dir='ltr'>γρά-</span> 
     </span>
    </p>
   </div>
   <div class='ocr_carea' id='block_1_84' title="bbox 404 5800 1579 5876">
    <p class='ocr_par' dir='ltr' id='par_1_84' title="bbox 404 5800 1579 5876">
     <span class='ocr_line' id='line_1_84' title="bbox 404 5800 1579 5876; baseline -0.005 -15"><span class='ocrx_word' id='word_1_626' title='bbox 404 5805 453 5838; x_wconf 83' lang='grc'>⁶⁵</span> <span class='ocrx_word' id='word_1_627' title='bbox 492 5804 694 5876; x_wconf 70' lang='lat' dir='ltr'><strong>liplies.</strong></span> <span class='ocrx_word' id='word_1_628' title='bbox 730 5818 803 5870; x_wconf 76' lang='lat' dir='ltr'><strong>Ix,</strong></span> <span class='ocrx_word' id='word_1_629' title='bbox 834 5803 919 5858; x_wconf 80' lang='grc'><strong>15.</strong></span> <span class='ocrx_word' id='word_1_630' title='bbox 1035 5800 1078 5836; x_wconf 77' lang='grc'><strong><em>⁸⁷</em></strong></span> <span class='ocrx_word' id='word_1_631' title='bbox 1105 5800 1243 5857; x_wconf 85' lang='lat' dir='ltr'><strong>Gen.</strong></span> <span class='ocrx_word' id='word_1_632' title='bbox 1284 5815 1436 5868; x_wconf 68' lang='grc' dir='ltr'>ηις,</span> <span class='ocrx_word' id='word_1_633' title='bbox 1492 5800 1579 5855; x_wconf 88' lang='lat' dir='ltr'><strong>l0.</strong></span> 
     </span>
    </p>
   </div>
   <div class='ocr_carea' id='block_1_85' title="bbox 2700 2984 2968 3044">
    <p class='ocr_par' dir='ltr' id='par_1_85' title="bbox 2700 2984 2968 3044">
     <span class='ocr_line' id='line_1_85' title="bbox 2700 2984 2968 3044; baseline 0 -2"><span class='ocrx_word' id='word_1_634' title='bbox 2700 2984 2858 3044; x_wconf 84' lang='lat' dir='ltr'><strong>CAP.</strong></span> <span class='ocrx_word' id='word_1_635' title='bbox 2878 2986 2968 3043; x_wconf 80' lang='lat' dir='ltr'><strong>IX.</strong></span> 
     </span>
    </p>
   </div>
   <div class='ocr_carea' id='block_1_86' title="bbox 2118 3121 3652 3194">
    <p class='ocr_par' dir='ltr' id='par_1_86' title="bbox 2118 3121 3652 3194">
     <span class='ocr_line' id='line_1_86' title="bbox 2118 3121 3652 3194; baseline -0.002 -9"><span class='ocrx_word' id='word_1_636' title='bbox 2118 3128 2287 3185; x_wconf 75' lang='lat' dir='ltr'><strong>Vsus.</strong></span> <span class='ocrx_word' id='word_1_637' title='bbox 2344 3126 2482 3194; x_wconf 68' lang='lat'><strong>1,2.</strong></span> <span class='ocrx_word' id='word_1_638' title='bbox 2546 3124 2850 3193; x_wconf 71' lang='lat' dir='ltr'><strong>Assumptio</strong></span> <span class='ocrx_word' id='word_1_639' title='bbox 2911 3121 3050 3177; x_wconf 84' lang='lat' dir='ltr'><strong>verbi</strong></span> <span class='ocrx_word' id='word_1_640' title='bbox 3105 3121 3327 3178; x_wconf 79' lang='lat' dir='ltr'><strong>Domini</strong></span> <span class='ocrx_word' id='word_1_641' title='bbox 3405 3126 3461 3179; x_wconf 83' lang='lat' dir='ltr'><strong>in</strong></span> <span class='ocrx_word' id='word_1_642' title='bbox 3508 3137 3652 3182; x_wconf 83' lang='lat' dir='ltr'><strong>terra</strong></span> 
     </span>
    </p>
   </div>
   <div class='ocr_carea' id='block_1_87' title="bbox 2046 3212 3653 3289">
    <p class='ocr_par' dir='ltr' id='par_1_87' title="bbox 2046 3212 3653 3289">
     <span class='ocr_line' id='line_1_87' title="bbox 2046 3212 3653 3289; baseline -0.002 -12"><span class='ocrx_word' id='word_1_643' title='bbox 2046 3222 2282 3289; x_wconf 80' lang='lat' dir='ltr'><strong>Adrach,</strong></span> <span class='ocrx_word' id='word_1_644' title='bbox 2311 3229 2359 3274; x_wconf 86' lang='lat' dir='ltr'><strong>et</strong></span> <span class='ocrx_word' id='word_1_645' title='bbox 2400 3212 2653 3273; x_wconf 79' lang='lat' dir='ltr'><strong>Damasci</strong></span> <span class='ocrx_word' id='word_1_646' title='bbox 2682 3218 2887 3287; x_wconf 79' lang='lat' dir='ltr'><strong>requies</strong></span> <span class='ocrx_word' id='word_1_647' title='bbox 2926 3215 3061 3285; x_wconf 73' lang='lat' dir='ltr'><strong>ejus,</strong></span> <span class='ocrx_word' id='word_1_648' title='bbox 3097 3218 3220 3280; x_wconf 85' lang='lat' dir='ltr'><strong>quia</strong></span> <span class='ocrx_word' id='word_1_649' title='bbox 3283 3214 3540 3273; x_wconf 74' lang='lat' dir='ltr'><strong>Dominus</strong></span> <span class='ocrx_word' id='word_1_650' title='bbox 3568 3236 3653 3274; x_wconf 84' lang='lat' dir='ltr'><strong>re-</strong></span> 
     </span>
    </p>
   </div>
   <div class='ocr_carea' id='block_1_88' title="bbox 2046 3308 3650 3386">
    <p class='ocr_par' dir='ltr' id='par_1_88' title="bbox 2046 3308 3650 3386">
     <span class='ocr_line' id='line_1_88' title="bbox 2046 3308 3650 3386; baseline -0.002 -16"><span class='ocrx_word' id='word_1_651' title='bbox 2046 3308 2202 3386; x_wconf 71' lang='lat' dir='ltr'><strong>spicit</strong></span> <span class='ocrx_word' id='word_1_652' title='bbox 2238 3314 2497 3379; x_wconf 77' lang='lat' dir='ltr'><strong>homines,</strong></span> <span class='ocrx_word' id='word_1_653' title='bbox 2537 3322 2585 3367; x_wconf 83' lang='lat' dir='ltr'><strong>et</strong></span> <span class='ocrx_word' id='word_1_654' title='bbox 2613 3326 2792 3368; x_wconf 77' lang='lat' dir='ltr'><strong>omnes</strong></span> <span class='ocrx_word' id='word_1_655' title='bbox 2819 3309 2989 3365; x_wconf 75' lang='lat' dir='ltr'><strong>tribus</strong></span> <span class='ocrx_word' id='word_1_656' title='bbox 3017 3308 3210 3366; x_wconf 78' lang='lat' dir='ltr'><strong>Israel.</strong></span> <span class='ocrx_word' id='word_1_657' title='bbox 3237 3309 3305 3365; x_wconf 81' lang='lat' dir='ltr'><strong>Et</strong></span> <span class='ocrx_word' id='word_1_658' title='bbox 3339 3309 3537 3368; x_wconf 77' lang='lat' dir='ltr'><strong>Emam</strong></span> <span class='ocrx_word' id='word_1_659' title='bbox 3594 3314 3650 3367; x_wconf 78' lang='lat' dir='ltr'><strong>in</strong></span> 
     </span>
    </p>
   </div>
   <div class='ocr_carea' id='block_1_89' title="bbox 2047 3404 2408 3477">
    <p class='ocr_par' dir='ltr' id='par_1_89' title="bbox 2047 3404 2408 3477">
     <span class='ocr_line' id='line_1_89' title="bbox 2047 3404 2408 3477; baseline -0.011 -15"><span class='ocrx_word' id='word_1_660' title='bbox 2047 3406 2244 3477; x_wconf 76' lang='lat' dir='ltr'><strong>ﬁnibus</strong></span> <span class='ocrx_word' id='word_1_661' title='bbox 2269 3404 2408 3474; x_wconf 84' lang='lat' dir='ltr'><strong>ejus.</strong></span> 
     </span>
    </p>
   </div>
   <div class='ocr_carea' id='block_1_90' title="bbox 2118 3493 3655 3561">
    <p class='ocr_par' dir='ltr' id='par_1_90' title="bbox 2118 3493 3655 3561">
     <span class='ocr_line' id='line_1_90' title="bbox 2118 3493 3655 3561; baseline 0 -8"><span class='ocrx_word' id='word_1_662' title='bbox 2118 3497 2229 3554; x_wconf 93' lang='lat' dir='ltr'><strong>Lll.</strong></span> <span class='ocrx_word' id='word_1_663' title='bbox 2261 3496 2436 3554; x_wconf 88' lang='lat' dir='ltr'><strong>Locus</strong></span> <span class='ocrx_word' id='word_1_664' title='bbox 2495 3493 2833 3561; x_wconf 79' lang='lat' dir='ltr'><strong>salebrosos,</strong></span> <span class='ocrx_word' id='word_1_665' title='bbox 2869 3503 2927 3550; x_wconf 91' lang='lat' dir='ltr'><strong>et</strong></span> <span class='ocrx_word' id='word_1_666' title='bbox 2965 3493 3261 3551; x_wconf 82' lang='lat' dir='ltr'><strong>verborum</strong></span> <span class='ocrx_word' id='word_1_667' title='bbox 3324 3495 3425 3552; x_wconf 87' lang='lat' dir='ltr'><strong>ista</strong></span> <span class='ocrx_word' id='word_1_668' title='bbox 3481 3498 3655 3554; x_wconf 76' lang='lat' dir='ltr'><strong>series</strong></span> 
     </span>
    </p>
   </div>
   <div class='ocr_carea' id='block_1_91' title="bbox 2049 3584 3652 3659">
    <p class='ocr_par' dir='ltr' id='par_1_91' title="bbox 2049 3584 3652 3659">
     <span class='ocr_line' id='line_1_91' title="bbox 2049 3584 3652 3659; baseline -0.001 -13"><span class='ocrx_word' id='word_1_669' title='bbox 2049 3588 2283 3646; x_wconf 68' lang='lat' dir='ltr'><strong>difﬁcilis</strong></span> <span class='ocrx_word' id='word_1_670' title='bbox 2327 3592 2395 3644; x_wconf 86' lang='lat' dir='ltr'><strong>ad</strong></span> <span class='ocrx_word' id='word_1_671' title='bbox 2460 3587 2896 3659; x_wconf 88' lang='lat' dir='ltr'><strong>intelligendum.</strong></span> <span class='ocrx_word' id='word_1_672' title='bbox 2949 3584 3363 3655; x_wconf 80' lang='lat' dir='ltr'><strong>Verumtamen,</strong></span> <span class='ocrx_word' id='word_1_673' title='bbox 3387 3600 3652 3658; x_wconf 87' lang='lat' dir='ltr'><strong>quantum</strong></span> 
     </span>
    </p>
   </div>
   <div class='ocr_carea' id='block_1_92' title="bbox 2050 3676 3650 3749">
    <p class='ocr_par' dir='ltr' id='par_1_92' title="bbox 2050 3676 3650 3749">
     <span class='ocr_line' id='line_1_92' title="bbox 2050 3676 3650 3749; baseline -0.003 -10"><span class='ocrx_word' id='word_1_674' title='bbox 2050 3681 2105 3739; x_wconf 88' lang='lat' dir='ltr'><strong>in</strong></span> <span class='ocrx_word' id='word_1_675' title='bbox 2133 3682 2289 3739; x_wconf 89' lang='lat' dir='ltr'><strong>nobis</strong></span> <span class='ocrx_word' id='word_1_676' title='bbox 2315 3690 2422 3748; x_wconf 91' lang='lat' dir='ltr'><strong>est,</strong></span> <span class='ocrx_word' id='word_1_677' title='bbox 2441 3696 2564 3737; x_wconf 88' lang='lat' dir='ltr'><strong>eam</strong></span> <span class='ocrx_word' id='word_1_678' title='bbox 2609 3680 2991 3737; x_wconf 87' lang='lat' dir='ltr'><strong>enodabimus.</strong></span> <span class='ocrx_word' id='word_1_679' title='bbox 3047 3676 3220 3736; x_wconf 86' lang='lat' dir='ltr'><strong>Porro</strong></span> <span class='ocrx_word' id='word_1_680' title='bbox 3266 3679 3650 3749; x_wconf 83' lang='lat' dir='ltr'><strong>explicandum</strong></span> 
     </span>
    </p>
   </div>
   <div class='ocr_carea' id='block_1_93' title="bbox 2049 3771 3653 3848">
    <p class='ocr_par' dir='ltr' id='par_1_93' title="bbox 2049 3771 3653 3848">
     <span class='ocr_line' id='line_1_93' title="bbox 2049 3771 3653 3848; baseline -0.001 -18"><span class='ocrx_word' id='word_1_681' title='bbox 2049 3776 2201 3848; x_wconf 89' lang='lat' dir='ltr'><strong>prius</strong></span> <span class='ocrx_word' id='word_1_682' title='bbox 2232 3774 2301 3831; x_wconf 90' lang='lat' dir='ltr'><strong>de</strong></span> <span class='ocrx_word' id='word_1_683' title='bbox 2329 3774 2526 3845; x_wconf 84' lang='lat' dir='ltr'><strong>quibus</strong></span> <span class='ocrx_word' id='word_1_684' title='bbox 2556 3773 2656 3829; x_wconf 90' lang='lat' dir='ltr'><strong>ista</strong></span> <span class='ocrx_word' id='word_1_685' title='bbox 2686 3773 2831 3828; x_wconf 87' lang='lat' dir='ltr'><strong>dicta</strong></span> <span class='ocrx_word' id='word_1_686' title='bbox 2882 3771 3078 3827; x_wconf 87' lang='lat' dir='ltr'><strong>merito</strong></span> <span class='ocrx_word' id='word_1_687' title='bbox 3130 3772 3530 3828; x_wconf 80' lang='lat' dir='ltr'><strong>existimemus.</strong></span> <span class='ocrx_word' id='word_1_688' title='bbox 3560 3772 3653 3828; x_wconf 84' lang='lat' dir='ltr'><strong>Sic</strong></span> 
     </span>
    </p>
   </div>
   <div class='ocr_carea' id='block_1_94' title="bbox 2050 3863 3655 3934">
    <p class='ocr_par' dir='ltr' id='par_1_94' title="bbox 2050 3863 3655 3934">
     <span class='ocr_line' id='line_1_94' title="bbox 2050 3863 3655 3934; baseline -0.004 -10"><span class='ocrx_word' id='word_1_689' title='bbox 2050 3869 2222 3933; x_wconf 88' lang='lat' dir='ltr'><strong>enim,</strong></span> <span class='ocrx_word' id='word_1_690' title='bbox 2255 3875 2313 3923; x_wconf 90' lang='lat' dir='ltr'><strong>et</strong></span> <span class='ocrx_word' id='word_1_691' title='bbox 2341 3867 2429 3922; x_wconf 83' lang='lat' dir='ltr'><strong>vix</strong></span> <span class='ocrx_word' id='word_1_692' title='bbox 2466 3875 2652 3923; x_wconf 89' lang='lat' dir='ltr'><strong>tamen</strong></span> <span class='ocrx_word' id='word_1_693' title='bbox 2684 3863 2936 3920; x_wconf 82' lang='lat' dir='ltr'><strong>vaticinii</strong></span> <span class='ocrx_word' id='word_1_694' title='bbox 2973 3879 3171 3920; x_wconf 82' lang='lat' dir='ltr'><strong>sensus</strong></span> <span class='ocrx_word' id='word_1_695' title='bbox 3201 3863 3447 3934; x_wconf 89' lang='lat' dir='ltr'><strong>liquebit.</strong></span> <span class='ocrx_word' id='word_1_696' title='bbox 3467 3864 3655 3931; x_wconf 84' lang='lat' dir='ltr'><strong>Quan-</strong></span> 
     </span>
    </p>
   </div>
   <div class='ocr_carea' id='block_1_95' title="bbox 2051 3956 3653 4031">
    <p class='ocr_par' dir='ltr' id='par_1_95' title="bbox 2051 3956 3653 4031">
     <span class='ocr_line' id='line_1_95' title="bbox 2051 3956 3653 4031; baseline -0.003 -14"><span class='ocrx_word' id='word_1_697' title='bbox 2051 3962 2120 4018; x_wconf 84' lang='lat' dir='ltr'><strong>du</strong></span> <span class='ocrx_word' id='word_1_698' title='bbox 2156 3959 2674 4031; x_wconf 77' lang='lat' dir='ltr'><strong>igiturcaptivitatis</strong></span> <span class='ocrx_word' id='word_1_699' title='bbox 2700 3956 2928 4013; x_wconf 83' lang='lat' dir='ltr'><strong>vinculis</strong></span> <span class='ocrx_word' id='word_1_700' title='bbox 2957 3956 3190 4013; x_wconf 88' lang='lat' dir='ltr'><strong>emissus</strong></span> <span class='ocrx_word' id='word_1_701' title='bbox 3259 3956 3519 4013; x_wconf 82' lang='lat' dir='ltr'><strong>liberatus</strong></span> <span class='ocrx_word' id='word_1_702' title='bbox 3569 3968 3653 4012; x_wconf 86' lang='lat' dir='ltr'><strong>est</strong></span> 
     </span>
    </p>
   </div>
   <div class='ocr_carea' id='block_1_96' title="bbox 2052 4048 3651 4121">
    <p class='ocr_par' dir='ltr' id='par_1_96' title="bbox 2052 4048 3651 4121">
     <span class='ocr_line' id='line_1_96' title="bbox 2052 4048 3651 4121; baseline -0.004 -10"><span class='ocrx_word' id='word_1_703' title='bbox 2052 4055 2184 4111; x_wconf 88' lang='lat' dir='ltr'><strong>olim</strong></span> <span class='ocrx_word' id='word_1_704' title='bbox 2211 4053 2400 4121; x_wconf 85' lang='lat' dir='ltr'><strong>Israel,</strong></span> <span class='ocrx_word' id='word_1_705' title='bbox 2429 4060 2485 4108; x_wconf 87' lang='lat' dir='ltr'><strong>et</strong></span> <span class='ocrx_word' id='word_1_706' title='bbox 2508 4053 2581 4107; x_wconf 90' lang='lat' dir='ltr'><strong>ita</strong></span> <span class='ocrx_word' id='word_1_707' title='bbox 2613 4051 2668 4106; x_wconf 90' lang='lat' dir='ltr'><strong>in</strong></span> <span class='ocrx_word' id='word_1_708' title='bbox 2694 4051 2937 4109; x_wconf 64' lang='lat' dir='ltr'><strong>Iudaeam</strong></span> <span class='ocrx_word' id='word_1_709' title='bbox 2970 4049 3205 4116; x_wconf 87' lang='lat' dir='ltr'><strong>revenit,</strong></span> <span class='ocrx_word' id='word_1_710' title='bbox 3240 4057 3296 4105; x_wconf 90' lang='lat' dir='ltr'><strong>et</strong></span> <span class='ocrx_word' id='word_1_711' title='bbox 3346 4048 3651 4105; x_wconf 80' lang='lat' dir='ltr'><strong>Jerusalem</strong></span> 
     </span>
    </p>
   </div>
   <div class='ocr_carea' id='block_1_97' title="bbox 2054 4138 3654 4215">
    <p class='ocr_par' dir='ltr' id='par_1_97' title="bbox 2054 4138 3654 4215">
     <span class='ocr_line' id='line_1_97' title="bbox 2054 4138 3654 4215; baseline -0.005 -12"><span class='ocrx_word' id='word_1_712' title='bbox 2054 4147 2365 4204; x_wconf 87' lang='lat' dir='ltr'><strong>instaurare</strong></span> <span class='ocrx_word' id='word_1_713' title='bbox 2396 4143 2632 4215; x_wconf 91' lang='lat' dir='ltr'><strong>occepit,</strong></span> <span class='ocrx_word' id='word_1_714' title='bbox 2657 4153 2804 4211; x_wconf 89' lang='lat' dir='ltr'><strong>tunc,</strong></span> <span class='ocrx_word' id='word_1_715' title='bbox 2834 4152 2961 4199; x_wconf 91' lang='lat' dir='ltr'><strong>tunc</strong></span> <span class='ocrx_word' id='word_1_716' title='bbox 2987 4143 3184 4199; x_wconf 79' lang='lat' dir='ltr'><strong>vicime</strong></span> <span class='ocrx_word' id='word_1_717' title='bbox 3215 4150 3426 4213; x_wconf 86' lang='lat' dir='ltr'><strong>gentes,</strong></span> <span class='ocrx_word' id='word_1_718' title='bbox 3462 4138 3654 4196; x_wconf 87' lang='lat' dir='ltr'><strong>Sama-</strong></span> 
     </span>
    </p>
   </div>
   <div class='ocr_carea' id='block_1_98' title="bbox 2052 4232 3652 4304">
    <p class='ocr_par' dir='ltr' id='par_1_98' title="bbox 2052 4232 3652 4304">
     <span class='ocr_line' id='line_1_98' title="bbox 2052 4232 3652 4304; baseline -0.006 -9"><span class='ocrx_word' id='word_1_719' title='bbox 2052 4239 2194 4304; x_wconf 68' lang='lat' dir='ltr'><strong>ritae.</strong></span> <span class='ocrx_word' id='word_1_720' title='bbox 2230 4248 2283 4294; x_wconf 91' lang='lat' dir='ltr'><strong>et</strong></span> <span class='ocrx_word' id='word_1_721' title='bbox 2300 4236 2602 4303; x_wconf 71' lang='lat' dir='ltr'><strong>Palaestini,</strong></span> <span class='ocrx_word' id='word_1_722' title='bbox 2633 4246 2688 4293; x_wconf 92' lang='lat' dir='ltr'><strong>et</strong></span> <span class='ocrx_word' id='word_1_723' title='bbox 2710 4234 3017 4301; x_wconf 67' lang='lat' dir='ltr'><strong>Phoenices,</strong></span> <span class='ocrx_word' id='word_1_724' title='bbox 3046 4233 3249 4290; x_wconf 88' lang='lat' dir='ltr'><strong>invidia</strong></span> <span class='ocrx_word' id='word_1_725' title='bbox 3275 4232 3555 4297; x_wconf 85' lang='lat' dir='ltr'><strong>ardentes,</strong></span> <span class='ocrx_word' id='word_1_726' title='bbox 3582 4232 3652 4297; x_wconf 79' lang='lat' dir='ltr'><strong>ti-</strong></span> 
     </span>
    </p>
   </div>
   <div class='ocr_carea' id='block_1_99' title="bbox 2054 4325 3654 4401">
    <p class='ocr_par' dir='ltr' id='par_1_99' title="bbox 2054 4325 3654 4401">
     <span class='ocr_line' id='line_1_99' title="bbox 2054 4325 3654 4401; baseline -0.004 -14"><span class='ocrx_word' id='word_1_727' title='bbox 2054 4342 2374 4401; x_wconf 84' lang='lat' dir='ltr'><strong>mentesque</strong></span> <span class='ocrx_word' id='word_1_728' title='bbox 2393 4328 2557 4386; x_wconf 85' lang='lat' dir='ltr'><strong>simul</strong></span> <span class='ocrx_word' id='word_1_729' title='bbox 2583 4344 2681 4396; x_wconf 91' lang='lat' dir='ltr'><strong>ne,</strong></span> <span class='ocrx_word' id='word_1_730' title='bbox 2711 4327 2877 4385; x_wconf 86' lang='lat' dir='ltr'><strong>rebus</strong></span> <span class='ocrx_word' id='word_1_731' title='bbox 2906 4327 3125 4384; x_wconf 90' lang='lat' dir='ltr'><strong>illorum</strong></span> <span class='ocrx_word' id='word_1_732' title='bbox 3156 4326 3224 4382; x_wconf 88' lang='lat' dir='ltr'><strong>ad</strong></span> <span class='ocrx_word' id='word_1_733' title='bbox 3246 4326 3533 4397; x_wconf 89' lang='lat' dir='ltr'><strong>pristinam</strong></span> <span class='ocrx_word' id='word_1_734' title='bbox 3576 4325 3654 4381; x_wconf 86' lang='lat' dir='ltr'><strong>in-</strong></span> 
     </span>
    </p>
   </div>
   <div class='ocr_carea' id='block_1_100' title="bbox 2052 4420 3654 4493">
    <p class='ocr_par' dir='ltr' id='par_1_100' title="bbox 2052 4420 3654 4493">
     <span class='ocr_line' id='line_1_100' title="bbox 2052 4420 3654 4493; baseline -0.005 -11"><span class='ocrx_word' id='word_1_735' title='bbox 2052 4424 2428 4482; x_wconf 88' lang='lat' dir='ltr'><strong>columitatem</strong></span> <span class='ocrx_word' id='word_1_736' title='bbox 2461 4423 2755 4489; x_wconf 82' lang='lat' dir='ltr'><strong>revocatis,</strong></span> <span class='ocrx_word' id='word_1_737' title='bbox 2791 4430 2846 4477; x_wconf 92' lang='lat' dir='ltr'><strong>et</strong></span> <span class='ocrx_word' id='word_1_738' title='bbox 2874 4434 3072 4493; x_wconf 78' lang='lat' dir='ltr'><strong>genere</strong></span> <span class='ocrx_word' id='word_1_739' title='bbox 3112 4420 3168 4475; x_wconf 92' lang='lat' dir='ltr'><strong>in</strong></span> <span class='ocrx_word' id='word_1_740' title='bbox 3197 4420 3526 4477; x_wconf 88' lang='lat' dir='ltr'><strong>immensum</strong></span> <span class='ocrx_word' id='word_1_741' title='bbox 3554 4434 3654 4475; x_wconf 84' lang='lat' dir='ltr'><strong>au-</strong></span> 
     </span>
    </p>
   </div>
   <div class='ocr_carea' id='block_1_101' title="bbox 2052 4510 3655 4585">
    <p class='ocr_par' dir='ltr' id='par_1_101' title="bbox 2052 4510 3655 4585">
     <span class='ocr_line' id='line_1_101' title="bbox 2052 4510 3655 4585; baseline -0.004 -11"><span class='ocrx_word' id='word_1_742' title='bbox 2052 4528 2163 4585; x_wconf 91' lang='lat' dir='ltr'><strong>cto,</strong></span> <span class='ocrx_word' id='word_1_743' title='bbox 2190 4531 2314 4573; x_wconf 90' lang='lat' dir='ltr'><strong>cum</strong></span> <span class='ocrx_word' id='word_1_744' title='bbox 2346 4515 2541 4572; x_wconf 85' lang='lat' dir='ltr'><strong>urbem</strong></span> <span class='ocrx_word' id='word_1_745' title='bbox 2565 4516 2834 4572; x_wconf 89' lang='lat' dir='ltr'><strong>haberent</strong></span> <span class='ocrx_word' id='word_1_746' title='bbox 2905 4522 3220 4585; x_wconf 82' lang='lat' dir='ltr'><strong>expugnatu</strong></span> <span class='ocrx_word' id='word_1_747' title='bbox 3270 4510 3541 4568; x_wconf 81' lang='lat' dir='ltr'><strong>difﬁcilem</strong></span> <span class='ocrx_word' id='word_1_748' title='bbox 3588 4526 3655 4567; x_wconf 87' lang='lat' dir='ltr'><strong>ae</strong></span> 
     </span>
    </p>
   </div>
   <div class='ocr_carea' id='block_1_102' title="bbox 2051 4604 3654 4679">
    <p class='ocr_par' dir='ltr' id='par_1_102' title="bbox 2051 4604 3654 4679">
     <span class='ocr_line' id='line_1_102' title="bbox 2051 4604 3654 4679; baseline -0.004 -13"><span class='ocrx_word' id='word_1_749' title='bbox 2051 4611 2504 4676; x_wconf 83' lang='lat' dir='ltr'><strong>munitissimam,</strong></span> <span class='ocrx_word' id='word_1_750' title='bbox 2532 4609 2730 4666; x_wconf 89' lang='lat' dir='ltr'><strong>deinde</strong></span> <span class='ocrx_word' id='word_1_751' title='bbox 2773 4606 2923 4679; x_wconf 89' lang='lat' dir='ltr'><strong>ipsos</strong></span> <span class='ocrx_word' id='word_1_752' title='bbox 2983 4605 3125 4664; x_wconf 87' lang='lat' dir='ltr'><strong>bello</strong></span> <span class='ocrx_word' id='word_1_753' title='bbox 3189 4604 3546 4670; x_wconf 86' lang='lat' dir='ltr'><strong>lacesserent,</strong></span> <span class='ocrx_word' id='word_1_754' title='bbox 3595 4612 3654 4660; x_wconf 88' lang='lat' dir='ltr'><strong>et</strong></span> 
     </span>
    </p>
   </div>
   <div class='ocr_carea' id='block_1_103' title="bbox 2056 4694 3650 4766">
    <p class='ocr_par' dir='ltr' id='par_1_103' title="bbox 2056 4694 3650 4766">
     <span class='ocr_line' id='line_1_103' title="bbox 2056 4694 3650 4766; baseline -0.006 -9"><span class='ocrx_word' id='word_1_755' title='bbox 2056 4701 2344 4766; x_wconf 87' lang='lat' dir='ltr'><strong>invictum,</strong></span> <span class='ocrx_word' id='word_1_756' title='bbox 2379 4707 2440 4756; x_wconf 90' lang='lat' dir='ltr'><strong>ut</strong></span> <span class='ocrx_word' id='word_1_757' title='bbox 2458 4700 2611 4765; x_wconf 90' lang='lat' dir='ltr'><strong>olim,</strong></span> <span class='ocrx_word' id='word_1_758' title='bbox 2644 4707 2835 4754; x_wconf 90' lang='lat' dir='ltr'><strong>contra</strong></span> <span class='ocrx_word' id='word_1_759' title='bbox 2858 4712 2919 4754; x_wconf 86' lang='lat' dir='ltr'><strong>se</strong></span> <span class='ocrx_word' id='word_1_760' title='bbox 2948 4696 3254 4753; x_wconf 82' lang='lat' dir='ltr'><strong>exercitum</strong></span> <span class='ocrx_word' id='word_1_761' title='bbox 3290 4694 3650 4762; x_wconf 84' lang='lat' dir='ltr'><strong>adducerent,</strong></span> 
     </span>
    </p>
   </div>
   <div class='ocr_carea' id='block_1_104' title="bbox 2051 4786 3651 4861">
    <p class='ocr_par' dir='ltr' id='par_1_104' title="bbox 2051 4786 3651 4861">
     <span class='ocr_line' id='line_1_104' title="bbox 2051 4786 3651 4861; baseline -0.006 -10"><span class='ocrx_word' id='word_1_762' title='bbox 2051 4795 2138 4851; x_wconf 90' lang='lat' dir='ltr'><strong>bis</strong></span> <span class='ocrx_word' id='word_1_763' title='bbox 2159 4795 2229 4851; x_wconf 91' lang='lat' dir='ltr'><strong>de</strong></span> <span class='ocrx_word' id='word_1_764' title='bbox 2250 4794 2432 4851; x_wconf 86' lang='lat' dir='ltr'><strong>causis</strong></span> <span class='ocrx_word' id='word_1_765' title='bbox 2458 4806 2647 4848; x_wconf 88' lang='lat' dir='ltr'><strong>muros</strong></span> <span class='ocrx_word' id='word_1_766' title='bbox 2665 4790 2941 4848; x_wconf 61' lang='lat' dir='ltr'><strong>aedificare</strong></span> <span class='ocrx_word' id='word_1_767' title='bbox 2956 4803 3244 4861; x_wconf 76' lang='lat' dir='ltr'><strong>aggressos</strong></span> <span class='ocrx_word' id='word_1_768' title='bbox 3268 4786 3531 4858; x_wconf 90' lang='lat' dir='ltr'><strong>impedire</strong></span> <span class='ocrx_word' id='word_1_769' title='bbox 3553 4801 3651 4843; x_wconf 90' lang='lat' dir='ltr'><strong>co-</strong></span> 
     </span>
    </p>
   </div>
   <div class='ocr_carea' id='block_1_105' title="bbox 2054 4881 3651 4953">
    <p class='ocr_par' dir='ltr' id='par_1_105' title="bbox 2054 4881 3651 4953">
     <span class='ocr_line' id='line_1_105' title="bbox 2054 4881 3651 4953; baseline -0.004 -10"><span class='ocrx_word' id='word_1_770' title='bbox 2054 4885 2168 4944; x_wconf 86' lang='lat' dir='ltr'><strong>nati</strong></span> <span class='ocrx_word' id='word_1_771' title='bbox 2206 4895 2358 4953; x_wconf 86' lang='lat' dir='ltr'><strong>sunt,</strong></span> <span class='ocrx_word' id='word_1_772' title='bbox 2388 4886 2558 4942; x_wconf 86' lang='lat' dir='ltr'><strong>verba</strong></span> <span class='ocrx_word' id='word_1_773' title='bbox 2592 4883 2933 4940; x_wconf 88' lang='lat' dir='ltr'><strong>amarulenta</strong></span> <span class='ocrx_word' id='word_1_774' title='bbox 2956 4883 3254 4952; x_wconf 71' lang='lat' dir='ltr'><strong>iactantes,</strong></span> <span class='ocrx_word' id='word_1_775' title='bbox 3276 4890 3331 4938; x_wconf 89' lang='lat' dir='ltr'><strong>et</strong></span> <span class='ocrx_word' id='word_1_776' title='bbox 3353 4881 3651 4953; x_wconf 86' lang='lat' dir='ltr'><strong>populatio-</strong></span> 
     </span>
    </p>
   </div>
   <div class='ocr_carea' id='block_1_106' title="bbox 2047 4973 3650 5050">
    <p class='ocr_par' dir='ltr' id='par_1_106' title="bbox 2047 4973 3650 5050">
     <span class='ocr_line' id='line_1_106' title="bbox 2047 4973 3650 5050; baseline -0.003 -16"><span class='ocrx_word' id='word_1_777' title='bbox 2047 4977 2212 5036; x_wconf 88' lang='lat' dir='ltr'><strong>nibus</strong></span> <span class='ocrx_word' id='word_1_778' title='bbox 2237 4979 2291 5035; x_wconf 91' lang='lat' dir='ltr'><strong>in</strong></span> <span class='ocrx_word' id='word_1_779' title='bbox 2319 4993 2413 5035; x_wconf 91' lang='lat' dir='ltr'><strong>eos</strong></span> <span class='ocrx_word' id='word_1_780' title='bbox 2435 4987 2774 5050; x_wconf 88' lang='lat' dir='ltr'><strong>grassantes.</strong></span> <span class='ocrx_word' id='word_1_781' title='bbox 2806 4975 2885 5032; x_wconf 86' lang='lat' dir='ltr'><strong>Eo</strong></span> <span class='ocrx_word' id='word_1_782' title='bbox 2938 4984 3121 5032; x_wconf 88' lang='lat' dir='ltr'><strong>autem</strong></span> <span class='ocrx_word' id='word_1_783' title='bbox 3156 4973 3573 5032; x_wconf 85' lang='lat' dir='ltr'><strong>obtrectationis</strong></span> <span class='ocrx_word' id='word_1_784' title='bbox 3596 4982 3650 5030; x_wconf 84' lang='lat' dir='ltr'><strong>et</strong></span> 
     </span>
    </p>
   </div>
   <div class='ocr_carea' id='block_1_107' title="bbox 2050 5066 3649 5142">
    <p class='ocr_par' dir='ltr' id='par_1_107' title="bbox 2050 5066 3649 5142">
     <span class='ocr_line' id='line_1_107' title="bbox 2050 5066 3649 5142; baseline -0.005 -16"><span class='ocrx_word' id='word_1_785' title='bbox 2050 5070 2267 5126; x_wconf 72' lang='lat' dir='ltr'><strong>invidiae</strong></span> <span class='ocrx_word' id='word_1_786' title='bbox 2286 5070 2708 5142; x_wconf 88' lang='lat' dir='ltr'><strong>prodierunt,ut</strong></span> <span class='ocrx_word' id='word_1_787' title='bbox 2734 5069 2845 5141; x_wconf 77' lang='lat' dir='ltr'><strong>regi</strong></span> <span class='ocrx_word' id='word_1_788' title='bbox 2871 5067 3171 5126; x_wconf 82' lang='lat' dir='ltr'><strong>Persarum</strong></span> <span class='ocrx_word' id='word_1_789' title='bbox 3211 5081 3312 5138; x_wconf 84' lang='lat' dir='ltr'><strong>per</strong></span> <span class='ocrx_word' id='word_1_790' title='bbox 3345 5066 3397 5123; x_wconf 89' lang='lat' dir='ltr'><strong>id</strong></span> <span class='ocrx_word' id='word_1_791' title='bbox 3434 5075 3649 5137; x_wconf 78' lang='lat' dir='ltr'><strong>tempus</strong></span> 
     </span>
    </p>
   </div>
   <div class='ocr_carea' id='block_1_108' title="bbox 2050 5155 3650 5232">
    <p class='ocr_par' dir='ltr' id='par_1_108' title="bbox 2050 5155 3650 5232">
     <span class='ocr_line' id='line_1_108' title="bbox 2050 5155 3650 5232; baseline -0.004 -15"><span class='ocrx_word' id='word_1_792' title='bbox 2050 5160 2377 5226; x_wconf 89' lang='lat' dir='ltr'><strong>scriberent,</strong></span> <span class='ocrx_word' id='word_1_793' title='bbox 2439 5172 2560 5232; x_wconf 66' lang='lat' dir='ltr'><strong>quae</strong></span> <span class='ocrx_word' id='word_1_794' title='bbox 2625 5159 2693 5216; x_wconf 88' lang='lat' dir='ltr'><strong>ab</strong></span> <span class='ocrx_word' id='word_1_795' title='bbox 2763 5159 2935 5215; x_wconf 89' lang='lat' dir='ltr'><strong>Esdra</strong></span> <span class='ocrx_word' id='word_1_796' title='bbox 2993 5160 3296 5214; x_wconf 89' lang='lat' dir='ltr'><strong>recitantur</strong></span> <span class='ocrx_word' id='word_1_797' title='bbox 3357 5155 3442 5212; x_wconf 81' lang='lat' dir='ltr'><strong>his</strong></span> <span class='ocrx_word' id='word_1_798' title='bbox 3466 5156 3650 5212; x_wconf 80' lang='lat' dir='ltr'><strong>verbis</strong></span> 
     </span>
    </p>
   </div>
   <div class='ocr_carea' id='block_1_109' title="bbox 2050 5246 3644 5326">
    <p class='ocr_par' dir='ltr' id='par_1_109' title="bbox 2050 5246 3644 5326">
     <span class='ocr_line' id='line_1_109' title="bbox 2050 5246 3644 5326; baseline -0.007 -15"><span class='ocrx_word' id='word_1_799' title='bbox 2050 5256 2441 5325; x_wconf 83' lang='lat' dir='ltr'><strong>propemodum</strong></span> <span class='ocrx_word' id='word_1_800' title='bbox 2480 5270 2494 5308; x_wconf 92' lang='lat'><strong>:</strong></span> <span class='ocrx_word' id='word_1_801' title='bbox 2527 5274 2547 5307; x_wconf 72' lang='grc' dir='ltr'><strong>ι</strong></span> <span class='ocrx_word' id='word_1_802' title='bbox 2585 5251 2719 5326; x_wconf 81' lang='lat' dir='ltr'><strong>Regi</strong></span> <span class='ocrx_word' id='word_1_803' title='bbox 2749 5252 3036 5309; x_wconf 67' lang='lat' dir='ltr'><strong>Artaterxi</strong></span> <span class='ocrx_word' id='word_1_804' title='bbox 3066 5253 3308 5321; x_wconf 87' lang='lat' dir='ltr'><strong>domino,</strong></span> <span class='ocrx_word' id='word_1_805' title='bbox 3344 5250 3487 5305; x_wconf 89' lang='lat' dir='ltr'><strong>servi</strong></span> <span class='ocrx_word' id='word_1_806' title='bbox 3506 5246 3644 5316; x_wconf 81' lang='lat' dir='ltr'><strong>ejus,</strong></span> 
     </span>
    </p>
   </div>
   <div class='ocr_carea' id='block_1_110' title="bbox 2050 5339 3648 5416">
    <p class='ocr_par' dir='ltr' id='par_1_110' title="bbox 2050 5339 3648 5416">
     <span class='ocr_line' id='line_1_110' title="bbox 2050 5339 3648 5416; baseline -0.002 -19"><span class='ocrx_word' id='word_1_807' title='bbox 2050 5342 2365 5416; x_wconf 78' lang='lat' dir='ltr'><strong>Ratliymus</strong></span> <span class='ocrx_word' id='word_1_808' title='bbox 2424 5354 2672 5401; x_wconf 80' lang='lat' dir='ltr'><strong>actorum</strong></span> <span class='ocrx_word' id='word_1_809' title='bbox 2730 5345 2932 5411; x_wconf 82' lang='lat' dir='ltr'><strong>scriba,</strong></span> <span class='ocrx_word' id='word_1_810' title='bbox 2964 5354 3018 5399; x_wconf 87' lang='lat' dir='ltr'><strong>et</strong></span> <span class='ocrx_word' id='word_1_811' title='bbox 3049 5343 3318 5399; x_wconf 87' lang='lat' dir='ltr'><strong>Semelius</strong></span> <span class='ocrx_word' id='word_1_812' title='bbox 3347 5339 3545 5403; x_wconf 88' lang='lat' dir='ltr'><strong>scriba,</strong></span> <span class='ocrx_word' id='word_1_813' title='bbox 3594 5349 3648 5395; x_wconf 77' lang='grc' dir='ltr'>(ιι</span> 
     </span>
    </p>
   </div>
   <div class='ocr_carea' id='block_1_111' title="bbox 2048 5429 3648 5506">
    <p class='ocr_par' dir='ltr' id='par_1_111' title="bbox 2048 5429 3648 5506">
     <span class='ocr_line' id='line_1_111' title="bbox 2048 5429 3648 5506; baseline -0.004 -15"><span class='ocrx_word' id='word_1_814' title='bbox 2048 5436 2240 5506; x_wconf 88' lang='lat' dir='ltr'><strong>reliqui</strong></span> <span class='ocrx_word' id='word_1_815' title='bbox 2275 5438 2343 5492; x_wconf 90' lang='lat' dir='ltr'><strong>de</strong></span> <span class='ocrx_word' id='word_1_816' title='bbox 2377 5436 2630 5503; x_wconf 87' lang='lat' dir='ltr'><strong>consilio,</strong></span> <span class='ocrx_word' id='word_1_817' title='bbox 2662 5444 2719 5491; x_wconf 88' lang='lat' dir='ltr'><strong>et</strong></span> <span class='ocrx_word' id='word_1_818' title='bbox 2740 5435 2955 5504; x_wconf 85' lang='lat' dir='ltr'><strong>judices</strong></span> <span class='ocrx_word' id='word_1_819' title='bbox 2981 5435 3032 5490; x_wconf 89' lang='lat' dir='ltr'><strong>in</strong></span> <span class='ocrx_word' id='word_1_820' title='bbox 3062 5432 3357 5504; x_wconf 87' lang='lat' dir='ltr'><strong>Coelesyria</strong></span> <span class='ocrx_word' id='word_1_821' title='bbox 3400 5440 3453 5486; x_wconf 93' lang='lat' dir='ltr'><strong>et</strong></span> <span class='ocrx_word' id='word_1_822' title='bbox 3482 5429 3648 5486; x_wconf 73' lang='lat' dir='ltr'><strong>Phoe-</strong></span> 
     </span>
    </p>
   </div>
   <div class='ocr_carea' id='block_1_112' title="bbox 2048 5525 3649 5599">
    <p class='ocr_par' dir='ltr' id='par_1_112' title="bbox 2048 5525 3649 5599">
     <span class='ocr_line' id='line_1_112' title="bbox 2048 5525 3649 5599; baseline -0.004 -15"><span class='ocrx_word' id='word_1_823' title='bbox 2048 5530 2190 5584; x_wconf 89' lang='lat' dir='ltr'><strong>nice.</strong></span> <span class='ocrx_word' id='word_1_824' title='bbox 2222 5530 2388 5586; x_wconf 76' lang='lat' dir='ltr'><strong>Nosse</strong></span> <span class='ocrx_word' id='word_1_825' title='bbox 2417 5538 2468 5587; x_wconf 88' lang='lat' dir='ltr'><strong>le</strong></span> <span class='ocrx_word' id='word_1_826' title='bbox 2494 5530 2768 5594; x_wconf 87' lang='lat' dir='ltr'><strong>convenit,</strong></span> <span class='ocrx_word' id='word_1_827' title='bbox 2796 5527 3140 5594; x_wconf 69' lang='lat' dir='ltr'><strong>rex,Judmos</strong></span> <span class='ocrx_word' id='word_1_828' title='bbox 3166 5525 3500 5599; x_wconf 78' lang='lat' dir='ltr'><strong>Babylonem</strong></span> <span class='ocrx_word' id='word_1_829' title='bbox 3533 5533 3649 5579; x_wconf 81' lang='lat' dir='ltr'><strong>tra-</strong></span> 
     </span>
    </p>
   </div>
   <div class='ocr_carea' id='block_1_113' title="bbox 2048 5619 3648 5696">
    <p class='ocr_par' dir='ltr' id='par_1_113' title="bbox 2048 5619 3648 5696">
     <span class='ocr_line' id='line_1_113' title="bbox 2048 5619 3648 5696; baseline -0.006 -17"><span class='ocrx_word' id='word_1_830' title='bbox 2048 5623 2242 5680; x_wconf 86' lang='lat' dir='ltr'><strong>ductos</strong></span> <span class='ocrx_word' id='word_1_831' title='bbox 2270 5627 2483 5682; x_wconf 84' lang='lat' dir='ltr'><strong>venisse</strong></span> <span class='ocrx_word' id='word_1_832' title='bbox 2535 5625 2587 5680; x_wconf 89' lang='lat' dir='ltr'><strong>in</strong></span> <span class='ocrx_word' id='word_1_833' title='bbox 2620 5622 2954 5696; x_wconf 81' lang='lat' dir='ltr'><strong>provinciam</strong></span> <span class='ocrx_word' id='word_1_834' title='bbox 3011 5629 3281 5682; x_wconf 86' lang='lat' dir='ltr'><strong>nostram,</strong></span> <span class='ocrx_word' id='word_1_835' title='bbox 3344 5626 3398 5675; x_wconf 91' lang='lat' dir='ltr'><strong>et</strong></span> <span class='ocrx_word' id='word_1_836' title='bbox 3458 5619 3648 5674; x_wconf 85' lang='lat' dir='ltr'><strong>urbem</strong></span> 
     </span>
    </p>
   </div>
   <div class='ocr_carea' id='block_1_114' title="bbox 1699 5800 2234 5871">
    <p class='ocr_par' dir='ltr' id='par_1_114' title="bbox 1699 5800 2234 5871">
     <span class='ocr_line' id='line_1_114' title="bbox 1699 5800 2234 5871; baseline 0.006 -16"><span class='ocrx_word' id='word_1_837' title='bbox 1699 5801 1743 5833; x_wconf 77' lang='grc'><strong>⁸⁸</strong></span> <span class='ocrx_word' id='word_1_838' title='bbox 1771 5800 1912 5856; x_wconf 80' lang='lat' dir='ltr'><strong>Psal.</strong></span> <span class='ocrx_word' id='word_1_839' title='bbox 1950 5818 2151 5871; x_wconf 75' lang='lat' dir='ltr'><strong>Lxxxv,</strong></span> <span class='ocrx_word' id='word_1_840' title='bbox 2182 5802 2234 5858; x_wconf 82' lang='grc'>8.</span> 
     </span>
    </p>
   </div>
  </div>
