4130 6478
359 295 458 351 ιιι

1155 287 1716 350 COMMENTARIUS
1756 291 1824 349 IN
1865 290 2275 350 ZACHARIAM
2315 291 2766 350 PROPHETAM.

3573 301 3676 358 HE

353 412 754 487 ⁴προσήκουσαν
775 429 834 466 τε
867 399 962 466 καὶ
988 412 1325 483 ἀποχρῶσαν
1353 410 1532 483 δίκην,
1575 412 1965 484 πεπλημμελη·

2075 412 2394 480 gessissent,
2429 429 2566 484 quas
2593 415 2915 482 debuerunt,
2949 424 3004 471 ct
3052 425 3316 487 quantum
3371 420 3508 476 satis
3573 392 3691 476 fuit.

359 505 522 568 κός-ες
543 503 758 575 ἀγρίως
784 490 863 568 εἰς
888 503 981 556 τὸν
1010 501 1247 575 Ἰσραήλ.
1272 502 1422 575 Πλὴν
1451 505 1553 558 οὐκ
1582 505 1662 567 εἰς
1685 505 1832 558 ἅπαν
1852 503 1964 557 διο-

350 597 580 662 λώλασι,
613 595 1022 668 προαθροῦντος
1078 593 1217 649 Θεοῦ
1249 597 1350 665 τὴν
1385 595 1654 668 ἐσομένην
1686 596 1868 650 αὐτῶν
1899 598 1963 650 ἐκ

353 690 628 761 στόματος
657 687 860 753 αὐτῶν,
884 687 960 759 (l)
987 687 1292 754 τουτέστιν,
1313 687 1363 739 εἰ
1385 687 1482 740 καὶ
1503 681 1597 741 οἵὰ
1620 703 1768 752 τινες
1794 687 1962 760 θῆρες

355 782 645 854 μονονουχὶ
678 780 1106 852 κατερρόφησαν
1129 780 1222 833 τὸν
1274 779 1514 852 Ἰσραὴλ,
1549 781 1668 835 ἀλλ’
1697 779 1817 852 ἥξει
1839 798 1963 835 και-

352 877 464 948 ρὸς,
499 876 626 930 καθ’
649 875 710 928 ὃν
767 874 984 928 ἔσονται
1034 873 1289 946 καθαροὶ,
1329 878 1427 929 καὶ
1454 879 1558 949 τῆς
1608 877 1704 930 ἐπὶ
1744 876 1960 942 τούτοις

345 969 532 1032 αἰτίας
561 967 1001 1039 ἀπηλλαγμένοι.
1034 967 1506 1040 Δικαιωθήσονται
1537 968 1648 1040 γὰρ
1683 971 1742 1024 ἐν
1775 970 1958 1024 πίστει

346 1063 443 1115 καὶ
478 1061 658 1124 αὐτοὶ,
694 1061 790 1114 καὶ
813 1059 906 1113 τὸν
932 1061 998 1113 ἐκ
1033 1060 1134 1131 τῆς
1164 1061 1404 1131 ἀρχαίας
1451 1060 1794 1132 φαυλότητος
1815 1063 1957 1117 ἀπο-

343 1149 636 1205 λούσονται
689 1149 994 1222 μολυσμόν.
1063 1149 1280 1222 Ἐξαρῶ
1326 1151 1385 1205 δέ
1443 1152 1538 1205 καὶ
1593 1151 1664 1206 τὰ
1717 1152 1959 1224 ὀνόματα

349 1261 370 1294 ι
407 1243 522 1296 τῶν
559 1241 950 1313 βδελυγμάτων
1007 1241 1193 1295 αὐτῶν
1238 1243 1305 1295 ἐκ
1358 1242 1528 1314 μέσου
1583 1243 1816 1297 ὀδόντων
1856 1245 1957 1298 αύ-

341 1334 478 1389 τῶν·
520 1353 540 1386 ι
571 1335 1043 1405 διαμεμνήσονται
1065 1333 1175 1406 γὰρ
1219 1334 1406 1388 οὐκέτι
1439 1335 1550 1391 τῶν
1581 1336 1956 1408 ψευδωνύμων

341 1427 660 1494 θεῶν,οῦτε
704 1428 812 1499 μὴν
837 1427 1198 1497 ὀνομάσουσιν
1242 1429 1460 1492 αὐτούς.
1518 1449 1536 1481 ι
1591 1429 1957 1502 Ὑπολειφθή-

342 1537 532 1574 σονται
563 1521 620 1574 δὲ
653 1521 746 1574 καὶ
769 1520 926 1574 αὐτοὶ
950 1518 1028 1590 τῷ
1057 1519 1178 1592 Θεῷ
1210 1521 1390 1593 ήμῶν,
1426 1541 1444 1573 ι
1474 1521 1730 1594 καθάπερ
1762 1522 1956 1594 ἀμέλει

341 1615 438 1669 καὶ
471 1616 636 1680 αὐτὸς
668 1617 697 1669 6
741 1615 982 1688 ’1σραήλ’
1041 1617 1314 1669 σέσωσται
1359 1615 1459 1687 μὲν
1510 1615 1622 1687 γὰρ
1655 1615 1748 1669 καὶ
1788 1615 1954 1670 αὑτοῦ

339 1709 402 1761 τὺ
433 1707 813 1790 κατάλειμμα,
840 1710 1019 1764 καίτοι
1057 1707 1520 1779 δεδυσσεόηκότος
1559 1711 1639 1774 εἰς
1671 1709 1836 1764 αὐτὸν
1859 1709 1953 1764 τὸν

350 1799 735 1872 Ἐμμανουήλ.
787 1801 1010 1870 Ἐπειδὴ
1064 1799 1121 1854 δὲ
1175 1800 1494 1872 κεκλημένη
1545 1801 1656 1854 τῶν
1711 1801 1883 1857 ἐθνῶν
1915 1805 1950 1875 ἡ

342 1893 560 1964 πληθὺς
584 1897 699 1957 τοῖς
732 1891 792 1958 ἐξ
815 1893 1051 1964 αἵματος
1089 1891 1309 1964 Ἰσραὴλ
1335 1892 1661 1946 πιστεύσασι
1698 1895 1948 1967 συνήφθη

340 1985 760 2056 πνευματικῶς,
795 1984 1034 2056 Χριστοῦ
1061 1984 1381 2048 συνδοῦντος
1419 1987 1499 2049 εἰς
1536 1983 1753 2051 ἕνωσιν,
1797 2006 1815 2038 ι
1843 1987 1954 2041 Αὑ-

337 2079 434 2142 τὸς
463 2079 576 2150 γάρ
622 2078 775 2134 ἐστιν
805 2080 840 2149 ἡ
881 2079 1074 2150 εἰρήνη
1106 2075 1267 2148 ήμῶν
1287 2116 1301 2142 ,
1335 2079 1364 2130 6
1396 2078 1632 2149 ποιήσας
1665 2076 1735 2132 τὰ
1771 2077 1952 2149 ἁμφό·

338 2189 478 2244 τερα
530 2172 613 2238 ἓν,
656 2173 752 2226 καὶ
802 2171 864 2226 τὸ
919 2170 1235 2243 μεσότοιχον
1283 2169 1378 2224 τοῦ
1440 2171 1698 2243 φραγμοῦ
1754 2171 1948 2238 λύσας,

336 2265 537 2328 κτίσας
569 2281 631 2317 τε
653 2265 783 2328 τοὺς
820 2263 915 2317 δύο
946 2262 1113 2326 λαοὺς
1158 2263 1240 2327 εἰς
1265 2263 1365 2316 ἕνα
1404 2262 1593 2318 καινὸν
1623 2262 1948 2335 ἄνθρωπον,

339 2357 518 2412 ποιῶν
553 2358 801 2430 εἰρήνην,
831 2357 928 2411 καὶ
975 2355 1484 2411 ἁποκαταλλάσσων
1539 2357 1669 2422 τοὺς
1709 2357 1951 2429 ἀμφοτέ-

339 2470 471 2525 ρους
511 2454 570 2506 ἐν
597 2452 676 2505 ἐνὶ
711 2449 998 2521 Πνεύματι
1028 2450 1166 2522 πρὸς
1187 2449 1280 2503 τὸν
1325 2450 1570 2522 Πατέρα,
1607 2469 1626 2502 ι
1663 2449 1836 2522 ταύτῃ
1865 2467 1948 2506 τοι

335 2544 509 2617 φησὶν
532 2545 620 2598 ὅτι
645 2543 860 2596 ἔσονται
891 2543 968 2606 ὼς
1011 2541 1292 2613 χιλίαρχος
1318 2541 1377 2595 ὲν
1419 2539 1608 2606 Ἰούδα,
1669 2543 1949 2597 τουτέστιν

333 2635 418 2697 εἰς
451 2631 618 2686 τοῦτο
641 2632 1013 2704 προϐήσονται
1046 2631 1422 2701 γνησιότητος,
1448 2629 1549 2701 τῆς
1573 2631 1736 2695 ὡςέν
1765 2633 1947 2687 πίστει

331 2743 395 2779 τε
429 2726 527 2779 καὶ
545 2723 843 2795 ἐπιεικείᾳ,
872 2724 1037 2794 φημὶ,
1061 2721 1204 2775 ὥστε
1238 2723 1334 2776 καὶ
1359 2723 1418 2790 ἐξ
1452 2725 1632 2778 αὐτῶν
1667 2724 1948 2797 ἀρχηγοὺς

332 2817 596 2888 γενέσθαι
622 2817 718 2871 τοῦ
757 2817 1158 2870 Ἰούδα.’¹Εσται
1184 2817 1240 2870 δὲ
1265 2818 1359 2871 καὶ
1383 2819 1411 2870 6
1453 2818 1762 2890 Ἀκκαρὼν,
1786 2836 1946 2873 τουτ-

332 2909 508 2974 έστιν,
541 2910 572 2962 6
611 2908 933 2975 ἀλλογενὴς,
966 2908 994 2960 6
1039 2908 1104 2961 ὲκ
1147 2907 1250 2977 γῆς
1289 2889 1639 2977 Φυλιστιεὶμ,
1669 2907 1747 2968 ὡς
1774 2909 1804 2961 6
1845 2889 1961 2962 Ἰεί

330 3001 616 3066 ϐουσαῖος,
643 3000 923 3054 τουτέστιν
966 2999 1043 3058 ὡς
1090 2998 1254 3063 αὐτὸς
1277 3000 1306 3050 ὁ
1348 2998 1604 3062 κάτοικος
1637 2998 1745 3054 τῶν
1781 3001 1945 3072 Ἰερο-

2067 516 2356 573 poenarum
2392 504 2569 560 eidem
2628 505 2920 561 dederunt.
2981 505 3372 564 Verumtamen
3442 523 3552 564 non
3604 513 3674 566 ad

2064 609 2234 651 unum
2271 596 2578 666 perierunt,
2608 599 2974 655 cessationem
3004 599 3234 655 laniena:
3267 599 3342 656 ab
3363 615 3460 657 ore
3528 605 3670 671 ipso-

2059 699 2187 743 rum
2214 687 2326 746 Deo
2347 691 2677 760 przevidente
2700 710 2714 746 :
2736 690 2846 748 hoc
2871 701 2976 760 est,
3004 691 3219 748 tametsi
3240 702 3298 746 ιιι
3317 692 3505 748 bellum
3533 687 3688 749 lsraJ

2064 781 2202 837 elem
2236 759 2624 852 propemodum
2652 783 3080 855 deglutiverunt,
3110 786 3291 840 veniet
3324 794 3502 839 tamen
3527 759 3689 840 tem-‘

2064 887 2186 942 pus,
2213 890 2323 946 quo
2357 877 2476 946 puri
2505 885 2559 930 et
2587 876 2640 931 in
2665 876 2751 932 bis
2785 877 2854 932 ab
2877 877 3024 932 omni
3067 878 3225 949 culpa
3293 877 3450 934 liberi
3479 887 3665 932 erunt.

2059 965 2522 1024 Justilicabuntur
2553 968 2697 1024 enim
2725 970 2779 1024 in
2824 969 2928 1024 (ide
2957 969 3058 1038 ipsi
3099 984 3337 1040 quoque,
3373 979 3430 1026 et
3462 969 3668 1040 iniqui—

2065 1067 2237 1115 tatum
2291 1060 2598 1129 priscarum
2628 1070 2804 1117 sortes
2833 1061 3036 1117 eluent.
3096 1062 3322 1118 Auleret
3372 1070 3553 1118 autem
3609 1068 3665 1116 ct

2063 1154 2285 1209 nomina
2319 1171 2340 1206 ι
2422 1154 2888 1211 abominationum
2935 1157 3196 1225 ipsorum,
3257 1165 3314 1212 et
3351 1157 3422 1213 de
3483 1156 3662 1211 medio

2061 1245 2302 1300 dentium
2362 1243 2650 1315 ipsorum:
2691 1263 2711 1298 ι
2755 1261 2856 1302 nec
2901 1247 3047 1301 enim
3097 1247 3328 1317 amplius
3397 1247 3658 1303 falsorum

2062 1341 2284 1392 deorum
2315 1337 2647 1393 mentionem
2680 1337 2934 1404 inferent,
2969 1354 3069 1394 nec
3131 1340 3490 1396 nominabuut
3540 1357 3656 1396 eos.

2065 1447 2087 1482 ι
2137 1430 2534 1500 llelinqucntur
2567 1446 2732 1502 porro
2776 1441 2832 1486 et
2883 1431 2975 1487 isti
3015 1433 3127 1488 Deo
3179 1441 3389 1499 nostro,
3435 1451 3456 1484 ι
3518 1435 3661 1490 sicut

2060 1522 2320 1577 nimirum
2358 1529 2412 1577 et
2441 1522 2555 1593 ipse
2583 1523 2750 1578 Israel
2781 1540 2795 1576 :
2831 1538 2956 1578 nam
2991 1533 3047 1578 et
3075 1523 3192 1594 ejus
3248 1523 3496 1596 reliquim
3550 1525 3660 1579 sal-

2059 1623 2200 1669 vata:
2240 1625 2387 1682 sunt,
2436 1618 2788 1686 quantumvis
2833 1632 2962 1687 erga
3019 1617 3195 1689 ipsum
3243 1616 3657 1672 Emmanuelcm

2060 1707 2312 1762 scelerati
2367 1709 2692 1763 exstiterint.
2715 1707 2996 1776 Qua‘vcro
3052 1718 3246 1765 vocata
3308 1723 3377 1766 ex
3408 1708 3660 1777 gentibus

2058 1799 2347 1854 multitudo
2375 1799 2442 1855 de
2474 1799 2740 1871 sanguine
2777 1799 2946 1856 Israel
2997 1801 3301 1872 prognatis,
3346 1810 3400 1857 et
3432 1802 3654 1857 creden-

2055 1890 2202 1946 tibus
2223 1892 2580 1962 spiritualiter
2619 1892 2872 1962 copulata
2909 1903 3014 1959 est,
3046 1893 3269 1950 Christo
3293 1907 3389 1950 eos
3438 1894 3492 1949 in
3533 1895 3654 1949 uni-

2055 1990 2222 2037 tatem
2251 1983 2564 2053 copulante,
2598 2002 2620 2037 ι
2663 1982 2784 2054 Ipse
2833 1986 2980 2041 enim
3029 1993 3114 2041 est
3163 2001 3267 2056 pax
3322 1995 3525 2052 nostra,
3559 1989 3651 2057 qui

2052 2071 2183 2130 fecit
2213 2085 2444 2143 utraque
2499 2091 2688 2142 unum,
2727 2085 2781 2131 et
2810 2078 2902 2139 qui
2955 2077 3193 2133 medium
3226 2077 3488 2148 parietem
3543 2079 3655 2133 dis-

2053 2167 2237 2235 solvit,
2272 2167 2496 2240 ct_duos
2541 2168 2767 2240 populos
2806 2169 2860 2223 in
2897 2184 3066 2223 unum
3128 2183 3330 2224 novum
3375 2169 3650 2224 hominem

2053 2258 2329 2327 condidit,
2386 2259 2591 2316 faciens
2655 2275 2886 2333 pacem,
2950 2269 3006 2316 et
3055 2261 3414 2317 reconcilians
3461 2262 3652 2318 ambos

2053 2349 2218 2423 735I
2241 2351 2294 2405 in
2329 2367 2436 2406 uno
2465 2349 2668 2422 Spiritu
2702 2353 2768 2407 ad
2795 2351 3018 2408 Patrem
3054 2352 3155 2418 ",t
3193 2353 3397 2409 idcirco
3452 2355 3649 2424 inquit.

2051 2441 2265 2500 futuros
2295 2453 2353 2498 ut
2382 2445 2663 2500 tribunum
2695 2443 2748 2500 in
2798 2443 2961 2510 Juda,
3025 2445 3130 2500 hoc
3172 2453 3254 2500 est
3316 2445 3384 2499 ad
3445 2453 3650 2499 tantam

2051 2531 2572 2606 ﬁdeibonitatisque
2625 2536 2999 2592 sinceritatem
3059 2552 3438 2608 processuros,
3475 2548 3534 2592 ut
3583 2551 3651 2592 ex

2053 2626 2186 2697 ipsis
2211 2627 2375 2683 etiam
2432 2627 2709 2698 principes
2764 2627 2905 2684 Juda
2953 2629 3214 2684 evadant.
3258 2627 3376 2683 Erit
3412 2628 3541 2682 item
3597 2638 3655 2684 et

2048 2721 2320 2788 Accaron,
2352 2721 2458 2776 hoc
2485 2731 2570 2778 est
2614 2722 2940 2792 alienigena,
2965 2729 3020 2777 et
3048 2721 3358 2776 Philistaeus
3395 2731 3456 2776 ut
3486 2722 3654 2778 δεδυ-

2049 2827 2216 2877 satus,
2243 2811 2348 2868 hoc
2394 2821 2480 2868 est
2510 2821 2570 2867 ut
2600 2812 2717 2884 ipse
2763 2813 2944 2869 incola
2996 2812 3502 2884 Hierosolymorum
3562 2829 3654 2884 po—

2049 2903 2228 2972 pulus.
2263 2901 2405 2958 Olim
2440 2905 2709 2975 siquidem
2748 2904 3056 2960 Jerusalem
3105 2903 3275 2960 Jebus
3325 2907 3647 2976 dicebatur;

2049 3008 2219 3063 quare
2247 2992 2484 3049 Jebusaei
2533 2995 2754 3050 nomine
2778 2996 2882 3050 hoc
2903 2994 3032 3074 .loco
3084 2994 3507 3067 Hierosolymita
3566 2997 3650 3052 in-

331 3094 592 3164 σολύμων
620 3093 769 3155 λαός.
831 3091 1110 3145 Ἐκαλεῖτο
1147 3093 1257 3161 γὰρ
1282 3092 1316 3162 ή
1348 3090 1710 3164 Ἰερουσαλὴμ
1741 3089 1945 3156 Ἰεὸοῦς

2053 3085 2333 3158 ιεΗὶεἱιυιι.
2376 3086 2528 3142 Multi
2564 3096 2746 3144 autem
2798 3089 3022 3154 tribuni,
3070 3089 3174 3145 hoc
3231 3097 3316 3145 est
3369 3091 3550 3146 duces
3595 3103 3652 3148 et

327 3187 392 3240 ὲν
461 3187 700 3257 ἀρχαῖς·
769 3183 967 3237 οὐκοῦν
1024 3185 1350 3248 Ἰεϐουσαῖος
1410 3185 1440 3236 6
1503 3183 1941 3256 Ἱεροσολυμίτης

331 3278 531 3333 ἐνθάδε
618 3279 848 3332 νοεῖται.
917 3275 1112 3330 Πολλοὶ
1170 3277 1228 3330 δὲ
1285 3276 1598 3349 χιλίαρχοι,
1662 3278 1942 3332 τουτέστιν

327 3372 630 3443 ⁴ἡγεμόνες,
671 3371 767 3425 καὶ
809 3369 1216 3440 προεστηκότες
1249 3369 1394 3423 λαῶν
1425 3365 1521 3424 καὶ
1565 3369 1625 3434 ἐξ
1652 3369 1823 3425 ἐθνῶν
1854 3387 1947 3438 γε-

329 3465 550 3533 γόνασι,
578 3451 700 3517 καί
724 3463 965 3516 σύνεισιν
993 3461 1101 3516 ἀνὰ
1134 3463 1316 3515 πᾶσαν
1357 3461 1454 3534 τὴν
1475 3461 1824 3533 οἰκουμένην.
1866 3462 1942 3517 T6

329 3557 390 3610 δὲ
420 3559 478 3612 ἐν
527 3556 700 3610 Ἰούδα
721 3558 938 3628 νοήσεις
974 3553 1068 3608 ἐπὶ
1096 3555 1224 3618 τοὺς
1251 3556 1421 3608 αἰνεῖν
1455 3557 1738 3622 εἰωθότας,
1781 3575 1936 3612 τουτ-

333 3648 486 3704 έστιν
532 3652 685 3722 ἡμᾶς
723 3651 850 3712 τοὺς
879 3648 938 3700 ἐν
969 3648 1150 3701 πίστει
1195 3649 1592 3720 κεκλημένους,
1639 3651 1688 3704 οἰ
1738 3667 1941 3720 στεφα-

331 3742 460 3796 νοῦν
511 3741 802 3814 εἰθίσμεθα
860 3745 982 3806 ταῖς
1027 3742 1432 3814 ἀκαταλήκτοις
1490 3740 1823 3812 δοξολογίαις
1851 3743 1944 3797 τὸν

331 3835 650 3907 κεκληκότα
677 3833 937 3906 Χριστόν.

407 3928 515 3982 Καὶ
548 3928 980 3999 ὐποστήσομαι
1006 3927 1086 3995 τῷ
1119 3928 1264 3996 chap
1296 3945 1418 3999 μου
1455 3926 1800 3999 ἀνάστημα,
1833 3929 1942 3986 τοῦ

329 4022 416 4092 μὴ
445 4021 936 4090 διαπορεύεσθαι,
959 4021 1117 4092 μηδὲ
1141 4013 1592 4087 ἀνακάμπτειν,
1628 4019 1729 4074 καὶ
1755 4024 1828 4076 οὐ
1852 4023 1941 4093 μὴ

332 4111 557 4182 ἐπέλθῃ
580 4113 676 4166 ἐπ’
697 4113 924 4180 αὐτοὺς
976 4112 1178 4168 οὐκέτι
1226 4111 1594 4178 ἐξελαύνων,
1623 4111 1776 4168 διότι
1825 4115 1942 4171 νῦν

331 4203 633 4272 ἑωράκασι
653 4203 724 4257 ἐν
747 4201 872 4270 τοῖς
899 4202 1232 4274 ὀφθαλμοῖς
1248 4221 1390 4273 μου.

401 4297 547 4364 NQ".
604 4296 739 4350 Ἰδοὺ
797 4295 864 4366 δὴ
913 4294 1104 4364 σαφῶς
1154 4295 1451 4370 ἀνάστημά
1495 4314 1555 4352 τε
1613 4297 1711 4353 καὶ
1760 4300 1941 4372 τεῖχος

329 4389 592 4459 ὀνομάζει
622 4387 883 4461 Χριστὸν,
919 4387 986 4441 δι’
1015 4382 1077 4444 οῦ
1125 4389 1222 4443 καλ⁵
1267 4390 1778 4464 ὲμπεπυργώμεθα,
1817 4394 1940 4448 κατ’

2050 3181 2427 3236 moderatores
2467 3181 2791 3252 populorum
2823 3181 2988 3236 etiam
3015 3197 3080 3238 ex
3129 3183 3378 3253 gentibus
3405 3183 3646 3251 fuerunt,
3690 3210 3692 3213 -

2045 3280 2102 3325 et
2145 3278 2277 3326 sunt
2307 3270 2469 3325 simul
2512 3286 2610 3340 per
2665 3272 2980 3328 universum
3019 3273 3230 3328 orbem.
3283 3275 3384 3330 Ast
3428 3278 3649 3333 nomine

2043 3358 2180 3416 Juda
2215 3375 2311 3417 eos
2342 3362 2434 3432 qui
2469 3361 2691 3417 laudare
2726 3374 3126 3419 consueverunt
3155 3365 3412 3434 accipies,
3451 3382 3650 3439 nempe

2045 3466 2148 3509 nos
2217 3453 2273 3508 in
2357 3454 2466 3511 ﬁde
2526 3465 2798 3523 vocatos,
2863 3457 2958 3527 qui
3033 3458 3368 3528 perennibus
3431 3461 3650 3534 hymnis

2046 3547 2323 3604 Christum
2381 3562 2412 3603 a
2470 3561 2580 3620 quo
2627 3549 2810 3606 vocati
2871 3563 3098 3618 sumus,
3163 3550 3442 3610 celebrare
3499 3557 3643 3611 soie-

2047 3656 2191 3697 mus.

2117 3914 2285 3972 Vens.
2331 3915 2389 3972 8.
2421 3912 2494 3970 Et
2526 3915 2843 3971 sttbrtituam
2883 3917 3066 3972 domui
3130 3933 3262 3975 mea
3303 3923 3642 3988 creationem,

2047 4024 2114 4065 ne
2145 4017 2496 4079 pertranseat,
2546 4025 2640 4063 ηας
2691 4019 3026 4076 revertatur,
3067 4019 3249 4068 etnon
3311 4017 3642 4085 superveniat

2045 4117 2204 4172 super
2250 4118 2340 4157 eos
2388 4101 2530 4156 ultra
2560 4102 2800 4172 abigens,
2865 4103 2994 4172 quia
3049 4105 3294 4160 viderunt
3353 4108 3410 4162 in
3476 4111 3644 4164 oculis

2044 4197 2197 4252 uteie.
2989 4274 2998 4279 _

2115 4288 2252 4346 LVI.
2283 4288 2364 4347 En
2389 4289 2669 4348 Christum
2707 4290 2998 4363 perspicue
3054 4293 3391 4351 erectionem
3440 4303 3497 4353 et
3519 4311 3640 4352 mtt-

2046 4403 2167 4444 rum
2203 4388 2466 4454 nominat,
2500 4397 2600 4457 per
2658 4401 2823 4458 quem
2860 4395 2915 4442 et
2942 4386 2998 4441 in
3064 4385 3233 4442 altum
3273 4389 3640 4459 exsurgimus,

329 4483 587 4537 εὐδοκίαν
613 4481 670 4535 δὲ
714 4481 981 4551 δηλονότι,
1005 4481 1102 4536 καὶ
1140 4481 1360 4554 Θέλησιν
1387 4481 1482 4537 τοῦ
1517 4483 1653 4538 Θεοῦ
1686 4487 1779 4540 καλ⁵
1825 4487 1940 4542 Πα-

2052 4482 2196 4551 iuxta
2231 4479 2630 4550 beneplaci'tum
2652 4489 2709 4536 et
2739 4480 3074 4535 voluntatem
3099 4479 3198 4537 Dei
3231 4488 3286 4536 et
3305 4479 3510 4538 Patris.
3537 4482 3646 4540 Do-

329 4575 480 4645 τρὸς.
504 4570 670 4636 Οἶκος
698 4571 808 4644 γὰρ
826 4571 1038 4644 νοητὸς,
1073 4573 1168 4626 καὶ
1198 4573 1455 4646 οἰκοδομὴ
1481 4574 1636 4642 Θεοῦ,
1663 4577 1805 4631 κατὰ
1843 4579 1944 4650 τὴν

329 4666 427 4720 τοῦ
471 4663 692 4719 Παύλου
750 4665 968 4736 φωνὴν,
1023 4665 1185 4736 ἡμεῖς
1227 4683 1328 4718 που
1381 4667 1603 4732 πάντως
1652 4671 1852 4741 ἐσμὲν,
1893 4673 1941 4726 οἰ

334 4758 791 4821 πεπιστευκότες.
822 4757 980 4829 εἴπερ
1007 4758 1156 4811 ἐστὶν
1194 4757 1416 4829 ἀληθὲς,
1464 4759 1539 4824 ὡς
1573 4763 1632 4814 ἐν
1659 4765 1780 4827 ταῖς
1804 4781 1944 4837 καρ-

331 4851 472 4916 δίαις
519 4849 682 4922 ἡμῶν
738 4849 829 4904 διὰ
877 4849 973 4904 τοῦ
1007 4849 1322 4922 πνεύματος
1362 4857 1644 4924 κατοικεῖ,
1686 4859 1781 4913 καὶ
1829 4861 1944 4925 τοῖς

332 4943 624 5012 ἀγαπῶσιν
683 4942 848 4996 αὐτὸν
909 4941 1267 5008 ἐναυλίζεται.
1308 4946 1454 5020 Ἔφη
1497 4948 1607 5020 γὰρ
1658 4949 1823 5014 αὐτὸς
1850 4951 1939 5007 διὰ

333 5038 620 5108 προφήτου
654 5036 861 5106 φωνῆς’
897 5054 918 5088 ι
948 5037 1071 5091 Ὅτι
1099 5039 1414 5110 κατοικήσω
1463 5042 1522 5095 ἐν
1549 5043 1734 5109 αὐτοῖς
1756 5083 1772 5110 ,
1841 5046 1938 5100 καὶ

334 5130 800 5203 ἐμπεριπατήσω,
831 5130 929 5184 καὶ
975 5129 1171 5200 ἔσομαι
1206 5130 1399 5187 αὐτῶν
1438 5133 1592 5202 Θεὸς,
1643 5136 1739 5190 καὶ
1783 5138 1938 5192 αὐτοὶ

331 5221 549 5278 ἔσονταί
585 5239 676 5293 μοι
708 5221 891 5286 λαός.»
927 5221 1244 5293 Ἀνάστημα
1275 5222 1339 5296 δὴ
1364 5219 1459 5280 οὖν
1482 5225 1544 5280 τὺ
1565 5229 1936 5302 ἐγηγερμένον

329 5313 418 5369 διὰ
449 5313 651 5385 βουλῆς
681 5313 777 5367 τοῦ
836 5314 1052 5386 Πατρὸς
1079 5317 1145 5386 τῇ
1194 5315 1497 5390 Ἐκκλησία
1541 5320 1817 5392 Χριστὸς,
1850 5323 1936 5378 ἵνα

334 5406 561 5480 μηκέτι,
579 5405 724 5461 καθὰ
745 5405 838 5460 καὶ
855 5406 1039 5475 πάλιν,
1057 5406 1376 5462 διοδεύσωσί
1394 5426 1559 5478 τινες,
1574 5415 1670 5468 καὶ
1692 5415 1939 5487 ἀνακάμ-

436 5608 485 5641 ’δ
519 5606 728 5680 Ephes.
757 5625 820 5676 ll,
852 5607 1041 5664 14-16.
1119 5609 1168 5642 ⁷⁸
1201 5607 1224 5665 l
1263 5609 1390 5666 Cor.
1434 5625 1518 5678 ιιι,
1550 5610 1604 5667 9.
1683 5613 1730 5644 ⁷⁸
1755 5611 1960 5684 Ephes.

2052 5629 2085 5682 ι,
2133 5613 2223 5669 17.
2298 5614 2344 5646 ⁷⁷
2378 5611 2538 5670 Joan.
2578 5629 2690 5680 xxv,
2720 5612 2812 5668 23.

2045 4589 2166 4630 mus
2194 4575 2340 4628 enim
2376 4571 2479 4628 sub
2531 4571 2946 4642 intelligentiam
2979 4571 3203 4636 cadens,
3234 4579 3291 4627 et
3351 4571 3645 4629 aediﬁcatio

2045 4662 2164 4727 Dei,
2191 4665 2491 4719 secundum
2545 4661 2698 4718 Pauli
2759 4675 2948 4718 vocem
2979 4660 3050 4727 ",
3105 4675 3206 4718 nos
3239 4675 3430 4718 sumus
3485 4664 3646 4734 plane

2043 4759 2134 4828 qui
2159 4757 2491 4814 credidimus
2524 4771 2540 4808 :
2571 4755 2841 4827 siquidem
2873 4771 3062 4830 verum
3087 4764 3190 4820 est,
3215 4770 3341 4812 eum
3402 4758 3455 4812 in
3515 4772 3644 4814 eor-

2043 4851 2205 4906 dibus
2248 4849 2454 4904 nostris
2490 4862 2590 4918 per
2620 4848 2871 4918 spiritum
2941 4847 3190 4904 habitare
3221 4848 3292 4915 '°,
3323 4857 3380 4905 et
3438 4848 3492 4905 in
3555 4849 3648 4905 bis

2047 4943 2141 5015 qui
2175 4943 2408 5014 diligunt
2440 4941 2614 5012 ipsum
2637 4938 2968 4996 commorari
3000 4939 3066 4992 ".
3103 4939 3197 4995 Ait
3220 4941 3368 4995 enim
3401 4941 3516 5012 ipse
3548 4958 3647 5014 per

2046 5039 2370 5111 prophetam
2402 5055 2418 5094 :
2448 5054 2467 5088 ι
2498 5034 2768 5102 Quoniam
2805 5033 3124 5090 inhabitabo
3164 5034 3220 5090 in
3259 5034 3389 5102 illis,
3453 5045 3511 5091 et
3563 5037 3646 5090 in-

2041 5130 2337 5186 ambulabo
2363 5130 2506 5186 inter
2541 5129 2682 5196 illos,
2723 5140 2778 5185 et
2803 5144 2902 5186 ero
2950 5129 3166 5188 illorum
3230 5131 3394 5200 Deus,
3446 5140 3502 5188 et
3542 5133 3642 5204 ipsi

2040 5233 2202 5281 erunt
2257 5222 2392 5280 mibi
2438 5223 2667 5295 populus
2690 5223 2738 5256 ⁷⁸
2779 5242 2800 5277 ι
2857 5222 3080 5280 Erectio
3142 5224 3311 5295 igitur
3367 5225 3644 5298 voluntate

2041 5315 2219 5372 Patris
2251 5315 2508 5372 Ecclesiae
2532 5319 2766 5372 excitata
2789 5314 3046 5373 Christus
3069 5325 3174 5383 est,
3212 5332 3281 5373 ne
3313 5315 3479 5384 ultra,
3501 5317 3643 5372 sicut

2042 5409 2340 5479 quondam,
2372 5417 2755 5478 pertranseant
2783 5409 3028 5479 quidam,
3051 5415 3108 5463 ει
3140 5415 3502 5472 revertantur,
3553 5407 3643 5462 in-

2927 5611 2975 5646 "
3015 5609 3191 5669 Lavit.
3236 5625 3389 5679 τινι,
3424 5608 3514 5679 ll,
3551 5605 3646 5667 19·

391 5789 480 5861 (ι)
515 5789 871 5849 Βεείίιετειῑυι·
908 5790 1232 5850 vocabulum
1267 5795 1560 5852 accusandi
1594 5809 1747 5862 casu,
1783 5794 1926 5863 quod
1961 5817 1965 5840 ‹

2052 5793 2333 5854 ποεείιῐιιιε
2365 5792 2586 5852 Latine.
2619 5792 2908 5862 Interpru.
