  <div class='ocr_page' id='page_1' title='image "/cluster/home/n/w/nwhite01/storage/ocr_20150623/72:no.5/coo.31924054869700/079.png"; bbox 0 0 2065 3260; ppageno 0'>
   <div class='ocr_carea' id='block_1_1' title="bbox 262 147 313 175">
    <p class='ocr_par' dir='ltr' id='par_1_1' title="bbox 262 147 313 175">
     <span class='ocr_line' id='line_1_1' title="bbox 262 147 313 175; baseline 0 0"><span class='ocrx_word' id='word_1_1' title='bbox 262 147 313 175; x_wconf 73' lang='lat'><strong>“5</strong></span> 
     </span>
    </p>
   </div>
   <div class='ocr_carea' id='block_1_2' title="bbox 235 194 1085 234">
    <p class='ocr_par' dir='ltr' id='par_1_2' title="bbox 235 194 1085 234">
     <span class='ocr_line' id='line_1_2' title="bbox 235 194 1085 234; baseline -0.005 -3"><span class='ocrx_word' id='word_1_2' title='bbox 235 194 242 199; x_wconf 70' lang='grc'><em>’</em></span> <span class='ocrx_word' id='word_1_3' title='bbox 261 210 302 232; x_wconf 75' lang='lat' dir='ltr'><strong>ter</strong></span> <span class='ocrx_word' id='word_1_4' title='bbox 315 211 364 232; x_wconf 85' lang='lat' dir='ltr'><strong>nos</strong></span> <span class='ocrx_word' id='word_1_5' title='bbox 376 210 482 232; x_wconf 87' lang='lat' dir='ltr'><strong>surstun</strong></span> <span class='ocrx_word' id='word_1_6' title='bbox 498 205 524 230; x_wconf 84' lang='lat' dir='ltr'><strong>et</strong></span> <span class='ocrx_word' id='word_1_7' title='bbox 540 202 664 230; x_wconf 82' lang='lat' dir='ltr'><strong>deorsum</strong></span> <span class='ocrx_word' id='word_1_8' title='bbox 679 201 886 234; x_wconf 85' lang='lat' dir='ltr'><strong>circumeuntes,</strong></span> <span class='ocrx_word' id='word_1_9' title='bbox 917 205 944 229; x_wconf 84' lang='lat' dir='ltr'><strong>et</strong></span> <span class='ocrx_word' id='word_1_10' title='bbox 976 201 1047 228; x_wconf 85' lang='lat' dir='ltr'><strong>velut</strong></span> <span class='ocrx_word' id='word_1_11' title='bbox 1061 204 1085 231; x_wconf 78' lang='grc' dir='ltr'><strong>Α</strong></span> 
     </span>
    </p>
   </div>
   <div class='ocr_carea' id='block_1_3' title="bbox 261 246 1049 280">
    <p class='ocr_par' dir='ltr' id='par_1_3' title="bbox 261 246 1049 280">
     <span class='ocr_line' id='line_1_3' title="bbox 261 246 1049 280; baseline -0.005 -4"><span class='ocrx_word' id='word_1_12' title='bbox 261 249 398 276; x_wconf 75' lang='lat' dir='ltr'><strong>desertam</strong></span> <span class='ocrx_word' id='word_1_13' title='bbox 414 248 485 276; x_wconf 81' lang='lat' dir='ltr'><strong>viam</strong></span> <span class='ocrx_word' id='word_1_14' title='bbox 500 247 648 280; x_wconf 78' lang='lat' dir='ltr'><strong>calcantes,</strong></span> <span class='ocrx_word' id='word_1_15' title='bbox 664 252 692 275; x_wconf 89' lang='lat' dir='ltr'><strong>et</strong></span> <span class='ocrx_word' id='word_1_16' title='bbox 706 247 787 274; x_wconf 88' lang='lat' dir='ltr'><strong>corda</strong></span> <span class='ocrx_word' id='word_1_17' title='bbox 805 252 896 274; x_wconf 86' lang='lat' dir='ltr'><strong>nostra</strong></span> <span class='ocrx_word' id='word_1_18' title='bbox 923 246 1049 273; x_wconf 87' lang='lat' dir='ltr'><strong>omnibus</strong></span> 
     </span>
    </p>
   </div>
   <div class='ocr_carea' id='block_1_4' title="bbox 262 292 1050 329">
    <p class='ocr_par' dir='ltr' id='par_1_4' title="bbox 262 292 1050 329">
     <span class='ocr_line' id='line_1_4' title="bbox 262 292 1050 329; baseline -0.004 -9"><span class='ocrx_word' id='word_1_19' title='bbox 262 294 351 322; x_wconf 73' lang='lat' dir='ltr'><strong>noxiis</strong></span> <span class='ocrx_word' id='word_1_20' title='bbox 367 294 520 329; x_wconf 88' lang='lat' dir='ltr'><strong>implentes.</strong></span> <span class='ocrx_word' id='word_1_21' title='bbox 531 293 576 321; x_wconf 78' lang='lat' dir='ltr'><strong>Ait</strong></span> <span class='ocrx_word' id='word_1_22' title='bbox 591 293 662 321; x_wconf 91' lang='lat' dir='ltr'><strong>enim</strong></span> <span class='ocrx_word' id='word_1_23' title='bbox 677 293 776 320; x_wconf 80' lang='lat' dir='ltr'><strong>alicubi</strong></span> <span class='ocrx_word' id='word_1_24' title='bbox 794 293 826 320; x_wconf 90' lang='lat' dir='ltr'><strong>de</strong></span> <span class='ocrx_word' id='word_1_25' title='bbox 839 292 979 325; x_wconf 74' lang='lat' dir='ltr'><strong>lsraelitis,</strong></span> <span class='ocrx_word' id='word_1_26' title='bbox 990 299 1050 326; x_wconf 65' lang='lat' dir='ltr'><strong>qua</strong></span> 
     </span>
    </p>
   </div>
   <div class='ocr_carea' id='block_1_5' title="bbox 261 337 1049 374">
    <p class='ocr_par' dir='ltr' id='par_1_5' title="bbox 261 337 1049 374">
     <span class='ocr_line' id='line_1_5' title="bbox 261 337 1049 374; baseline -0.001 -8"><span class='ocrx_word' id='word_1_27' title='bbox 261 344 320 367; x_wconf 76' lang='lat' dir='ltr'><strong>erat</strong></span> <span class='ocrx_word' id='word_1_28' title='bbox 332 345 409 367; x_wconf 87' lang='lat' dir='ltr'><strong>vetus</strong></span> <span class='ocrx_word' id='word_1_29' title='bbox 425 340 503 366; x_wconf 84' lang='lat' dir='ltr'><strong>vinea</strong></span> <span class='ocrx_word' id='word_1_30' title='bbox 517 338 665 374; x_wconf 86' lang='lat' dir='ltr'><strong>possessori</strong></span> <span class='ocrx_word' id='word_1_31' title='bbox 682 345 731 366; x_wconf 82' lang='lat' dir='ltr'><strong>suo</strong></span> <span class='ocrx_word' id='word_1_32' title='bbox 750 348 756 365; x_wconf 95' lang='lat'><strong>:</strong></span> <span class='ocrx_word' id='word_1_33' title='bbox 778 347 787 364; x_wconf 83' lang='grc' dir='ltr'><strong>ι</strong></span> <span class='ocrx_word' id='word_1_34' title='bbox 806 337 934 366; x_wconf 78' lang='lat' dir='ltr'><strong>Aufersm</strong></span> <span class='ocrx_word' id='word_1_35' title='bbox 959 345 1049 366; x_wconf 83' lang='lat' dir='ltr'><strong>mace-</strong></span> 
     </span>
    </p>
   </div>
   <div class='ocr_carea' id='block_1_6' title="bbox 261 384 1050 421">
    <p class='ocr_par' dir='ltr' id='par_1_6' title="bbox 261 384 1050 421">
     <span class='ocr_line' id='line_1_6' title="bbox 261 384 1050 421; baseline -0.001 -9"><span class='ocrx_word' id='word_1_36' title='bbox 261 386 331 412; x_wconf 93' lang='lat' dir='ltr'><strong>riam</strong></span> <span class='ocrx_word' id='word_1_37' title='bbox 343 386 411 421; x_wconf 82' lang='lat' dir='ltr'><strong>ejus,</strong></span> <span class='ocrx_word' id='word_1_38' title='bbox 427 390 454 413; x_wconf 90' lang='lat' dir='ltr'><strong>et</strong></span> <span class='ocrx_word' id='word_1_39' title='bbox 468 386 520 414; x_wconf 92' lang='lat' dir='ltr'><strong>erit</strong></span> <span class='ocrx_word' id='word_1_40' title='bbox 534 385 559 412; x_wconf 91' lang='lat' dir='ltr'><strong>in</strong></span> <span class='ocrx_word' id='word_1_41' title='bbox 573 385 767 419; x_wconf 76' lang='lat' dir='ltr'><strong>direptionem;</strong></span> <span class='ocrx_word' id='word_1_42' title='bbox 785 388 813 411; x_wconf 84' lang='lat' dir='ltr'><strong>et</strong></span> <span class='ocrx_word' id='word_1_43' title='bbox 830 384 966 411; x_wconf 84' lang='lat' dir='ltr'><strong>destruam</strong></span> <span class='ocrx_word' id='word_1_44' title='bbox 992 391 1050 411; x_wconf 37' lang='lat' dir='ltr'><strong>mne</strong></span> 
     </span>
    </p>
   </div>
   <div class='ocr_carea' id='block_1_7' title="bbox 263 429 1051 465">
    <p class='ocr_par' dir='ltr' id='par_1_7' title="bbox 263 429 1051 465">
     <span class='ocr_line' id='line_1_7' title="bbox 263 429 1051 465; baseline -0.001 -8"><span class='ocrx_word' id='word_1_45' title='bbox 263 438 322 457; x_wconf 89' lang='lat' dir='ltr'><strong>rum</strong></span> <span class='ocrx_word' id='word_1_46' title='bbox 338 431 406 465; x_wconf 82' lang='lat' dir='ltr'><strong>ejus,</strong></span> <span class='ocrx_word' id='word_1_47' title='bbox 420 436 447 458; x_wconf 89' lang='lat' dir='ltr'><strong>et</strong></span> <span class='ocrx_word' id='word_1_48' title='bbox 461 431 512 458; x_wconf 89' lang='lat' dir='ltr'><strong>erit</strong></span> <span class='ocrx_word' id='word_1_49' title='bbox 536 430 561 457; x_wconf 93' lang='lat' dir='ltr'><strong>in</strong></span> <span class='ocrx_word' id='word_1_50' title='bbox 595 430 890 457; x_wconf 69' lang='lat' dir='ltr'><strong>conculcationem&quot;.i</strong></span> <span class='ocrx_word' id='word_1_51' title='bbox 908 429 944 457; x_wconf 80' lang='lat' dir='ltr'><strong>At</strong></span> <span class='ocrx_word' id='word_1_52' title='bbox 974 429 1051 457; x_wconf 87' lang='lat' dir='ltr'><strong>nobis</strong></span> 
     </span>
    </p>
   </div>
   <div class='ocr_carea' id='block_1_8' title="bbox 263 473 1048 508">
    <p class='ocr_par' dir='ltr' id='par_1_8' title="bbox 263 473 1048 508">
     <span class='ocr_line' id='line_1_8' title="bbox 263 473 1048 508; baseline 0 -7"><span class='ocrx_word' id='word_1_53' title='bbox 263 475 309 508; x_wconf 88' lang='lat' dir='ltr'><strong>qui</strong></span> <span class='ocrx_word' id='word_1_54' title='bbox 329 482 391 502; x_wconf 86' lang='lat' dir='ltr'><strong>eum</strong></span> <span class='ocrx_word' id='word_1_55' title='bbox 410 475 436 502; x_wconf 93' lang='lat' dir='ltr'><strong>in</strong></span> <span class='ocrx_word' id='word_1_56' title='bbox 452 481 534 502; x_wconf 78' lang='lat' dir='ltr'><strong>carne</strong></span> <span class='ocrx_word' id='word_1_57' title='bbox 551 473 711 508; x_wconf 61' lang='lat' dir='ltr'><strong>apparuisse</strong></span> <span class='ocrx_word' id='word_1_58' title='bbox 723 474 911 508; x_wconf 81' lang='lat' dir='ltr'><strong>cognovimus,</strong></span> <span class='ocrx_word' id='word_1_59' title='bbox 944 481 1048 506; x_wconf 83' lang='lat' dir='ltr'><strong>murus,</strong></span> 
     </span>
    </p>
   </div>
   <div class='ocr_carea' id='block_1_9' title="bbox 263 518 1051 554">
    <p class='ocr_par' dir='ltr' id='par_1_9' title="bbox 263 518 1051 554">
     <span class='ocr_line' id='line_1_9' title="bbox 263 518 1051 554; baseline -0.001 -7"><span class='ocrx_word' id='word_1_60' title='bbox 263 524 291 547; x_wconf 84' lang='lat' dir='ltr'><strong>et</strong></span> <span class='ocrx_word' id='word_1_61' title='bbox 303 527 380 554; x_wconf 79' lang='lat' dir='ltr'><strong>sepes</strong></span> <span class='ocrx_word' id='word_1_62' title='bbox 400 520 455 554; x_wconf 88' lang='lat' dir='ltr'><strong>ipse</strong></span> <span class='ocrx_word' id='word_1_63' title='bbox 467 518 625 546; x_wconf 79' lang='lat' dir='ltr'><strong>Emmanuel</strong></span> <span class='ocrx_word' id='word_1_64' title='bbox 642 519 776 547; x_wconf 83' lang='lat' dir='ltr'><strong>excitatus</strong></span> <span class='ocrx_word' id='word_1_65' title='bbox 786 523 838 551; x_wconf 89' lang='lat' dir='ltr'><strong>est,</strong></span> <span class='ocrx_word' id='word_1_66' title='bbox 854 519 954 546; x_wconf 89' lang='lat' dir='ltr'><strong>virtute</strong></span> <span class='ocrx_word' id='word_1_67' title='bbox 981 518 1051 546; x_wconf 77' lang='lat' dir='ltr'><strong>inef-</strong></span> 
     </span>
    </p>
   </div>
   <div class='ocr_carea' id='block_1_10' title="bbox 264 565 1050 600">
    <p class='ocr_par' dir='ltr' id='par_1_10' title="bbox 264 565 1050 600">
     <span class='ocr_line' id='line_1_10' title="bbox 264 565 1050 600; baseline 0 -7"><span class='ocrx_word' id='word_1_68' title='bbox 264 566 337 593; x_wconf 73' lang='lat' dir='ltr'><strong>fabili</strong></span> <span class='ocrx_word' id='word_1_69' title='bbox 355 565 526 593; x_wconf 85' lang='lat' dir='ltr'><strong>circumdans</strong></span> <span class='ocrx_word' id='word_1_70' title='bbox 538 572 599 597; x_wconf 85' lang='lat' dir='ltr'><strong>nos,</strong></span> <span class='ocrx_word' id='word_1_71' title='bbox 615 569 642 592; x_wconf 87' lang='lat' dir='ltr'><strong>et</strong></span> <span class='ocrx_word' id='word_1_72' title='bbox 656 565 690 592; x_wconf 91' lang='lat' dir='ltr'><strong>ab</strong></span> <span class='ocrx_word' id='word_1_73' title='bbox 704 565 802 593; x_wconf 85' lang='lat' dir='ltr'><strong>animis</strong></span> <span class='ocrx_word' id='word_1_74' title='bbox 822 565 923 592; x_wconf 89' lang='lat' dir='ltr'><strong>nostris</strong></span> <span class='ocrx_word' id='word_1_75' title='bbox 939 565 1050 600; x_wconf 76' lang='lat' dir='ltr'><strong>abigens</strong></span> 
     </span>
    </p>
   </div>
   <div class='ocr_carea' id='block_1_11' title="bbox 263 610 1050 645">
    <p class='ocr_par' dir='ltr' id='par_1_11' title="bbox 263 610 1050 645">
     <span class='ocr_line' id='line_1_11' title="bbox 263 610 1050 645; baseline -0.001 -7"><span class='ocrx_word' id='word_1_76' title='bbox 263 612 416 638; x_wconf 84' lang='lat' dir='ltr'><strong>immundos</strong></span> <span class='ocrx_word' id='word_1_77' title='bbox 445 611 601 643; x_wconf 66' lang='lat' dir='ltr'><strong>daemonas,</strong></span> <span class='ocrx_word' id='word_1_78' title='bbox 633 618 682 638; x_wconf 89' lang='lat' dir='ltr'><strong>nec</strong></span> <span class='ocrx_word' id='word_1_79' title='bbox 712 610 826 645; x_wconf 83' lang='lat' dir='ltr'><strong>pedibus</strong></span> <span class='ocrx_word' id='word_1_80' title='bbox 865 610 971 637; x_wconf 89' lang='lat' dir='ltr'><strong>illorum</strong></span> <span class='ocrx_word' id='word_1_81' title='bbox 1002 616 1050 637; x_wconf 86' lang='lat' dir='ltr'><strong>nos</strong></span> 
     </span>
    </p>
   </div>
   <div class='ocr_carea' id='block_1_12' title="bbox 263 655 1049 690">
    <p class='ocr_par' dir='ltr' id='par_1_12' title="bbox 263 655 1049 690">
     <span class='ocr_line' id='line_1_12' title="bbox 263 655 1049 690; baseline 0 -8"><span class='ocrx_word' id='word_1_82' title='bbox 263 656 398 683; x_wconf 86' lang='lat' dir='ltr'><strong>substerni</strong></span> <span class='ocrx_word' id='word_1_83' title='bbox 413 656 558 684; x_wconf 71' lang='lat' dir='ltr'><strong>sustinens.</strong></span> <span class='ocrx_word' id='word_1_84' title='bbox 571 656 661 689; x_wconf 80' lang='lat' dir='ltr'><strong>Quare</strong></span> <span class='ocrx_word' id='word_1_85' title='bbox 687 659 714 683; x_wconf 88' lang='lat' dir='ltr'><strong>et</strong></span> <span class='ocrx_word' id='word_1_86' title='bbox 743 656 874 690; x_wconf 85' lang='lat' dir='ltr'><strong>propheta</strong></span> <span class='ocrx_word' id='word_1_87' title='bbox 901 656 934 682; x_wconf 86' lang='lat' dir='ltr'><strong>ad</strong></span> <span class='ocrx_word' id='word_1_88' title='bbox 952 655 1025 683; x_wconf 78' lang='lat' dir='ltr'><strong>illurn</strong></span> <span class='ocrx_word' id='word_1_89' title='bbox 1042 663 1049 682; x_wconf 91' lang='lat'>:</span> 
     </span>
    </p>
   </div>
   <div class='ocr_carea' id='block_1_13' title="bbox 265 701 1051 734">
    <p class='ocr_par' dir='ltr' id='par_1_13' title="bbox 265 701 1051 734">
     <span class='ocr_line' id='line_1_13' title="bbox 265 701 1051 734; baseline -0.001 -6"><span class='ocrx_word' id='word_1_90' title='bbox 265 710 276 727; x_wconf 82' lang='grc' dir='ltr'><strong>ι</strong></span> <span class='ocrx_word' id='word_1_91' title='bbox 293 701 327 729; x_wconf 88' lang='grc' dir='ltr'><strong>Ει</strong></span> <span class='ocrx_word' id='word_1_92' title='bbox 342 702 485 729; x_wconf 84' lang='lat' dir='ltr'><strong>vocaberis</strong></span> <span class='ocrx_word' id='word_1_93' title='bbox 499 701 649 728; x_wconf 63' lang='lat' dir='ltr'><strong>adiﬁcator</strong></span> <span class='ocrx_word' id='word_1_94' title='bbox 673 701 864 734; x_wconf 83' lang='lat' dir='ltr'><strong>maceriarum,</strong></span> <span class='ocrx_word' id='word_1_95' title='bbox 889 706 917 729; x_wconf 88' lang='lat' dir='ltr'><strong>et</strong></span> <span class='ocrx_word' id='word_1_96' title='bbox 940 701 1051 728; x_wconf 76' lang='lat' dir='ltr'><strong>semitas</strong></span> 
     </span>
    </p>
   </div>
   <div class='ocr_carea' id='block_1_14' title="bbox 263 746 1051 782">
    <p class='ocr_par' dir='ltr' id='par_1_14' title="bbox 263 746 1051 782">
     <span class='ocr_line' id='line_1_14' title="bbox 263 746 1051 782; baseline -0.001 -8"><span class='ocrx_word' id='word_1_97' title='bbox 263 754 323 782; x_wconf 66' lang='lat' dir='ltr'><strong>quae</strong></span> <span class='ocrx_word' id='word_1_98' title='bbox 339 747 364 774; x_wconf 91' lang='lat' dir='ltr'><strong>in</strong></span> <span class='ocrx_word' id='word_1_99' title='bbox 380 747 467 774; x_wconf 81' lang='lat' dir='ltr'><strong>medio</strong></span> <span class='ocrx_word' id='word_1_100' title='bbox 481 751 543 774; x_wconf 81' lang='lat' dir='ltr'><strong>sunt</strong></span> <span class='ocrx_word' id='word_1_101' title='bbox 566 747 705 780; x_wconf 83' lang='lat' dir='ltr'><strong>quiescere</strong></span> <span class='ocrx_word' id='word_1_102' title='bbox 739 746 821 774; x_wconf 81' lang='lat' dir='ltr'><strong>facies</strong></span> <span class='ocrx_word' id='word_1_103' title='bbox 832 746 881 773; x_wconf 78' lang='grc'><strong>⁸⁸.»</strong></span> <span class='ocrx_word' id='word_1_104' title='bbox 915 746 1051 779; x_wconf 82' lang='lat' dir='ltr'><strong>Quemad-</strong></span> 
     </span>
    </p>
   </div>
   <div class='ocr_carea' id='block_1_15' title="bbox 264 791 1051 826">
    <p class='ocr_par' dir='ltr' id='par_1_15' title="bbox 264 791 1051 826">
     <span class='ocr_line' id='line_1_15' title="bbox 264 791 1051 826; baseline -0.003 -6"><span class='ocrx_word' id='word_1_105' title='bbox 264 793 374 820; x_wconf 86' lang='lat' dir='ltr'><strong>modum</strong></span> <span class='ocrx_word' id='word_1_106' title='bbox 386 792 458 819; x_wconf 89' lang='lat' dir='ltr'><strong>euim</strong></span> <span class='ocrx_word' id='word_1_107' title='bbox 479 793 523 826; x_wconf 88' lang='lat' dir='ltr'><strong>qui</strong></span> <span class='ocrx_word' id='word_1_108' title='bbox 548 791 641 819; x_wconf 89' lang='lat' dir='ltr'><strong>vineas</strong></span> <span class='ocrx_word' id='word_1_109' title='bbox 670 791 786 819; x_wconf 76' lang='lat' dir='ltr'><strong>incultas</strong></span> <span class='ocrx_word' id='word_1_110' title='bbox 810 791 919 826; x_wconf 84' lang='lat' dir='ltr'><strong>sepibus</strong></span> <span class='ocrx_word' id='word_1_111' title='bbox 946 791 1051 819; x_wconf 89' lang='lat' dir='ltr'><strong>munire</strong></span> 
     </span>
    </p>
   </div>
   <div class='ocr_carea' id='block_1_16' title="bbox 264 835 1052 872">
    <p class='ocr_par' dir='ltr' id='par_1_16' title="bbox 264 835 1052 872">
     <span class='ocr_line' id='line_1_16' title="bbox 264 835 1052 872; baseline -0.001 -8"><span class='ocrx_word' id='word_1_112' title='bbox 264 837 364 869; x_wconf 89' lang='lat' dir='ltr'><strong>solent,</strong></span> <span class='ocrx_word' id='word_1_113' title='bbox 389 837 447 864; x_wconf 88' lang='lat' dir='ltr'><strong>vias</strong></span> <span class='ocrx_word' id='word_1_114' title='bbox 467 844 515 871; x_wconf 91' lang='lat' dir='ltr'><strong>per</strong></span> <span class='ocrx_word' id='word_1_115' title='bbox 537 837 654 864; x_wconf 86' lang='lat' dir='ltr'><strong>medium</strong></span> <span class='ocrx_word' id='word_1_116' title='bbox 685 835 791 870; x_wconf 91' lang='lat' dir='ltr'><strong>tollunt,</strong></span> <span class='ocrx_word' id='word_1_117' title='bbox 807 836 887 872; x_wconf 81' lang='lat'><strong>735</strong></span> <span class='ocrx_word' id='word_1_118' title='bbox 908 844 958 865; x_wconf 86' lang='lat' dir='ltr'><strong>nec</strong></span> <span class='ocrx_word' id='word_1_119' title='bbox 978 843 1052 864; x_wconf 89' lang='lat' dir='ltr'><strong>com-</strong></span> 
     </span>
    </p>
   </div>
   <div class='ocr_carea' id='block_1_17' title="bbox 264 880 1087 917">
    <p class='ocr_par' dir='ltr' id='par_1_17' title="bbox 264 880 1087 917">
     <span class='ocr_line' id='line_1_17' title="bbox 264 880 1087 917; baseline -0.002 -7"><span class='ocrx_word' id='word_1_120' title='bbox 264 882 412 910; x_wconf 84' lang='lat' dir='ltr'><strong>meantium</strong></span> <span class='ocrx_word' id='word_1_121' title='bbox 431 882 544 917; x_wconf 78' lang='lat' dir='ltr'><strong>pedibus</strong></span> <span class='ocrx_word' id='word_1_122' title='bbox 562 882 620 909; x_wconf 78' lang='lat' dir='ltr'><strong>illas</strong></span> <span class='ocrx_word' id='word_1_123' title='bbox 641 882 691 908; x_wconf 92' lang='lat' dir='ltr'><strong>teri</strong></span> <span class='ocrx_word' id='word_1_124' title='bbox 706 881 864 917; x_wconf 87' lang='lat' dir='ltr'><strong>patiuntur:</strong></span> <span class='ocrx_word' id='word_1_125' title='bbox 892 882 928 909; x_wconf 85' lang='lat' dir='ltr'><strong>ita</strong></span> <span class='ocrx_word' id='word_1_126' title='bbox 952 886 980 909; x_wconf 89' lang='lat' dir='ltr'><strong>et</strong></span> <span class='ocrx_word' id='word_1_127' title='bbox 995 881 1050 908; x_wconf 88' lang='lat' dir='ltr'><strong>Do-</strong></span> <span class='ocrx_word' id='word_1_128' title='bbox 1066 880 1087 908; x_wconf 80' lang='grc' dir='ltr'><strong><em>Β</em></strong></span> 
     </span>
    </p>
   </div>
   <div class='ocr_carea' id='block_1_18' title="bbox 264 926 1051 962">
    <p class='ocr_par' dir='ltr' id='par_1_18' title="bbox 264 926 1051 962">
     <span class='ocr_line' id='line_1_18' title="bbox 264 926 1051 962; baseline -0.003 -6"><span class='ocrx_word' id='word_1_129' title='bbox 264 929 354 956; x_wconf 85' lang='lat' dir='ltr'><strong>minus</strong></span> <span class='ocrx_word' id='word_1_130' title='bbox 374 932 466 955; x_wconf 89' lang='lat' dir='ltr'><strong>uoster</strong></span> <span class='ocrx_word' id='word_1_131' title='bbox 491 926 571 954; x_wconf 84' lang='lat' dir='ltr'><strong>Jesus</strong></span> <span class='ocrx_word' id='word_1_132' title='bbox 600 927 723 954; x_wconf 77' lang='lat' dir='ltr'><strong>Christus</strong></span> <span class='ocrx_word' id='word_1_133' title='bbox 748 927 866 962; x_wconf 88' lang='lat' dir='ltr'><strong>seipsum</strong></span> <span class='ocrx_word' id='word_1_134' title='bbox 892 927 970 954; x_wconf 87' lang='lat' dir='ltr'><strong>nobis</strong></span> <span class='ocrx_word' id='word_1_135' title='bbox 1000 935 1051 955; x_wconf 88' lang='lat' dir='ltr'><strong>ceu</strong></span> 
     </span>
    </p>
   </div>
   <div class='ocr_carea' id='block_1_19' title="bbox 263 972 1051 1008">
    <p class='ocr_par' dir='ltr' id='par_1_19' title="bbox 263 972 1051 1008">
     <span class='ocr_line' id='line_1_19' title="bbox 263 972 1051 1008; baseline -0.003 -7"><span class='ocrx_word' id='word_1_136' title='bbox 263 982 371 1001; x_wconf 88' lang='lat' dir='ltr'><strong>murum</strong></span> <span class='ocrx_word' id='word_1_137' title='bbox 388 974 578 1002; x_wconf 87' lang='lat' dir='ltr'><strong>solidissimum</strong></span> <span class='ocrx_word' id='word_1_138' title='bbox 596 972 776 1005; x_wconf 82' lang='lat' dir='ltr'><strong>circumdans,</strong></span> <span class='ocrx_word' id='word_1_139' title='bbox 787 977 812 1000; x_wconf 89' lang='lat' dir='ltr'><strong>et</strong></span> <span class='ocrx_word' id='word_1_140' title='bbox 826 973 954 1008; x_wconf 79' lang='lat' dir='ltr'><strong>angelicis</strong></span> <span class='ocrx_word' id='word_1_141' title='bbox 967 973 1051 1007; x_wconf 79' lang='lat' dir='ltr'><strong>copiis</strong></span> 
     </span>
    </p>
   </div>
   <div class='ocr_carea' id='block_1_20' title="bbox 264 1018 1052 1053">
    <p class='ocr_par' dir='ltr' id='par_1_20' title="bbox 264 1018 1052 1053">
     <span class='ocr_line' id='line_1_20' title="bbox 264 1018 1052 1053; baseline -0.001 -6"><span class='ocrx_word' id='word_1_142' title='bbox 264 1028 313 1048; x_wconf 87' lang='lat' dir='ltr'><strong>nos</strong></span> <span class='ocrx_word' id='word_1_143' title='bbox 325 1019 540 1052; x_wconf 70' lang='lat' dir='ltr'><strong>circumvallatis,</strong></span> <span class='ocrx_word' id='word_1_144' title='bbox 556 1018 646 1051; x_wconf 71' lang='lat' dir='ltr'><strong>elliuit,</strong></span> <span class='ocrx_word' id='word_1_145' title='bbox 663 1023 691 1046; x_wconf 89' lang='lat' dir='ltr'><strong>ut</strong></span> <span class='ocrx_word' id='word_1_146' title='bbox 711 1018 810 1046; x_wconf 76' lang='lat' dir='ltr'><strong>calcari</strong></span> <span class='ocrx_word' id='word_1_147' title='bbox 827 1018 884 1052; x_wconf 90' lang='lat' dir='ltr'><strong>jam</strong></span> <span class='ocrx_word' id='word_1_148' title='bbox 910 1026 963 1046; x_wconf 92' lang='lat' dir='ltr'><strong>non</strong></span> <span class='ocrx_word' id='word_1_149' title='bbox 989 1026 1052 1053; x_wconf 81' lang='lat' dir='ltr'><strong>pos-</strong></span> 
     </span>
    </p>
   </div>
   <div class='ocr_carea' id='block_1_21' title="bbox 263 1064 1052 1100">
    <p class='ocr_par' dir='ltr' id='par_1_21' title="bbox 263 1064 1052 1100">
     <span class='ocr_line' id='line_1_21' title="bbox 263 1064 1052 1100; baseline -0.004 -6"><span class='ocrx_word' id='word_1_150' title='bbox 263 1067 361 1094; x_wconf 77' lang='lat' dir='ltr'><strong>simus.</strong></span> <span class='ocrx_word' id='word_1_151' title='bbox 377 1065 450 1092; x_wconf 77' lang='lat' dir='ltr'><strong>Dixit</strong></span> <span class='ocrx_word' id='word_1_152' title='bbox 462 1065 583 1100; x_wconf 85' lang='lat' dir='ltr'><strong>insuper,</strong></span> <span class='ocrx_word' id='word_1_153' title='bbox 601 1072 655 1092; x_wconf 91' lang='lat' dir='ltr'><strong>non</strong></span> <span class='ocrx_word' id='word_1_154' title='bbox 675 1070 903 1099; x_wconf 85' lang='lat' dir='ltr'><strong>superventurum</strong></span> <span class='ocrx_word' id='word_1_155' title='bbox 918 1064 985 1099; x_wconf 81' lang='lat' dir='ltr'><strong>ipsis</strong></span> <span class='ocrx_word' id='word_1_156' title='bbox 1011 1064 1052 1091; x_wconf 81' lang='lat' dir='ltr'><strong>ul-</strong></span> 
     </span>
    </p>
   </div>
   <div class='ocr_carea' id='block_1_22' title="bbox 263 1110 1052 1147">
    <p class='ocr_par' dir='ltr' id='par_1_22' title="bbox 263 1110 1052 1147">
     <span class='ocr_line' id='line_1_22' title="bbox 263 1110 1052 1147; baseline -0.001 -9"><span class='ocrx_word' id='word_1_157' title='bbox 263 1115 305 1139; x_wconf 76' lang='lat' dir='ltr'><strong>trs</strong></span> <span class='ocrx_word' id='word_1_158' title='bbox 322 1112 486 1147; x_wconf 74' lang='lat' dir='ltr'><strong>abigentem.</strong></span> <span class='ocrx_word' id='word_1_159' title='bbox 503 1110 572 1139; x_wconf 90' lang='lat' dir='ltr'><strong>Olim</strong></span> <span class='ocrx_word' id='word_1_160' title='bbox 591 1110 665 1140; x_wconf 91' lang='lat' dir='ltr'><strong>enim</strong></span> <span class='ocrx_word' id='word_1_161' title='bbox 678 1110 777 1145; x_wconf 78' lang='lat' dir='ltr'><strong>captivi</strong></span> <span class='ocrx_word' id='word_1_162' title='bbox 794 1111 963 1144; x_wconf 82' lang='lat' dir='ltr'><strong>tenebamur,</strong></span> <span class='ocrx_word' id='word_1_163' title='bbox 976 1114 1003 1138; x_wconf 88' lang='lat' dir='ltr'><strong>et</strong></span> <span class='ocrx_word' id='word_1_164' title='bbox 1018 1110 1052 1138; x_wconf 88' lang='lat' dir='ltr'><strong>ad</strong></span> 
     </span>
    </p>
   </div>
   <div class='ocr_carea' id='block_1_23' title="bbox 263 1156 1052 1192">
    <p class='ocr_par' dir='ltr' id='par_1_23' title="bbox 263 1156 1052 1192">
     <span class='ocr_line' id='line_1_23' title="bbox 263 1156 1052 1192; baseline -0.004 -7"><span class='ocrx_word' id='word_1_165' title='bbox 263 1159 369 1192; x_wconf 86' lang='lat' dir='ltr'><strong>quidvis</strong></span> <span class='ocrx_word' id='word_1_166' title='bbox 387 1157 518 1185; x_wconf 81' lang='lat' dir='ltr'><strong>nefarium</strong></span> <span class='ocrx_word' id='word_1_167' title='bbox 535 1156 661 1184; x_wconf 78' lang='lat' dir='ltr'><strong>facillime</strong></span> <span class='ocrx_word' id='word_1_168' title='bbox 673 1156 849 1188; x_wconf 84' lang='lat' dir='ltr'><strong>ducebantur,</strong></span> <span class='ocrx_word' id='word_1_169' title='bbox 859 1161 953 1184; x_wconf 86' lang='lat' dir='ltr'><strong>euntes</strong></span> <span class='ocrx_word' id='word_1_170' title='bbox 961 1163 1052 1191; x_wconf 88' lang='lat' dir='ltr'><strong>prom-</strong></span> 
     </span>
    </p>
   </div>
   <div class='ocr_carea' id='block_1_24' title="bbox 263 1200 1051 1238">
    <p class='ocr_par' dir='ltr' id='par_1_24' title="bbox 263 1200 1051 1238">
     <span class='ocr_line' id='line_1_24' title="bbox 263 1200 1051 1238; baseline -0.004 -8"><span class='ocrx_word' id='word_1_171' title='bbox 263 1207 318 1238; x_wconf 85' lang='lat' dir='ltr'><strong>pte,</strong></span> <span class='ocrx_word' id='word_1_172' title='bbox 340 1208 436 1238; x_wconf 78' lang='lat' dir='ltr'><strong>agente</strong></span> <span class='ocrx_word' id='word_1_173' title='bbox 453 1202 609 1237; x_wconf 79' lang='lat' dir='ltr'><strong>fereuteque</strong></span> <span class='ocrx_word' id='word_1_174' title='bbox 641 1209 689 1230; x_wconf 90' lang='lat' dir='ltr'><strong>nos</strong></span> <span class='ocrx_word' id='word_1_175' title='bbox 719 1201 820 1229; x_wconf 83' lang='lat' dir='ltr'><strong>Satana</strong></span> <span class='ocrx_word' id='word_1_176' title='bbox 833 1220 842 1234; x_wconf 94' lang='lat'><strong>,</strong></span> <span class='ocrx_word' id='word_1_177' title='bbox 859 1205 887 1228; x_wconf 90' lang='lat' dir='ltr'><strong>et</strong></span> <span class='ocrx_word' id='word_1_178' title='bbox 909 1208 943 1228; x_wconf 80' lang='lat' dir='ltr'><strong>ex</strong></span> <span class='ocrx_word' id='word_1_179' title='bbox 962 1201 1003 1228; x_wconf 86' lang='lat' dir='ltr'><strong>his</strong></span> <span class='ocrx_word' id='word_1_180' title='bbox 1023 1200 1051 1227; x_wconf 79' lang='lat' dir='ltr'><strong>in</strong></span> 
     </span>
    </p>
   </div>
   <div class='ocr_carea' id='block_1_25' title="bbox 264 1246 1051 1281">
    <p class='ocr_par' dir='ltr' id='par_1_25' title="bbox 264 1246 1051 1281">
     <span class='ocr_line' id='line_1_25' title="bbox 264 1246 1051 1281; baseline -0.003 -7"><span class='ocrx_word' id='word_1_181' title='bbox 264 1248 308 1275; x_wconf 84' lang='lat' dir='ltr'><strong>illa</strong></span> <span class='ocrx_word' id='word_1_182' title='bbox 324 1252 427 1275; x_wconf 86' lang='lat' dir='ltr'><strong>tantum</strong></span> <span class='ocrx_word' id='word_1_183' title='bbox 447 1254 500 1274; x_wconf 89' lang='lat' dir='ltr'><strong>non</strong></span> <span class='ocrx_word' id='word_1_184' title='bbox 519 1247 681 1281; x_wconf 89' lang='lat' dir='ltr'><strong>impellente.</strong></span> <span class='ocrx_word' id='word_1_185' title='bbox 696 1247 794 1275; x_wconf 87' lang='lat' dir='ltr'><strong>Verum</strong></span> <span class='ocrx_word' id='word_1_186' title='bbox 819 1250 846 1273; x_wconf 88' lang='lat' dir='ltr'><strong>et</strong></span> <span class='ocrx_word' id='word_1_187' title='bbox 862 1246 935 1273; x_wconf 88' lang='lat' dir='ltr'><strong>istud</strong></span> <span class='ocrx_word' id='word_1_188' title='bbox 961 1249 1051 1274; x_wconf 85' lang='lat' dir='ltr'><strong>sustu-</strong></span> 
     </span>
    </p>
   </div>
   <div class='ocr_carea' id='block_1_26' title="bbox 263 1291 1050 1326">
    <p class='ocr_par' dir='ltr' id='par_1_26' title="bbox 263 1291 1050 1326">
     <span class='ocr_line' id='line_1_26' title="bbox 263 1291 1050 1326; baseline -0.004 -5"><span class='ocrx_word' id='word_1_189' title='bbox 263 1295 295 1321; x_wconf 86' lang='lat' dir='ltr'><strong>lit</strong></span> <span class='ocrx_word' id='word_1_190' title='bbox 314 1294 452 1322; x_wconf 75' lang='lat' dir='ltr'><strong>Christus.</strong></span> <span class='ocrx_word' id='word_1_191' title='bbox 467 1292 524 1321; x_wconf 79' lang='lat' dir='ltr'><strong>Non</strong></span> <span class='ocrx_word' id='word_1_192' title='bbox 540 1294 612 1320; x_wconf 92' lang='lat' dir='ltr'><strong>enim</strong></span> <span class='ocrx_word' id='word_1_193' title='bbox 633 1293 722 1320; x_wconf 86' lang='lat' dir='ltr'><strong>veniet</strong></span> <span class='ocrx_word' id='word_1_194' title='bbox 742 1297 835 1321; x_wconf 87' lang='lat' dir='ltr'><strong>contra</strong></span> <span class='ocrx_word' id='word_1_195' title='bbox 852 1299 901 1319; x_wconf 90' lang='lat' dir='ltr'><strong>nos</strong></span> <span class='ocrx_word' id='word_1_196' title='bbox 912 1291 1050 1326; x_wconf 83' lang='lat' dir='ltr'><strong>depraeda-</strong></span> 
     </span>
    </p>
   </div>
   <div class='ocr_carea' id='block_1_27' title="bbox 262 1337 1051 1374">
    <p class='ocr_par' dir='ltr' id='par_1_27' title="bbox 262 1337 1051 1374">
     <span class='ocr_line' id='line_1_27' title="bbox 262 1337 1051 1374; baseline -0.004 -8"><span class='ocrx_word' id='word_1_197' title='bbox 262 1346 307 1370; x_wconf 81' lang='lat' dir='ltr'><strong>tor</strong></span> <span class='ocrx_word' id='word_1_198' title='bbox 319 1349 326 1368; x_wconf 88' lang='lat'>:</span> <span class='ocrx_word' id='word_1_199' title='bbox 339 1347 392 1368; x_wconf 84' lang='lat' dir='ltr'><strong>non</strong></span> <span class='ocrx_word' id='word_1_200' title='bbox 410 1340 504 1371; x_wconf 90' lang='lat' dir='ltr'><strong>irruet,</strong></span> <span class='ocrx_word' id='word_1_201' title='bbox 515 1340 584 1366; x_wconf 84' lang='lat' dir='ltr'><strong>sicut</strong></span> <span class='ocrx_word' id='word_1_202' title='bbox 600 1339 686 1374; x_wconf 88' lang='lat' dir='ltr'><strong>prius,</strong></span> <span class='ocrx_word' id='word_1_203' title='bbox 700 1343 729 1366; x_wconf 84' lang='lat' dir='ltr'><strong>ut</strong></span> <span class='ocrx_word' id='word_1_204' title='bbox 749 1338 802 1373; x_wconf 90' lang='lat' dir='ltr'><strong>ipsi</strong></span> <span class='ocrx_word' id='word_1_205' title='bbox 817 1338 891 1365; x_wconf 87' lang='lat' dir='ltr'><strong>libet.</strong></span> <span class='ocrx_word' id='word_1_206' title='bbox 904 1337 963 1364; x_wconf 83' lang='lat' dir='ltr'><strong>Fixi</strong></span> <span class='ocrx_word' id='word_1_207' title='bbox 978 1337 1051 1364; x_wconf 88' lang='lat' dir='ltr'><strong>enim</strong></span> 
     </span>
    </p>
   </div>
   <div class='ocr_carea' id='block_1_28' title="bbox 263 1384 1052 1420">
    <p class='ocr_par' dir='ltr' id='par_1_28' title="bbox 263 1384 1052 1420">
     <span class='ocr_line' id='line_1_28' title="bbox 263 1384 1052 1420; baseline -0.004 -6"><span class='ocrx_word' id='word_1_208' title='bbox 263 1393 361 1414; x_wconf 78' lang='lat' dir='ltr'><strong>sumus</strong></span> <span class='ocrx_word' id='word_1_209' title='bbox 374 1387 400 1413; x_wconf 94' lang='lat' dir='ltr'><strong>in</strong></span> <span class='ocrx_word' id='word_1_210' title='bbox 415 1385 535 1419; x_wconf 86' lang='lat' dir='ltr'><strong>Christo,</strong></span> <span class='ocrx_word' id='word_1_211' title='bbox 550 1390 691 1420; x_wconf 86' lang='lat' dir='ltr'><strong>tutumque</strong></span> <span class='ocrx_word' id='word_1_212' title='bbox 717 1389 744 1413; x_wconf 92' lang='lat' dir='ltr'><strong>et</strong></span> <span class='ocrx_word' id='word_1_213' title='bbox 771 1384 907 1412; x_wconf 78' lang='lat' dir='ltr'><strong>ﬁrmatum</strong></span> <span class='ocrx_word' id='word_1_214' title='bbox 921 1384 1052 1412; x_wconf 81' lang='lat' dir='ltr'><strong>habemus</strong></span> 
     </span>
    </p>
   </div>
   <div class='ocr_carea' id='block_1_29' title="bbox 262 1429 1050 1466">
    <p class='ocr_par' dir='ltr' id='par_1_29' title="bbox 262 1429 1050 1466">
     <span class='ocr_line' id='line_1_29' title="bbox 262 1429 1050 1466; baseline -0.005 -6"><span class='ocrx_word' id='word_1_215' title='bbox 262 1440 320 1465; x_wconf 84' lang='lat' dir='ltr'><strong>cor,</strong></span> <span class='ocrx_word' id='word_1_216' title='bbox 331 1439 386 1459; x_wconf 91' lang='lat' dir='ltr'><strong>non</strong></span> <span class='ocrx_word' id='word_1_217' title='bbox 405 1431 521 1465; x_wconf 78' lang='lat' dir='ltr'><strong>amplius</strong></span> <span class='ocrx_word' id='word_1_218' title='bbox 536 1431 570 1459; x_wconf 89' lang='lat' dir='ltr'><strong>ad</strong></span> <span class='ocrx_word' id='word_1_219' title='bbox 584 1438 616 1459; x_wconf 87' lang='lat' dir='ltr'><strong>ea</strong></span> <span class='ocrx_word' id='word_1_220' title='bbox 631 1439 691 1466; x_wconf 64' lang='lat' dir='ltr'><strong>qua:</strong></span> <span class='ocrx_word' id='word_1_221' title='bbox 709 1438 762 1459; x_wconf 92' lang='lat' dir='ltr'><strong>non</strong></span> <span class='ocrx_word' id='word_1_222' title='bbox 778 1429 977 1459; x_wconf 82' lang='lat' dir='ltr'><strong>conveniebant</strong></span> <span class='ocrx_word' id='word_1_223' title='bbox 1002 1429 1050 1457; x_wconf 90' lang='lat' dir='ltr'><strong>de-</strong></span> 
     </span>
    </p>
   </div>
   <div class='ocr_carea' id='block_1_30' title="bbox 259 1475 1051 1512">
    <p class='ocr_par' dir='ltr' id='par_1_30' title="bbox 259 1475 1051 1512">
     <span class='ocr_line' id='line_1_30' title="bbox 259 1475 1051 1512; baseline -0.005 -6"><span class='ocrx_word' id='word_1_224' title='bbox 259 1478 335 1512; x_wconf 72' lang='lat' dir='ltr'><strong>iecti,</strong></span> <span class='ocrx_word' id='word_1_225' title='bbox 350 1485 403 1505; x_wconf 87' lang='lat' dir='ltr'><strong>non</strong></span> <span class='ocrx_word' id='word_1_226' title='bbox 425 1477 529 1505; x_wconf 83' lang='lat' dir='ltr'><strong>cultum</strong></span> <span class='ocrx_word' id='word_1_227' title='bbox 546 1477 689 1505; x_wconf 91' lang='lat' dir='ltr'><strong>multorum</strong></span> <span class='ocrx_word' id='word_1_228' title='bbox 719 1477 831 1505; x_wconf 86' lang='lat' dir='ltr'><strong>deorum</strong></span> <span class='ocrx_word' id='word_1_229' title='bbox 859 1475 1051 1511; x_wconf 75' lang='lat' dir='ltr'><strong>ingredientes,</strong></span> 
     </span>
    </p>
   </div>
   <div class='ocr_carea' id='block_1_31' title="bbox 263 1521 1051 1558">
    <p class='ocr_par' dir='ltr' id='par_1_31' title="bbox 263 1521 1051 1558">
     <span class='ocr_line' id='line_1_31' title="bbox 263 1521 1051 1558; baseline -0.004 -7"><span class='ocrx_word' id='word_1_230' title='bbox 263 1531 317 1551; x_wconf 87' lang='lat' dir='ltr'><strong>non</strong></span> <span class='ocrx_word' id='word_1_231' title='bbox 328 1524 362 1551; x_wconf 85' lang='lat' dir='ltr'><strong>ad</strong></span> <span class='ocrx_word' id='word_1_232' title='bbox 378 1531 500 1551; x_wconf 89' lang='lat' dir='ltr'><strong>errorem</strong></span> <span class='ocrx_word' id='word_1_233' title='bbox 522 1521 631 1551; x_wconf 68' lang='lat' dir='ltr'><strong>abacti&#39;:</strong></span> <span class='ocrx_word' id='word_1_234' title='bbox 650 1523 696 1551; x_wconf 87' lang='lat' dir='ltr'><strong>sed</strong></span> <span class='ocrx_word' id='word_1_235' title='bbox 717 1524 793 1558; x_wconf 85' lang='lat' dir='ltr'><strong>quasi</strong></span> <span class='ocrx_word' id='word_1_236' title='bbox 814 1523 839 1550; x_wconf 89' lang='lat' dir='ltr'><strong>in</strong></span> <span class='ocrx_word' id='word_1_237' title='bbox 853 1522 933 1550; x_wconf 82' lang='lat' dir='ltr'><strong>iidem</strong></span> <span class='ocrx_word' id='word_1_238' title='bbox 949 1527 976 1549; x_wconf 89' lang='lat' dir='ltr'><strong>et</strong></span> <span class='ocrx_word' id='word_1_239' title='bbox 987 1522 1051 1549; x_wconf 88' lang='lat' dir='ltr'><strong>cha-</strong></span> 
     </span>
    </p>
   </div>
   <div class='ocr_carea' id='block_1_32' title="bbox 262 1566 1050 1604">
    <p class='ocr_par' dir='ltr' id='par_1_32' title="bbox 262 1566 1050 1604">
     <span class='ocr_line' id='line_1_32' title="bbox 262 1566 1050 1604; baseline -0.004 -8"><span class='ocrx_word' id='word_1_240' title='bbox 262 1569 373 1596; x_wconf 83' lang='lat' dir='ltr'><strong>rilatcm</strong></span> <span class='ocrx_word' id='word_1_241' title='bbox 392 1575 456 1603; x_wconf 74' lang='lat' dir='ltr'><strong>erga</strong></span> <span class='ocrx_word' id='word_1_242' title='bbox 469 1566 553 1595; x_wconf 87' lang='lat' dir='ltr'><strong>Deum</strong></span> <span class='ocrx_word' id='word_1_243' title='bbox 573 1568 699 1604; x_wconf 77' lang='lat' dir='ltr'><strong>ingressi.</strong></span> <span class='ocrx_word' id='word_1_244' title='bbox 710 1573 739 1596; x_wconf 88' lang='lat' dir='ltr'><strong>ut</strong></span> <span class='ocrx_word' id='word_1_245' title='bbox 756 1568 815 1595; x_wconf 90' lang='lat' dir='ltr'><strong>ideo</strong></span> <span class='ocrx_word' id='word_1_246' title='bbox 831 1566 976 1595; x_wconf 66' lang='lat' dir='ltr'><strong>lattabundi</strong></span> <span class='ocrx_word' id='word_1_247' title='bbox 1008 1567 1050 1593; x_wconf 87' lang='lat' dir='ltr'><strong>di-</strong></span> 
     </span>
    </p>
   </div>
   <div class='ocr_carea' id='block_1_33' title="bbox 262 1612 1048 1649">
    <p class='ocr_par' dir='ltr' id='par_1_33' title="bbox 262 1612 1048 1649">
     <span class='ocr_line' id='line_1_33' title="bbox 262 1612 1048 1649; baseline -0.001 -9"><span class='ocrx_word' id='word_1_248' title='bbox 262 1621 357 1641; x_wconf 82' lang='lat' dir='ltr'><strong>camus</strong></span> <span class='ocrx_word' id='word_1_249' title='bbox 372 1622 379 1640; x_wconf 94' lang='lat'>:</span> <span class='ocrx_word' id='word_1_250' title='bbox 400 1623 409 1640; x_wconf 79' lang='grc' dir='ltr'><strong>ι</strong></span> <span class='ocrx_word' id='word_1_251' title='bbox 430 1614 464 1641; x_wconf 86' lang='lat' dir='ltr'><strong>Et</strong></span> <span class='ocrx_word' id='word_1_252' title='bbox 474 1614 569 1642; x_wconf 81' lang='lat' dir='ltr'><strong>statuit</strong></span> <span class='ocrx_word' id='word_1_253' title='bbox 583 1620 663 1649; x_wconf 87' lang='lat' dir='ltr'><strong>supra</strong></span> <span class='ocrx_word' id='word_1_254' title='bbox 679 1617 781 1648; x_wconf 84' lang='lat' dir='ltr'><strong>petram</strong></span> <span class='ocrx_word' id='word_1_255' title='bbox 807 1613 888 1646; x_wconf 85' lang='lat' dir='ltr'><strong>pedes</strong></span> <span class='ocrx_word' id='word_1_256' title='bbox 905 1619 979 1640; x_wconf 86' lang='lat' dir='ltr'><strong>meos</strong></span> <span class='ocrx_word' id='word_1_257' title='bbox 994 1612 1048 1639; x_wconf 69' lang='lat' dir='ltr'><strong>&quot;.r</strong></span> 
     </span>
    </p>
   </div>
   <div class='ocr_carea' id='block_1_34' title="bbox 262 1657 1048 1695">
    <p class='ocr_par' dir='ltr' id='par_1_34' title="bbox 262 1657 1048 1695">
     <span class='ocr_line' id='line_1_34' title="bbox 262 1657 1048 1695; baseline -0.003 -8"><span class='ocrx_word' id='word_1_258' title='bbox 262 1659 330 1687; x_wconf 77' lang='lat' dir='ltr'><strong>Cum</strong></span> <span class='ocrx_word' id='word_1_259' title='bbox 342 1666 424 1695; x_wconf 88' lang='lat' dir='ltr'><strong>porro</strong></span> <span class='ocrx_word' id='word_1_260' title='bbox 447 1660 524 1693; x_wconf 79' lang='lat' dir='ltr'><strong>dicit,</strong></span> <span class='ocrx_word' id='word_1_261' title='bbox 541 1669 551 1685; x_wconf 80' lang='grc' dir='ltr'><strong>ι</strong></span> <span class='ocrx_word' id='word_1_262' title='bbox 569 1659 637 1693; x_wconf 85' lang='lat' dir='ltr'><strong>Quia</strong></span> <span class='ocrx_word' id='word_1_263' title='bbox 667 1666 739 1686; x_wconf 89' lang='lat' dir='ltr'><strong>nunc</strong></span> <span class='ocrx_word' id='word_1_264' title='bbox 767 1659 819 1686; x_wconf 79' lang='lat' dir='ltr'><strong>vidi</strong></span> <span class='ocrx_word' id='word_1_265' title='bbox 839 1658 924 1686; x_wconf 83' lang='lat' dir='ltr'><strong>oculis</strong></span> <span class='ocrx_word' id='word_1_266' title='bbox 946 1657 1024 1691; x_wconf 77' lang='lat' dir='ltr'><strong>meis,</strong></span> <span class='ocrx_word' id='word_1_267' title='bbox 1039 1667 1048 1684; x_wconf 79' lang='grc' dir='ltr'><strong>ι</strong></span> 
     </span>
    </p>
   </div>
   <div class='ocr_carea' id='block_1_35' title="bbox 262 1706 1052 1742">
    <p class='ocr_par' dir='ltr' id='par_1_35' title="bbox 262 1706 1052 1742">
     <span class='ocr_line' id='line_1_35' title="bbox 262 1706 1052 1742; baseline -0.001 -9"><span class='ocrx_word' id='word_1_268' title='bbox 262 1707 337 1734; x_wconf 81' lang='lat' dir='ltr'><strong>clare</strong></span> <span class='ocrx_word' id='word_1_269' title='bbox 355 1707 474 1734; x_wconf 83' lang='lat' dir='ltr'><strong>ostendit</strong></span> <span class='ocrx_word' id='word_1_270' title='bbox 491 1712 597 1742; x_wconf 81' lang='lat' dir='ltr'><strong>tempus</strong></span> <span class='ocrx_word' id='word_1_271' title='bbox 617 1708 749 1735; x_wconf 82' lang='lat' dir='ltr'><strong>adventus</strong></span> <span class='ocrx_word' id='word_1_272' title='bbox 766 1706 915 1734; x_wconf 79' lang='lat' dir='ltr'><strong>Salvatoris</strong></span> <span class='ocrx_word' id='word_1_273' title='bbox 947 1710 1052 1740; x_wconf 87' lang='lat' dir='ltr'><strong>tempus</strong></span> 
     </span>
    </p>
   </div>
   <div class='ocr_carea' id='block_1_36' title="bbox 263 1750 1050 1783">
    <p class='ocr_par' dir='ltr' id='par_1_36' title="bbox 263 1750 1050 1783">
     <span class='ocr_line' id='line_1_36' title="bbox 263 1750 1050 1783; baseline -0.006 -1"><span class='ocrx_word' id='word_1_274' title='bbox 263 1755 427 1783; x_wconf 79' lang='lat' dir='ltr'><strong>visitatiouis</strong></span> <span class='ocrx_word' id='word_1_275' title='bbox 438 1761 508 1783; x_wconf 78' lang='lat' dir='ltr'><strong>esse.</strong></span> <span class='ocrx_word' id='word_1_276' title='bbox 524 1763 533 1779; x_wconf 79' lang='grc' dir='ltr'><strong>ι</strong></span> <span class='ocrx_word' id='word_1_277' title='bbox 549 1753 674 1781; x_wconf 81' lang='lat' dir='ltr'><strong>Visitavit</strong></span> <span class='ocrx_word' id='word_1_278' title='bbox 697 1753 769 1780; x_wconf 87' lang='lat' dir='ltr'><strong>enim</strong></span> <span class='ocrx_word' id='word_1_279' title='bbox 784 1760 833 1779; x_wconf 88' lang='lat' dir='ltr'><strong>nos</strong></span> <span class='ocrx_word' id='word_1_280' title='bbox 848 1751 945 1780; x_wconf 78' lang='lat' dir='ltr'><strong>Oriens</strong></span> <span class='ocrx_word' id='word_1_281' title='bbox 958 1758 992 1778; x_wconf 81' lang='lat' dir='ltr'><strong>ex</strong></span> <span class='ocrx_word' id='word_1_282' title='bbox 1009 1750 1050 1777; x_wconf 82' lang='lat' dir='ltr'><strong>al-</strong></span> 
     </span>
    </p>
   </div>
   <div class='ocr_carea' id='block_1_37' title="bbox 263 1797 1051 1835">
    <p class='ocr_par' dir='ltr' id='par_1_37' title="bbox 263 1797 1051 1835">
     <span class='ocr_line' id='line_1_37' title="bbox 263 1797 1051 1835; baseline -0.005 -7"><span class='ocrx_word' id='word_1_283' title='bbox 263 1807 292 1829; x_wconf 82' lang='lat' dir='ltr'><strong>to</strong></span> <span class='ocrx_word' id='word_1_284' title='bbox 302 1801 343 1834; x_wconf 82' lang='lat'><strong>“;</strong></span> <span class='ocrx_word' id='word_1_285' title='bbox 354 1810 365 1828; x_wconf 74' lang='grc' dir='ltr'><strong>ι</strong></span> <span class='ocrx_word' id='word_1_286' title='bbox 382 1806 418 1835; x_wconf 82' lang='lat' dir='ltr'><strong>et,</strong></span> <span class='ocrx_word' id='word_1_287' title='bbox 435 1806 463 1828; x_wconf 92' lang='lat' dir='ltr'><strong>ut</strong></span> <span class='ocrx_word' id='word_1_288' title='bbox 478 1799 565 1834; x_wconf 83' lang='lat' dir='ltr'><strong>inquit</strong></span> <span class='ocrx_word' id='word_1_289' title='bbox 580 1799 675 1831; x_wconf 86' lang='lat' dir='ltr'><strong>David,</strong></span> <span class='ocrx_word' id='word_1_290' title='bbox 697 1807 706 1824; x_wconf 81' lang='grc' dir='ltr'><strong>ι</strong></span> <span class='ocrx_word' id='word_1_291' title='bbox 725 1798 853 1825; x_wconf 85' lang='lat' dir='ltr'><strong>Dominus</strong></span> <span class='ocrx_word' id='word_1_292' title='bbox 864 1804 879 1825; x_wconf 86' lang='lat' dir='ltr'><strong>e</strong></span> <span class='ocrx_word' id='word_1_293' title='bbox 890 1797 959 1825; x_wconf 71' lang='lat' dir='ltr'><strong>etnlo</strong></span> <span class='ocrx_word' id='word_1_294' title='bbox 971 1802 1051 1831; x_wconf 80' lang='lat' dir='ltr'><strong>super</strong></span> 
     </span>
    </p>
   </div>
   <div class='ocr_carea' id='block_1_38' title="bbox 263 1844 1051 1881">
    <p class='ocr_par' dir='ltr' id='par_1_38' title="bbox 263 1844 1051 1881">
     <span class='ocr_line' id='line_1_38' title="bbox 263 1844 1051 1881; baseline -0.004 -8"><span class='ocrx_word' id='word_1_295' title='bbox 263 1852 362 1875; x_wconf 83' lang='lat' dir='ltr'><strong>terram</strong></span> <span class='ocrx_word' id='word_1_296' title='bbox 376 1845 511 1881; x_wconf 78' lang='lat' dir='ltr'><strong>prospexit</strong></span> <span class='ocrx_word' id='word_1_297' title='bbox 523 1846 576 1878; x_wconf 78' lang='grc' dir='ltr'>³³,ι</span> <span class='ocrx_word' id='word_1_298' title='bbox 593 1851 748 1880; x_wconf 80' lang='lat' dir='ltr'><strong>quanquam</strong></span> <span class='ocrx_word' id='word_1_299' title='bbox 765 1844 828 1871; x_wconf 91' lang='lat' dir='ltr'><strong>olim</strong></span> <span class='ocrx_word' id='word_1_300' title='bbox 855 1848 965 1878; x_wconf 90' lang='lat' dir='ltr'><strong>propter</strong></span> <span class='ocrx_word' id='word_1_301' title='bbox 989 1849 1051 1878; x_wconf 87' lang='lat' dir='ltr'><strong>pec-</strong></span> 
     </span>
    </p>
   </div>
   <div class='ocr_carea' id='block_1_39' title="bbox 261 1889 1049 1926">
    <p class='ocr_par' dir='ltr' id='par_1_39' title="bbox 261 1889 1049 1926">
     <span class='ocr_line' id='line_1_39' title="bbox 261 1889 1049 1926; baseline -0.006 -7"><span class='ocrx_word' id='word_1_302' title='bbox 261 1897 353 1920; x_wconf 78' lang='lat' dir='ltr'><strong>eatum</strong></span> <span class='ocrx_word' id='word_1_303' title='bbox 369 1900 422 1925; x_wconf 88' lang='lat' dir='ltr'><strong>quo</strong></span> <span class='ocrx_word' id='word_1_304' title='bbox 436 1891 681 1926; x_wconf 74' lang='lat' dir='ltr'><strong>obstringebamur,</strong></span> <span class='ocrx_word' id='word_1_305' title='bbox 693 1897 747 1917; x_wconf 89' lang='lat' dir='ltr'><strong>non</strong></span> <span class='ocrx_word' id='word_1_306' title='bbox 762 1889 911 1919; x_wconf 85' lang='lat' dir='ltr'><strong>curatione.</strong></span> <span class='ocrx_word' id='word_1_307' title='bbox 931 1895 985 1915; x_wconf 85' lang='lat' dir='ltr'><strong>non</strong></span> <span class='ocrx_word' id='word_1_308' title='bbox 1000 1894 1049 1915; x_wconf 81' lang='lat' dir='ltr'><strong>ve-</strong></span> 
     </span>
    </p>
   </div>
   <div class='ocr_carea' id='block_1_40' title="bbox 263 1933 1050 1969">
    <p class='ocr_par' dir='ltr' id='par_1_40' title="bbox 263 1933 1050 1969">
     <span class='ocr_line' id='line_1_40' title="bbox 263 1933 1050 1969; baseline -0.006 -4"><span class='ocrx_word' id='word_1_309' title='bbox 263 1939 318 1969; x_wconf 80' lang='lat' dir='ltr'><strong>nia,</strong></span> <span class='ocrx_word' id='word_1_310' title='bbox 331 1945 385 1964; x_wconf 89' lang='lat' dir='ltr'><strong>non</strong></span> <span class='ocrx_word' id='word_1_311' title='bbox 401 1937 554 1968; x_wconf 77' lang='lat' dir='ltr'><strong>dilectione,</strong></span> <span class='ocrx_word' id='word_1_312' title='bbox 573 1944 627 1962; x_wconf 90' lang='lat' dir='ltr'><strong>non</strong></span> <span class='ocrx_word' id='word_1_313' title='bbox 658 1935 712 1962; x_wconf 81' lang='lat' dir='ltr'><strong>alio</strong></span> <span class='ocrx_word' id='word_1_314' title='bbox 733 1934 859 1969; x_wconf 87' lang='lat' dir='ltr'><strong>quopiam</strong></span> <span class='ocrx_word' id='word_1_315' title='bbox 891 1933 972 1961; x_wconf 86' lang='lat' dir='ltr'><strong>simili</strong></span> <span class='ocrx_word' id='word_1_316' title='bbox 1000 1940 1050 1961; x_wconf 86' lang='lat' dir='ltr'><strong>nos</strong></span> 
     </span>
    </p>
   </div>
   <div class='ocr_carea' id='block_1_41' title="bbox 262 1980 1051 2017">
    <p class='ocr_par' dir='ltr' id='par_1_41' title="bbox 262 1980 1051 2017">
     <span class='ocr_line' id='line_1_41' title="bbox 262 1980 1051 2017; baseline -0.006 -7"><span class='ocrx_word' id='word_1_317' title='bbox 262 1983 436 2017; x_wconf 78' lang='lat' dir='ltr'><strong>dignaretur,</strong></span> <span class='ocrx_word' id='word_1_318' title='bbox 457 1983 504 2010; x_wconf 85' lang='lat' dir='ltr'><strong>sed</strong></span> <span class='ocrx_word' id='word_1_319' title='bbox 520 1986 703 2009; x_wconf 85' lang='lat' dir='ltr'><strong>aversaretur.</strong></span> <span class='ocrx_word' id='word_1_320' title='bbox 722 1981 811 2014; x_wconf 85' lang='lat' dir='ltr'><strong>Quare</strong></span> <span class='ocrx_word' id='word_1_321' title='bbox 830 1980 910 2016; x_wconf 80' lang='lat' dir='ltr'><strong>etiam</strong></span> <span class='ocrx_word' id='word_1_322' title='bbox 939 1983 1051 2006; x_wconf 87' lang='lat' dir='ltr'><strong>contur-</strong></span> 
     </span>
    </p>
   </div>
   <div class='ocr_carea' id='block_1_42' title="bbox 261 2026 1051 2063">
    <p class='ocr_par' dir='ltr' id='par_1_42' title="bbox 261 2026 1051 2063">
     <span class='ocr_line' id='line_1_42' title="bbox 261 2026 1051 2063; baseline -0.006 -7"><span class='ocrx_word' id='word_1_323' title='bbox 261 2028 318 2056; x_wconf 83' lang='lat' dir='ltr'><strong>bati</strong></span> <span class='ocrx_word' id='word_1_324' title='bbox 335 2036 438 2062; x_wconf 81' lang='lat' dir='ltr'><strong>sumus,</strong></span> <span class='ocrx_word' id='word_1_325' title='bbox 454 2029 523 2063; x_wconf 88' lang='lat' dir='ltr'><strong>quod</strong></span> <span class='ocrx_word' id='word_1_326' title='bbox 536 2033 563 2056; x_wconf 90' lang='lat' dir='ltr'><strong>et</strong></span> <span class='ocrx_word' id='word_1_327' title='bbox 579 2030 673 2055; x_wconf 84' lang='lat' dir='ltr'><strong>beatus</strong></span> <span class='ocrx_word' id='word_1_328' title='bbox 690 2027 774 2055; x_wconf 83' lang='lat' dir='ltr'><strong>David</strong></span> <span class='ocrx_word' id='word_1_329' title='bbox 790 2030 926 2054; x_wconf 87' lang='lat' dir='ltr'><strong>testatur:</strong></span> <span class='ocrx_word' id='word_1_330' title='bbox 942 2035 951 2051; x_wconf 83' lang='lat' dir='ltr'><strong>t</strong></span> <span class='ocrx_word' id='word_1_331' title='bbox 968 2026 1051 2052; x_wconf 86' lang='lat' dir='ltr'><strong>Aver-</strong></span> 
     </span>
    </p>
   </div>
   <div class='ocr_carea' id='block_1_43' title="bbox 263 2072 1049 2106">
    <p class='ocr_par' dir='ltr' id='par_1_43' title="bbox 263 2072 1049 2106">
     <span class='ocr_line' id='line_1_43' title="bbox 263 2072 1049 2106; baseline -0.004 -5"><span class='ocrx_word' id='word_1_332' title='bbox 263 2078 372 2101; x_wconf 87' lang='lat' dir='ltr'><strong>tentcte</strong></span> <span class='ocrx_word' id='word_1_333' title='bbox 388 2074 482 2102; x_wconf 77' lang='lat' dir='ltr'><strong>faciem</strong></span> <span class='ocrx_word' id='word_1_334' title='bbox 508 2079 581 2102; x_wconf 87' lang='lat' dir='ltr'><strong>tuam</strong></span> <span class='ocrx_word' id='word_1_335' title='bbox 600 2074 792 2106; x_wconf 83' lang='lat' dir='ltr'><strong>turbabuntur,</strong></span> <span class='ocrx_word' id='word_1_336' title='bbox 809 2078 838 2100; x_wconf 89' lang='lat' dir='ltr'><strong>et</strong></span> <span class='ocrx_word' id='word_1_337' title='bbox 856 2073 882 2100; x_wconf 92' lang='lat' dir='ltr'><strong>in</strong></span> <span class='ocrx_word' id='word_1_338' title='bbox 913 2072 1049 2106; x_wconf 89' lang='lat' dir='ltr'><strong>pulverem</strong></span> 
     </span>
    </p>
   </div>
   <div class='ocr_carea' id='block_1_44' title="bbox 261 2117 1051 2154">
    <p class='ocr_par' dir='ltr' id='par_1_44' title="bbox 261 2117 1051 2154">
     <span class='ocr_line' id='line_1_44' title="bbox 261 2117 1051 2154; baseline -0.005 -6"><span class='ocrx_word' id='word_1_339' title='bbox 261 2128 340 2151; x_wconf 81' lang='lat' dir='ltr'><strong>suum</strong></span> <span class='ocrx_word' id='word_1_340' title='bbox 359 2124 528 2153; x_wconf 84' lang='lat' dir='ltr'><strong>revertentur</strong></span> <span class='ocrx_word' id='word_1_341' title='bbox 540 2119 591 2147; x_wconf 76' lang='lat' dir='ltr'><strong>“.r</strong></span> <span class='ocrx_word' id='word_1_342' title='bbox 613 2119 748 2154; x_wconf 81' lang='lat' dir='ltr'><strong>Quoniam</strong></span> <span class='ocrx_word' id='word_1_343' title='bbox 780 2124 870 2147; x_wconf 89' lang='lat' dir='ltr'><strong>autem</strong></span> <span class='ocrx_word' id='word_1_344' title='bbox 888 2125 971 2150; x_wconf 86' lang='lat' dir='ltr'><strong>nunc,</strong></span> <span class='ocrx_word' id='word_1_345' title='bbox 998 2117 1051 2145; x_wconf 84' lang='lat' dir='ltr'><strong>hoe</strong></span> 
     </span>
    </p>
   </div>
   <div class='ocr_carea' id='block_1_45' title="bbox 261 2163 1051 2201">
    <p class='ocr_par' dir='ltr' id='par_1_45' title="bbox 261 2163 1051 2201">
     <span class='ocr_line' id='line_1_45' title="bbox 261 2163 1051 2201; baseline -0.005 -8"><span class='ocrx_word' id='word_1_346' title='bbox 261 2171 304 2194; x_wconf 83' lang='lat' dir='ltr'><strong>est</strong></span> <span class='ocrx_word' id='word_1_347' title='bbox 325 2171 445 2201; x_wconf 88' lang='lat' dir='ltr'><strong>tempore</strong></span> <span class='ocrx_word' id='word_1_348' title='bbox 474 2167 605 2194; x_wconf 87' lang='lat' dir='ltr'><strong>adventus</strong></span> <span class='ocrx_word' id='word_1_349' title='bbox 628 2166 745 2194; x_wconf 89' lang='lat' dir='ltr'><strong>vidimus</strong></span> <span class='ocrx_word' id='word_1_350' title='bbox 775 2165 859 2192; x_wconf 84' lang='lat' dir='ltr'><strong>oculis</strong></span> <span class='ocrx_word' id='word_1_351' title='bbox 883 2164 952 2200; x_wconf 77' lang='lat' dir='ltr'><strong>ejus,</strong></span> <span class='ocrx_word' id='word_1_352' title='bbox 977 2163 1051 2191; x_wconf 57' lang='lat' dir='ltr'><strong>salu-</strong></span> 
     </span>
    </p>
   </div>
   <div class='ocr_carea' id='block_1_46' title="bbox 264 2208 1088 2246">
    <p class='ocr_par' dir='ltr' id='par_1_46' title="bbox 264 2208 1088 2246">
     <span class='ocr_line' id='line_1_46' title="bbox 264 2208 1088 2246; baseline -0.007 -6"><span class='ocrx_word' id='word_1_353' title='bbox 264 2217 331 2246; x_wconf 87' lang='lat' dir='ltr'><strong>tem,</strong></span> <span class='ocrx_word' id='word_1_354' title='bbox 347 2217 374 2240; x_wconf 84' lang='lat' dir='ltr'><strong>et</strong></span> <span class='ocrx_word' id='word_1_355' title='bbox 386 2212 614 2244; x_wconf 85' lang='lat' dir='ltr'><strong>misericordiam,</strong></span> <span class='ocrx_word' id='word_1_356' title='bbox 631 2216 658 2239; x_wconf 88' lang='lat' dir='ltr'><strong>et</strong></span> <span class='ocrx_word' id='word_1_357' title='bbox 673 2211 737 2246; x_wconf 90' lang='lat' dir='ltr'><strong>quid</strong></span> <span class='ocrx_word' id='word_1_358' title='bbox 761 2217 814 2237; x_wconf 93' lang='lat' dir='ltr'><strong>non</strong></span> <span class='ocrx_word' id='word_1_359' title='bbox 844 2209 952 2236; x_wconf 88' lang='lat' dir='ltr'><strong>tandem</strong></span> <span class='ocrx_word' id='word_1_360' title='bbox 976 2208 1049 2235; x_wconf 88' lang='lat' dir='ltr'><strong>omni</strong></span> <span class='ocrx_word' id='word_1_361' title='bbox 1065 2215 1088 2242; x_wconf 82' lang='grc' dir='ltr'><strong>ι)</strong></span> 
     </span>
    </p>
   </div>
   <div class='ocr_carea' id='block_1_47' title="bbox 261 2252 1004 2293">
    <p class='ocr_par' dir='ltr' id='par_1_47' title="bbox 261 2252 1004 2293">
     <span class='ocr_line' id='line_1_47' title="bbox 261 2252 1004 2293; baseline -0.008 -8"><span class='ocrx_word' id='word_1_362' title='bbox 261 2264 386 2284; x_wconf 71' lang='lat' dir='ltr'><strong>sermone</strong></span> <span class='ocrx_word' id='word_1_363' title='bbox 401 2258 488 2293; x_wconf 88' lang='lat' dir='ltr'><strong>majus</strong></span> <span class='ocrx_word' id='word_1_364' title='bbox 505 2262 533 2285; x_wconf 87' lang='lat' dir='ltr'><strong>et</strong></span> <span class='ocrx_word' id='word_1_365' title='bbox 552 2257 713 2285; x_wconf 85' lang='lat' dir='ltr'><strong>admirabile</strong></span> <span class='ocrx_word' id='word_1_366' title='bbox 731 2255 869 2283; x_wconf 87' lang='lat' dir='ltr'><strong>consecuti</strong></span> <span class='ocrx_word' id='word_1_367' title='bbox 885 2260 979 2281; x_wconf 86' lang='lat' dir='ltr'><strong>sumus</strong></span> <span class='ocrx_word' id='word_1_368' title='bbox 993 2252 1004 2279; x_wconf 76' lang='grc' dir='ltr'>ῗ</span> 
     </span>
    </p>
   </div>
   <div class='ocr_carea' id='block_1_48' title="bbox 260 2301 1081 2342">
    <p class='ocr_par' dir='ltr' id='par_1_48' title="bbox 260 2301 1081 2342">
     <span class='ocr_line' id='line_1_48' title="bbox 260 2301 1081 2342; baseline -0.007 -10"><span class='ocrx_word' id='word_1_369' title='bbox 260 2305 383 2333; x_wconf 78' lang='grc' dir='ltr'><strong>τουτέστι</strong></span> <span class='ocrx_word' id='word_1_370' title='bbox 397 2305 469 2333; x_wconf 82' lang='grc' dir='ltr'><strong>κατά</strong></span> <span class='ocrx_word' id='word_1_371' title='bbox 484 2305 529 2333; x_wconf 80' lang='grc' dir='ltr'>τὸν</span> <span class='ocrx_word' id='word_1_372' title='bbox 538 2305 585 2341; x_wconf 82' lang='grc' dir='ltr'>τῆς</span> <span class='ocrx_word' id='word_1_373' title='bbox 600 2303 749 2339; x_wconf 74' lang='grc' dir='ltr'>ἐπιδημίας</span> <span class='ocrx_word' id='word_1_374' title='bbox 763 2302 857 2342; x_wconf 81' lang='grc' dir='ltr'>καιρὸν</span> <span class='ocrx_word' id='word_1_375' title='bbox 874 2301 1038 2336; x_wconf 75' lang='grc' dir='ltr'><strong>ἑωράκαμεν</strong></span> <span class='ocrx_word' id='word_1_376' title='bbox 1052 2301 1081 2327; x_wconf 88' lang='grc' dir='ltr'><strong>ἐν</strong></span> 
     </span>
    </p>
   </div>
   <div class='ocr_carea' id='block_1_49' title="bbox 1065 1545 1087 1575">
    <p class='ocr_par' dir='ltr' id='par_1_49' title="bbox 1065 1545 1087 1575">
     <span class='ocr_line' id='line_1_49' title="bbox 1065 1545 1087 1575; baseline 0 0"><span class='ocrx_word' id='word_1_377' title='bbox 1065 1545 1087 1575; x_wconf 89' lang='lat' dir='ltr'><strong><em>C</em></strong></span> 
     </span>
    </p>
   </div>
   <div class='ocr_carea' id='block_1_50' title="bbox 757 141 1375 171">
    <p class='ocr_par' dir='ltr' id='par_1_50' title="bbox 757 141 1375 171">
     <span class='ocr_line' id='line_1_50' title="bbox 757 141 1375 171; baseline 0 0"><span class='ocrx_word' id='word_1_378' title='bbox 757 144 787 171; x_wconf 74' lang='lat' dir='ltr'><strong>S.</strong></span> <span class='ocrx_word' id='word_1_379' title='bbox 807 141 946 171; x_wconf 76' lang='lat' dir='ltr'><strong>CYRlLLl</strong></span> <span class='ocrx_word' id='word_1_380' title='bbox 963 141 1197 170; x_wconf 65' lang='lat' dir='ltr'><strong>ALEXANDRINI</strong></span> <span class='ocrx_word' id='word_1_381' title='bbox 1215 142 1375 171; x_wconf 73' lang='lat' dir='ltr'><strong>ARCHIEP.</strong></span> 
     </span>
    </p>
   </div>
   <div class='ocr_carea' id='block_1_51' title="bbox 1838 143 1888 173">
    <p class='ocr_par' dir='ltr' id='par_1_51' title="bbox 1838 143 1888 173">
     <span class='ocr_line' id='line_1_51' title="bbox 1838 143 1888 173; baseline 0 0"><span class='ocrx_word' id='word_1_382' title='bbox 1838 143 1888 173; x_wconf 68' lang='grc' dir='ltr'><strong>ιιι</strong></span> 
     </span>
    </p>
   </div>
   <div class='ocr_carea' id='block_1_52' title="bbox 1100 200 1890 239">
    <p class='ocr_par' dir='ltr' id='par_1_52' title="bbox 1100 200 1890 239">
     <span class='ocr_line' id='line_1_52' title="bbox 1100 200 1890 239; baseline 0.008 -12"><span class='ocrx_word' id='word_1_383' title='bbox 1100 209 1214 233; x_wconf 80' lang='grc' dir='ltr'>πτωσιν,</span> <span class='ocrx_word' id='word_1_384' title='bbox 1229 201 1258 227; x_wconf 74' lang='grc' dir='ltr'><strong>ἐν</strong></span> <span class='ocrx_word' id='word_1_385' title='bbox 1272 202 1339 236; x_wconf 74' lang='grc' dir='ltr'>ἡμῖν</span> <span class='ocrx_word' id='word_1_386' title='bbox 1360 200 1416 228; x_wconf 80' lang='grc' dir='ltr'><strong>ἀνω</strong></span> <span class='ocrx_word' id='word_1_387' title='bbox 1434 209 1462 227; x_wconf 77' lang='grc' dir='ltr'><strong>τι</strong></span> <span class='ocrx_word' id='word_1_388' title='bbox 1489 201 1536 228; x_wconf 78' lang='grc' dir='ltr'>καὶ</span> <span class='ocrx_word' id='word_1_389' title='bbox 1560 201 1635 236; x_wconf 69' lang='grc' dir='ltr'>κάτω</span> <span class='ocrx_word' id='word_1_390' title='bbox 1664 201 1827 239; x_wconf 71' lang='grc' dir='ltr'>περιιόντες,</span> <span class='ocrx_word' id='word_1_391' title='bbox 1844 207 1890 233; x_wconf 72' lang='grc' dir='ltr'>καὶ</span> 
     </span>
    </p>
   </div>
   <div class='ocr_carea' id='block_1_53' title="bbox 1102 244 1889 286">
    <p class='ocr_par' dir='ltr' id='par_1_53' title="bbox 1102 244 1889 286">
     <span class='ocr_line' id='line_1_53' title="bbox 1102 244 1889 286; baseline 0.005 -13"><span class='ocrx_word' id='word_1_392' title='bbox 1102 244 1146 273; x_wconf 74' lang='grc' dir='ltr'>οἷά</span> <span class='ocrx_word' id='word_1_393' title='bbox 1160 255 1222 273; x_wconf 80' lang='grc' dir='ltr'>τινα</span> <span class='ocrx_word' id='word_1_394' title='bbox 1252 246 1460 282; x_wconf 77' lang='grc' dir='ltr'><strong>κεχερσωμένην</strong></span> <span class='ocrx_word' id='word_1_395' title='bbox 1476 247 1625 279; x_wconf 78' lang='grc' dir='ltr'><strong>πατοῦντες</strong></span> <span class='ocrx_word' id='word_1_396' title='bbox 1643 248 1713 280; x_wconf 76' lang='grc' dir='ltr'>ὁδὸν,</span> <span class='ocrx_word' id='word_1_397' title='bbox 1730 249 1779 276; x_wconf 73' lang='grc' dir='ltr'>καὶ</span> <span class='ocrx_word' id='word_1_398' title='bbox 1790 249 1889 286; x_wconf 78' lang='grc' dir='ltr'>βλάϐης</span> 
     </span>
    </p>
   </div>
   <div class='ocr_carea' id='block_1_54' title="bbox 1103 292 1890 330">
    <p class='ocr_par' dir='ltr' id='par_1_54' title="bbox 1103 292 1890 330">
     <span class='ocr_line' id='line_1_54' title="bbox 1103 292 1890 330; baseline 0.003 -11"><span class='ocrx_word' id='word_1_399' title='bbox 1103 293 1212 328; x_wconf 83' lang='grc' dir='ltr'>ἀπάσης</span> <span class='ocrx_word' id='word_1_400' title='bbox 1223 292 1449 327; x_wconf 78' lang='grc' dir='ltr'><strong>ἀναπιμπλάντες</strong></span> <span class='ocrx_word' id='word_1_401' title='bbox 1460 293 1597 328; x_wconf 72' lang='grc' dir='ltr'>ἡμετέρας</span> <span class='ocrx_word' id='word_1_402' title='bbox 1611 293 1734 328; x_wconf 86' lang='grc' dir='ltr'>καρδίας.</span> <span class='ocrx_word' id='word_1_403' title='bbox 1754 294 1826 329; x_wconf 84' lang='grc' dir='ltr'>Ἔφη</span> <span class='ocrx_word' id='word_1_404' title='bbox 1842 295 1890 330; x_wconf 77' lang='grc' dir='ltr'>μὲν</span> 
     </span>
    </p>
   </div>
   <div class='ocr_carea' id='block_1_55' title="bbox 1102 336 1890 374">
    <p class='ocr_par' dir='ltr' id='par_1_55' title="bbox 1102 336 1890 374">
     <span class='ocr_line' id='line_1_55' title="bbox 1102 336 1890 374; baseline 0.001 -9"><span class='ocrx_word' id='word_1_405' title='bbox 1102 338 1157 374; x_wconf 88' lang='grc' dir='ltr'>γάρ</span> <span class='ocrx_word' id='word_1_406' title='bbox 1173 346 1225 364; x_wconf 87' lang='grc' dir='ltr'><strong>που</strong></span> <span class='ocrx_word' id='word_1_407' title='bbox 1237 338 1301 374; x_wconf 78' lang='grc' dir='ltr'>περὶ</span> <span class='ocrx_word' id='word_1_408' title='bbox 1312 338 1366 364; x_wconf 89' lang='grc' dir='ltr'><strong>τῶν</strong></span> <span class='ocrx_word' id='word_1_409' title='bbox 1376 338 1407 369; x_wconf 77' lang='grc' dir='ltr'>ἐξ</span> <span class='ocrx_word' id='word_1_410' title='bbox 1420 337 1539 373; x_wconf 83' lang='grc' dir='ltr'>Ἰσραὴλ,</span> <span class='ocrx_word' id='word_1_411' title='bbox 1549 338 1578 370; x_wconf 77' lang='grc' dir='ltr'>ὃς</span> <span class='ocrx_word' id='word_1_412' title='bbox 1590 336 1624 373; x_wconf 76' lang='grc' dir='ltr'>ἦν</span> <span class='ocrx_word' id='word_1_413' title='bbox 1638 339 1750 373; x_wconf 86' lang='grc' dir='ltr'>ἀρχαῖος</span> <span class='ocrx_word' id='word_1_414' title='bbox 1761 339 1890 374; x_wconf 77' lang='grc' dir='ltr'>ἀμπεὶὼν</span> 
     </span>
    </p>
   </div>
   <div class='ocr_carea' id='block_1_56' title="bbox 1103 383 1889 420">
    <p class='ocr_par' dir='ltr' id='par_1_56' title="bbox 1103 383 1889 420">
     <span class='ocr_line' id='line_1_56' title="bbox 1103 383 1889 420; baseline 0.001 -9"><span class='ocrx_word' id='word_1_415' title='bbox 1103 384 1142 420; x_wconf 85' lang='grc' dir='ltr'>τῷ</span> <span class='ocrx_word' id='word_1_416' title='bbox 1155 385 1320 420; x_wconf 79' lang='grc' dir='ltr'><strong>κτησαμένῳ</strong></span> <span class='ocrx_word' id='word_1_417' title='bbox 1335 383 1384 420; x_wconf 78' lang='lat' dir='ltr'><strong>(ll,</strong></span> <span class='ocrx_word' id='word_1_418' title='bbox 1399 383 1439 410; x_wconf 82' lang='grc' dir='ltr'>ὅτι</span> <span class='ocrx_word' id='word_1_419' title='bbox 1452 392 1461 409; x_wconf 72' lang='grc' dir='ltr'><strong>ι</strong></span> <span class='ocrx_word' id='word_1_420' title='bbox 1472 383 1576 418; x_wconf 75' lang='grc' dir='ltr'>’Δφελῶ</span> <span class='ocrx_word' id='word_1_421' title='bbox 1589 384 1635 410; x_wconf 77' lang='grc' dir='ltr'>τὸν</span> <span class='ocrx_word' id='word_1_422' title='bbox 1650 384 1776 420; x_wconf 77' lang='grc' dir='ltr'>φραγμὸν</span> <span class='ocrx_word' id='word_1_423' title='bbox 1796 385 1889 417; x_wconf 73' lang='grc' dir='ltr'>αὑτοῦ,</span> 
     </span>
    </p>
   </div>
   <div class='ocr_carea' id='block_1_57' title="bbox 1103 430 1892 467">
    <p class='ocr_par' dir='ltr' id='par_1_57' title="bbox 1103 430 1892 467">
     <span class='ocr_line' id='line_1_57' title="bbox 1103 430 1892 467; baseline 0.001 -9"><span class='ocrx_word' id='word_1_424' title='bbox 1103 432 1149 459; x_wconf 72' lang='grc' dir='ltr'>καὶ</span> <span class='ocrx_word' id='word_1_425' title='bbox 1165 431 1242 458; x_wconf 81' lang='grc' dir='ltr'>ἐσται</span> <span class='ocrx_word' id='word_1_426' title='bbox 1255 432 1295 462; x_wconf 76' lang='grc' dir='ltr'><strong>εἰς</strong></span> <span class='ocrx_word' id='word_1_427' title='bbox 1308 430 1473 466; x_wconf 82' lang='grc' dir='ltr'>διαρπαγὴν,</span> <span class='ocrx_word' id='word_1_428' title='bbox 1500 431 1546 457; x_wconf 81' lang='grc' dir='ltr'>καὶ</span> <span class='ocrx_word' id='word_1_429' title='bbox 1566 430 1672 457; x_wconf 82' lang='grc' dir='ltr'><strong>καθελῶ</strong></span> <span class='ocrx_word' id='word_1_430' title='bbox 1686 431 1732 458; x_wconf 78' lang='grc' dir='ltr'>τὸν</span> <span class='ocrx_word' id='word_1_431' title='bbox 1744 433 1833 467; x_wconf 82' lang='grc' dir='ltr'><strong>τοῖχον</strong></span> <span class='ocrx_word' id='word_1_432' title='bbox 1845 433 1892 459; x_wconf 66' lang='lat' dir='ltr'><strong>ati-</strong></span> 
     </span>
    </p>
   </div>
   <div class='ocr_carea' id='block_1_58' title="bbox 1102 476 1892 512">
    <p class='ocr_par' dir='ltr' id='par_1_58' title="bbox 1102 476 1892 512">
     <span class='ocr_line' id='line_1_58' title="bbox 1102 476 1892 512; baseline 0.001 -9"><span class='ocrx_word' id='word_1_433' title='bbox 1102 476 1161 509; x_wconf 82' lang='grc' dir='ltr'>τοῦ,</span> <span class='ocrx_word' id='word_1_434' title='bbox 1182 477 1230 503; x_wconf 75' lang='grc' dir='ltr'>καὶ</span> <span class='ocrx_word' id='word_1_435' title='bbox 1257 476 1334 502; x_wconf 75' lang='grc' dir='ltr'>ἔσται</span> <span class='ocrx_word' id='word_1_436' title='bbox 1360 476 1400 507; x_wconf 85' lang='grc' dir='ltr'><strong>είς</strong></span> <span class='ocrx_word' id='word_1_437' title='bbox 1418 476 1616 511; x_wconf 82' lang='grc' dir='ltr'>καταπάτημα.</span> <span class='ocrx_word' id='word_1_438' title='bbox 1637 486 1646 502; x_wconf 74' lang='grc' dir='ltr'><strong>ι</strong></span> <span class='ocrx_word' id='word_1_439' title='bbox 1679 476 1760 512; x_wconf 83' lang='grc' dir='ltr'>Ἡμῖν</span> <span class='ocrx_word' id='word_1_440' title='bbox 1788 477 1817 503; x_wconf 84' lang='grc' dir='ltr'>δὲ</span> <span class='ocrx_word' id='word_1_441' title='bbox 1836 479 1892 509; x_wconf 89' lang='grc' dir='ltr'>τοῖς</span> 
     </span>
    </p>
   </div>
   <div class='ocr_carea' id='block_1_59' title="bbox 1103 521 1890 558">
    <p class='ocr_par' dir='ltr' id='par_1_59' title="bbox 1103 521 1890 558">
     <span class='ocr_line' id='line_1_59' title="bbox 1103 521 1890 558; baseline 0.001 -10"><span class='ocrx_word' id='word_1_442' title='bbox 1103 521 1272 555; x_wconf 72' lang='grc' dir='ltr'><strong>ἐπεγνωκόσι</strong></span> <span class='ocrx_word' id='word_1_443' title='bbox 1282 521 1331 555; x_wconf 84' lang='grc' dir='ltr'>τὴν</span> <span class='ocrx_word' id='word_1_444' title='bbox 1348 521 1509 554; x_wconf 80' lang='grc' dir='ltr'>ἐπιφάνειαν</span> <span class='ocrx_word' id='word_1_445' title='bbox 1522 521 1616 552; x_wconf 81' lang='grc' dir='ltr'>αὑτοῦ,</span> <span class='ocrx_word' id='word_1_446' title='bbox 1627 522 1716 556; x_wconf 85' lang='grc' dir='ltr'>τοῖχος</span> <span class='ocrx_word' id='word_1_447' title='bbox 1731 523 1890 558; x_wconf 80' lang='grc' dir='ltr'>ἐγήγερται,</span> 
     </span>
    </p>
   </div>
   <div class='ocr_carea' id='block_1_60' title="bbox 1104 566 1892 603">
    <p class='ocr_par' dir='ltr' id='par_1_60' title="bbox 1104 566 1892 603">
     <span class='ocr_line' id='line_1_60' title="bbox 1104 566 1892 603; baseline 0.003 -10"><span class='ocrx_word' id='word_1_448' title='bbox 1104 567 1151 593; x_wconf 78' lang='grc' dir='ltr'>καὶ</span> <span class='ocrx_word' id='word_1_449' title='bbox 1165 566 1291 601; x_wconf 78' lang='grc' dir='ltr'>φραγμδς</span> <span class='ocrx_word' id='word_1_450' title='bbox 1306 566 1388 597; x_wconf 80' lang='grc' dir='ltr'>αὐτὸς</span> <span class='ocrx_word' id='word_1_451' title='bbox 1399 567 1413 592; x_wconf 87' lang='grc' dir='ltr'><strong>ό</strong></span> <span class='ocrx_word' id='word_1_452' title='bbox 1436 566 1619 602; x_wconf 71' lang='grc' dir='ltr'>Ἐμμανουήλ,</span> <span class='ocrx_word' id='word_1_453' title='bbox 1633 567 1765 603; x_wconf 78' lang='grc' dir='ltr'>ἀρρήκτῳ</span> <span class='ocrx_word' id='word_1_454' title='bbox 1779 568 1892 603; x_wconf 76' lang='grc' dir='ltr'>δυνάμει</span> 
     </span>
    </p>
   </div>
   <div class='ocr_carea' id='block_1_61' title="bbox 1104 611 1893 649">
    <p class='ocr_par' dir='ltr' id='par_1_61' title="bbox 1104 611 1893 649">
     <span class='ocr_line' id='line_1_61' title="bbox 1104 611 1893 649; baseline 0.003 -10"><span class='ocrx_word' id='word_1_455' title='bbox 1104 612 1283 647; x_wconf 79' lang='grc' dir='ltr'>περιϐάλλων,</span> <span class='ocrx_word' id='word_1_456' title='bbox 1300 611 1348 638; x_wconf 76' lang='grc' dir='ltr'>καὶ</span> <span class='ocrx_word' id='word_1_457' title='bbox 1375 612 1517 638; x_wconf 87' lang='grc' dir='ltr'>ἀποσοϐῶν</span> <span class='ocrx_word' id='word_1_458' title='bbox 1537 612 1591 639; x_wconf 85' lang='grc' dir='ltr'><strong>τῶν</strong></span> <span class='ocrx_word' id='word_1_459' title='bbox 1608 613 1752 649; x_wconf 81' lang='grc' dir='ltr'><strong>ἡμετέρων</strong></span> <span class='ocrx_word' id='word_1_460' title='bbox 1768 614 1893 642; x_wconf 80' lang='grc' dir='ltr'>διανοιῶν</span> 
     </span>
    </p>
   </div>
   <div class='ocr_carea' id='block_1_62' title="bbox 1104 657 1893 693">
    <p class='ocr_par' dir='ltr' id='par_1_62' title="bbox 1104 657 1893 693">
     <span class='ocr_line' id='line_1_62' title="bbox 1104 657 1893 693; baseline 0.001 -9"><span class='ocrx_word' id='word_1_461' title='bbox 1104 658 1166 689; x_wconf 81' lang='grc' dir='ltr'>τοὺς</span> <span class='ocrx_word' id='word_1_462' title='bbox 1193 657 1364 692; x_wconf 78' lang='grc' dir='ltr'><strong>ἀκαθάρτους</strong></span> <span class='ocrx_word' id='word_1_463' title='bbox 1386 657 1525 693; x_wconf 79' lang='grc' dir='ltr'>δαίμονας,</span> <span class='ocrx_word' id='word_1_464' title='bbox 1554 658 1601 685; x_wconf 75' lang='grc' dir='ltr'>καὶ</span> <span class='ocrx_word' id='word_1_465' title='bbox 1622 659 1678 689; x_wconf 85' lang='grc' dir='ltr'>τοῖς</span> <span class='ocrx_word' id='word_1_466' title='bbox 1702 658 1814 685; x_wconf 84' lang='grc' dir='ltr'>ἐκείνων</span> <span class='ocrx_word' id='word_1_467' title='bbox 1842 659 1893 686; x_wconf 67' lang='grc' dir='ltr'>οὐκ</span> 
     </span>
    </p>
   </div>
   <div class='ocr_carea' id='block_1_63' title="bbox 1103 702 1893 739">
    <p class='ocr_par' dir='ltr' id='par_1_63' title="bbox 1103 702 1893 739">
     <span class='ocr_line' id='line_1_63' title="bbox 1103 702 1893 739; baseline 0.003 -11"><span class='ocrx_word' id='word_1_468' title='bbox 1103 703 1192 736; x_wconf 84' lang='grc' dir='ltr'>ἀφιεὶς</span> <span class='ocrx_word' id='word_1_469' title='bbox 1208 702 1397 737; x_wconf 80' lang='grc' dir='ltr'><strong>ὑπεστρῶσθαι</strong></span> <span class='ocrx_word' id='word_1_470' title='bbox 1410 702 1482 729; x_wconf 89' lang='grc' dir='ltr'>ποσί.</span> <span class='ocrx_word' id='word_1_471' title='bbox 1501 703 1645 739; x_wconf 83' lang='grc' dir='ltr'>Τοιγάρτοι</span> <span class='ocrx_word' id='word_1_472' title='bbox 1662 703 1709 730; x_wconf 79' lang='grc' dir='ltr'>καὶ</span> <span class='ocrx_word' id='word_1_473' title='bbox 1721 704 1735 730; x_wconf 86' lang='grc' dir='ltr'><strong>ό</strong></span> <span class='ocrx_word' id='word_1_474' title='bbox 1747 704 1893 739; x_wconf 81' lang='grc' dir='ltr'><strong>προφήτης</strong></span> 
     </span>
    </p>
   </div>
   <div class='ocr_carea' id='block_1_64' title="bbox 1104 748 1894 785">
    <p class='ocr_par' dir='ltr' id='par_1_64' title="bbox 1104 748 1894 785">
     <span class='ocr_line' id='line_1_64' title="bbox 1104 748 1894 785; baseline 0.001 -10"><span class='ocrx_word' id='word_1_475' title='bbox 1104 748 1173 784; x_wconf 84' lang='grc' dir='ltr'>πρὸς</span> <span class='ocrx_word' id='word_1_476' title='bbox 1203 748 1303 781; x_wconf 76' lang='grc' dir='ltr'>αὑτὸν,</span> <span class='ocrx_word' id='word_1_477' title='bbox 1334 757 1343 774; x_wconf 84' lang='grc' dir='ltr'><strong>ι</strong></span> <span class='ocrx_word' id='word_1_478' title='bbox 1364 749 1429 775; x_wconf 59' lang='grc' dir='ltr'>Καί</span> <span class='ocrx_word' id='word_1_479' title='bbox 1445 749 1585 785; x_wconf 76' lang='grc' dir='ltr'><strong>κληθήσῃ,</strong></span> <span class='ocrx_word' id='word_1_480' title='bbox 1619 750 1722 784; x_wconf 75' lang='grc' dir='ltr'>φησὶν,</span> <span class='ocrx_word' id='word_1_481' title='bbox 1753 749 1894 785; x_wconf 80' lang='grc' dir='ltr'>οἰκοδόμος</span> 
     </span>
    </p>
   </div>
   <div class='ocr_carea' id='block_1_65' title="bbox 1104 793 1890 830">
    <p class='ocr_par' dir='ltr' id='par_1_65' title="bbox 1104 793 1890 830">
     <span class='ocr_line' id='line_1_65' title="bbox 1104 793 1890 830; baseline 0.003 -10"><span class='ocrx_word' id='word_1_482' title='bbox 1104 793 1239 830; x_wconf 83' lang='grc' dir='ltr'>φραγμῶν</span> <span class='ocrx_word' id='word_1_483' title='bbox 1249 795 1297 820; x_wconf 66' lang='grc' dir='ltr'>καὶ.</span> <span class='ocrx_word' id='word_1_484' title='bbox 1311 794 1360 825; x_wconf 84' lang='grc' dir='ltr'><strong>τὰς</strong></span> <span class='ocrx_word' id='word_1_485' title='bbox 1374 794 1484 830; x_wconf 86' lang='grc' dir='ltr'>τρίϐους</span> <span class='ocrx_word' id='word_1_486' title='bbox 1497 795 1545 826; x_wconf 86' lang='grc' dir='ltr'><strong>τὰς</strong></span> <span class='ocrx_word' id='word_1_487' title='bbox 1568 795 1620 822; x_wconf 86' lang='grc' dir='ltr'><strong>ἀνά</strong></span> <span class='ocrx_word' id='word_1_488' title='bbox 1644 795 1725 830; x_wconf 74' lang='grc' dir='ltr'>μέσον</span> <span class='ocrx_word' id='word_1_489' title='bbox 1738 795 1863 827; x_wconf 84' lang='grc' dir='ltr'>παύσεις.</span> <span class='ocrx_word' id='word_1_490' title='bbox 1880 804 1890 822; x_wconf 77' lang='grc' dir='ltr'><strong>ι</strong></span> 
     </span>
    </p>
   </div>
   <div class='ocr_carea' id='block_1_66' title="bbox 1106 839 1893 876">
    <p class='ocr_par' dir='ltr' id='par_1_66' title="bbox 1106 839 1893 876">
     <span class='ocr_line' id='line_1_66' title="bbox 1106 839 1893 876; baseline 0.003 -11"><span class='ocrx_word' id='word_1_491' title='bbox 1106 839 1212 874; x_wconf 82' lang='grc' dir='ltr'>Ὠσπερ</span> <span class='ocrx_word' id='word_1_492' title='bbox 1232 839 1286 875; x_wconf 73' lang='grc' dir='ltr'><strong>γὰρ</strong></span> <span class='ocrx_word' id='word_1_493' title='bbox 1313 840 1338 866; x_wconf 79' lang='lat' dir='ltr'><strong>oi</strong></span> <span class='ocrx_word' id='word_1_494' title='bbox 1364 840 1559 875; x_wconf 74' lang='grc' dir='ltr'>περιφράττειν</span> <span class='ocrx_word' id='word_1_495' title='bbox 1582 840 1706 872; x_wconf 72' lang='grc' dir='ltr'>εἰωθότες</span> <span class='ocrx_word' id='word_1_496' title='bbox 1727 841 1893 876; x_wconf 80' lang='grc' dir='ltr'>ἀμπελῶνας</span> 
     </span>
    </p>
   </div>
   <div class='ocr_carea' id='block_1_67' title="bbox 1102 885 1894 921">
    <p class='ocr_par' dir='ltr' id='par_1_67' title="bbox 1102 885 1894 921">
     <span class='ocr_line' id='line_1_67' title="bbox 1102 885 1894 921; baseline 0 -8"><span class='ocrx_word' id='word_1_497' title='bbox 1102 885 1334 921; x_wconf 73' lang='grc' dir='ltr'>κεχερσωμένους,</span> <span class='ocrx_word' id='word_1_498' title='bbox 1346 885 1395 916; x_wconf 87' lang='grc' dir='ltr'><strong>τὰς</strong></span> <span class='ocrx_word' id='word_1_499' title='bbox 1409 885 1453 912; x_wconf 87' lang='grc' dir='ltr'><strong>διά</strong></span> <span class='ocrx_word' id='word_1_500' title='bbox 1468 886 1550 920; x_wconf 84' lang='grc' dir='ltr'>μέσου</span> <span class='ocrx_word' id='word_1_501' title='bbox 1565 886 1681 912; x_wconf 79' lang='grc' dir='ltr'>παύουσι</span> <span class='ocrx_word' id='word_1_502' title='bbox 1694 886 1816 921; x_wconf 82' lang='grc' dir='ltr'>τρίϐους,</span> <span class='ocrx_word' id='word_1_503' title='bbox 1841 886 1894 913; x_wconf 77' lang='grc' dir='ltr'>οὐκ</span> 
     </span>
    </p>
   </div>
   <div class='ocr_carea' id='block_1_68' title="bbox 1103 929 1894 967">
    <p class='ocr_par' dir='ltr' id='par_1_68' title="bbox 1103 929 1894 967">
     <span class='ocr_line' id='line_1_68' title="bbox 1103 929 1894 967; baseline -0.001 -8"><span class='ocrx_word' id='word_1_504' title='bbox 1103 931 1202 962; x_wconf 84' lang='grc' dir='ltr'>ἐῶντες</span> <span class='ocrx_word' id='word_1_505' title='bbox 1220 930 1272 957; x_wconf 77' lang='grc' dir='ltr'><strong>ὑπὸ</strong></span> <span class='ocrx_word' id='word_1_506' title='bbox 1286 931 1342 962; x_wconf 81' lang='grc' dir='ltr'>τοῖς</span> <span class='ocrx_word' id='word_1_507' title='bbox 1360 929 1415 957; x_wconf 86' lang='grc' dir='ltr'><strong>τῶν</strong></span> <span class='ocrx_word' id='word_1_508' title='bbox 1443 930 1500 958; x_wconf 74' lang='grc' dir='ltr'><strong>ἀνω</strong></span> <span class='ocrx_word' id='word_1_509' title='bbox 1513 939 1543 957; x_wconf 80' lang='grc' dir='ltr'><strong>τε</strong></span> <span class='ocrx_word' id='word_1_510' title='bbox 1566 931 1614 957; x_wconf 73' lang='grc' dir='ltr'>καὶ</span> <span class='ocrx_word' id='word_1_511' title='bbox 1644 931 1720 958; x_wconf 84' lang='grc' dir='ltr'>κάτω</span> <span class='ocrx_word' id='word_1_512' title='bbox 1740 931 1894 967; x_wconf 84' lang='grc' dir='ltr'>παριόντων</span> 
     </span>
    </p>
   </div>
   <div class='ocr_carea' id='block_1_69' title="bbox 1104 975 1895 1013">
    <p class='ocr_par' dir='ltr' id='par_1_69' title="bbox 1104 975 1895 1013">
     <span class='ocr_line' id='line_1_69' title="bbox 1104 975 1895 1013; baseline 0 -9"><span class='ocrx_word' id='word_1_513' title='bbox 1104 975 1246 1004; x_wconf 80' lang='grc' dir='ltr'>πατεῖσθαι</span> <span class='ocrx_word' id='word_1_514' title='bbox 1276 976 1366 1003; x_wconf 76' lang='grc' dir='ltr'>ποσίψ</span> <span class='ocrx_word' id='word_1_515' title='bbox 1388 975 1460 1003; x_wconf 82' lang='grc' dir='ltr'>οὕτω</span> <span class='ocrx_word' id='word_1_516' title='bbox 1487 976 1535 1004; x_wconf 77' lang='grc' dir='ltr'>καὶ</span> <span class='ocrx_word' id='word_1_517' title='bbox 1553 976 1678 1013; x_wconf 80' lang='grc' dir='ltr'>όΚύριος</span> <span class='ocrx_word' id='word_1_518' title='bbox 1695 977 1774 1013; x_wconf 80' lang='grc' dir='ltr'>ἡμῶν</span> <span class='ocrx_word' id='word_1_519' title='bbox 1790 978 1895 1013; x_wconf 80' lang='grc' dir='ltr'>Ἰησοῦς</span> 
     </span>
    </p>
   </div>
   <div class='ocr_carea' id='block_1_70' title="bbox 1102 1019 1896 1059">
    <p class='ocr_par' dir='ltr' id='par_1_70' title="bbox 1102 1019 1896 1059">
     <span class='ocr_line' id='line_1_70' title="bbox 1102 1019 1896 1059; baseline 0.003 -11"><span class='ocrx_word' id='word_1_520' title='bbox 1102 1021 1219 1056; x_wconf 73' lang='grc' dir='ltr'>Χριστὸς</span> <span class='ocrx_word' id='word_1_521' title='bbox 1233 1021 1329 1048; x_wconf 83' lang='grc' dir='ltr'>ἐαυτὸν</span> <span class='ocrx_word' id='word_1_522' title='bbox 1354 1023 1420 1057; x_wconf 79' lang='grc' dir='ltr'>ἡμῖν</span> <span class='ocrx_word' id='word_1_523' title='bbox 1444 1023 1532 1057; x_wconf 81' lang='grc' dir='ltr'>τεῖχος</span> <span class='ocrx_word' id='word_1_524' title='bbox 1544 1019 1642 1058; x_wconf 75' lang='grc' dir='ltr'>οἷάπερ</span> <span class='ocrx_word' id='word_1_525' title='bbox 1656 1022 1794 1059; x_wconf 73' lang='grc' dir='ltr'>ἄρρηκτον</span> <span class='ocrx_word' id='word_1_526' title='bbox 1815 1032 1896 1059; x_wconf 82' lang='grc' dir='ltr'>περι-</span> 
     </span>
    </p>
   </div>
   <div class='ocr_carea' id='block_1_71' title="bbox 1103 1066 1895 1104">
    <p class='ocr_par' dir='ltr' id='par_1_71' title="bbox 1103 1066 1895 1104">
     <span class='ocr_line' id='line_1_71' title="bbox 1103 1066 1895 1104; baseline 0.005 -12"><span class='ocrx_word' id='word_1_527' title='bbox 1103 1066 1170 1099; x_wconf 76' lang='grc' dir='ltr'>θεὶς,</span> <span class='ocrx_word' id='word_1_528' title='bbox 1185 1066 1231 1093; x_wconf 72' lang='grc' dir='ltr'><strong>καὶ</strong></span> <span class='ocrx_word' id='word_1_529' title='bbox 1243 1067 1402 1101; x_wconf 80' lang='grc' dir='ltr'>ἀγγελικαῖς</span> <span class='ocrx_word' id='word_1_530' title='bbox 1417 1067 1547 1102; x_wconf 85' lang='grc' dir='ltr'>δυνάμεσι</span> <span class='ocrx_word' id='word_1_531' title='bbox 1573 1069 1763 1104; x_wconf 83' lang='grc' dir='ltr'>περιφράττων</span> <span class='ocrx_word' id='word_1_532' title='bbox 1777 1069 1829 1101; x_wconf 80' lang='grc' dir='ltr'><strong>ἔξω</strong></span> <span class='ocrx_word' id='word_1_533' title='bbox 1844 1069 1895 1096; x_wconf 75' lang='grc' dir='ltr'>τοῦ</span> 
     </span>
    </p>
   </div>
   <div class='ocr_carea' id='block_1_72' title="bbox 1103 1112 1897 1151">
    <p class='ocr_par' dir='ltr' id='par_1_72' title="bbox 1103 1112 1897 1151">
     <span class='ocr_line' id='line_1_72' title="bbox 1103 1112 1897 1151; baseline 0.003 -11"><span class='ocrx_word' id='word_1_534' title='bbox 1103 1113 1248 1140; x_wconf 80' lang='grc' dir='ltr'>πατεῖσθαι</span> <span class='ocrx_word' id='word_1_535' title='bbox 1277 1112 1403 1147; x_wconf 82' lang='grc' dir='ltr'>γενέσθαι</span> <span class='ocrx_word' id='word_1_536' title='bbox 1429 1113 1646 1149; x_wconf 81' lang='grc' dir='ltr'>παρεσκεύασεν.</span> <span class='ocrx_word' id='word_1_537' title='bbox 1674 1115 1746 1151; x_wconf 78' lang='grc' dir='ltr'><strong>Ἔφη</strong></span> <span class='ocrx_word' id='word_1_538' title='bbox 1773 1115 1802 1142; x_wconf 78' lang='grc' dir='ltr'>δὲ</span> <span class='ocrx_word' id='word_1_539' title='bbox 1823 1116 1897 1151; x_wconf 79' lang='grc' dir='ltr'>πρὸς</span> 
     </span>
    </p>
   </div>
   <div class='ocr_carea' id='block_1_73' title="bbox 1102 1158 1895 1195">
    <p class='ocr_par' dir='ltr' id='par_1_73' title="bbox 1102 1158 1895 1195">
     <span class='ocr_line' id='line_1_73' title="bbox 1102 1158 1895 1195; baseline 0.005 -11"><span class='ocrx_word' id='word_1_540' title='bbox 1102 1158 1218 1189; x_wconf 77' lang='grc' dir='ltr'>τούτοις,</span> <span class='ocrx_word' id='word_1_541' title='bbox 1231 1158 1272 1184; x_wconf 85' lang='grc' dir='ltr'>ὅτι</span> <span class='ocrx_word' id='word_1_542' title='bbox 1286 1158 1377 1185; x_wconf 82' lang='grc' dir='ltr'>οὐκέτι</span> <span class='ocrx_word' id='word_1_543' title='bbox 1387 1158 1417 1184; x_wconf 84' lang='grc' dir='ltr'>οὺ</span> <span class='ocrx_word' id='word_1_544' title='bbox 1433 1159 1469 1194; x_wconf 85' lang='grc' dir='ltr'>μὴ</span> <span class='ocrx_word' id='word_1_545' title='bbox 1483 1159 1547 1195; x_wconf 72' lang='grc' dir='ltr'>ἔλθῃ</span> <span class='ocrx_word' id='word_1_546' title='bbox 1561 1160 1604 1186; x_wconf 82' lang='grc' dir='ltr'>ἐπ’</span> <span class='ocrx_word' id='word_1_547' title='bbox 1617 1159 1714 1192; x_wconf 71' lang='grc' dir='ltr'>αὐτοὺς</span> <span class='ocrx_word' id='word_1_548' title='bbox 1728 1160 1895 1192; x_wconf 79' lang='grc' dir='ltr'>ἐξελαύνων.</span> 
     </span>
    </p>
   </div>
   <div class='ocr_carea' id='block_1_74' title="bbox 1103 1199 1897 1242">
    <p class='ocr_par' dir='ltr' id='par_1_74' title="bbox 1103 1199 1897 1242">
     <span class='ocr_line' id='line_1_74' title="bbox 1103 1199 1897 1242; baseline 0.005 -13"><span class='ocrx_word' id='word_1_549' title='bbox 1103 1202 1191 1230; x_wconf 75' lang='grc' dir='ltr'>Πάλαι</span> <span class='ocrx_word' id='word_1_550' title='bbox 1205 1203 1254 1238; x_wconf 83' lang='grc' dir='ltr'>μὲν</span> <span class='ocrx_word' id='word_1_551' title='bbox 1264 1203 1318 1238; x_wconf 85' lang='grc' dir='ltr'>γὰρ</span> <span class='ocrx_word' id='word_1_552' title='bbox 1329 1202 1400 1239; x_wconf 82' lang='grc' dir='ltr'>ἦμεν</span> <span class='ocrx_word' id='word_1_553' title='bbox 1413 1199 1590 1240; x_wconf 78' lang='grc' dir='ltr'>αἰχμάλωτοι,</span> <span class='ocrx_word' id='word_1_554' title='bbox 1600 1205 1647 1232; x_wconf 83' lang='grc' dir='ltr'>καὶ</span> <span class='ocrx_word' id='word_1_555' title='bbox 1659 1206 1897 1242; x_wconf 79' lang='grc' dir='ltr'>εὑπαρακόμιστοι</span> 
     </span>
    </p>
   </div>
   <div class='ocr_carea' id='block_1_75' title="bbox 1103 1247 1895 1283">
    <p class='ocr_par' dir='ltr' id='par_1_75' title="bbox 1103 1247 1895 1283">
     <span class='ocr_line' id='line_1_75' title="bbox 1103 1247 1895 1283; baseline 0.004 -9"><span class='ocrx_word' id='word_1_556' title='bbox 1103 1248 1201 1283; x_wconf 83' lang='grc' dir='ltr'>κομιδῇ</span> <span class='ocrx_word' id='word_1_557' title='bbox 1216 1247 1283 1283; x_wconf 77' lang='grc' dir='ltr'>πρὸς</span> <span class='ocrx_word' id='word_1_558' title='bbox 1299 1249 1353 1275; x_wconf 81' lang='grc' dir='ltr'><strong>πᾶν</strong></span> <span class='ocrx_word' id='word_1_559' title='bbox 1367 1248 1455 1275; x_wconf 80' lang='grc' dir='ltr'>ὁτιοῦν</span> <span class='ocrx_word' id='word_1_560' title='bbox 1466 1249 1519 1276; x_wconf 83' lang='grc' dir='ltr'><strong>τῶν</strong></span> <span class='ocrx_word' id='word_1_561' title='bbox 1530 1249 1650 1276; x_wconf 83' lang='grc' dir='ltr'>ἐκτόπων</span> <span class='ocrx_word' id='word_1_562' title='bbox 1661 1250 1743 1281; x_wconf 83' lang='grc' dir='ltr'>ἰόντες</span> <span class='ocrx_word' id='word_1_563' title='bbox 1760 1250 1895 1283; x_wconf 81' lang='grc' dir='ltr'>εὐκόλως,</span> 
     </span>
    </p>
   </div>
   <div class='ocr_carea' id='block_1_76' title="bbox 1103 1293 1899 1330">
    <p class='ocr_par' dir='ltr' id='par_1_76' title="bbox 1103 1293 1899 1330">
     <span class='ocr_line' id='line_1_76' title="bbox 1103 1293 1899 1330; baseline 0.005 -10"><span class='ocrx_word' id='word_1_564' title='bbox 1103 1293 1215 1327; x_wconf 76' lang='grc' dir='ltr'>ἄγοντός</span> <span class='ocrx_word' id='word_1_565' title='bbox 1230 1302 1259 1320; x_wconf 88' lang='grc' dir='ltr'><strong>τε</strong></span> <span class='ocrx_word' id='word_1_566' title='bbox 1276 1295 1349 1329; x_wconf 81' lang='grc' dir='ltr'>ἡμᾶς</span> <span class='ocrx_word' id='word_1_567' title='bbox 1366 1295 1413 1321; x_wconf 81' lang='grc' dir='ltr'>καὶ</span> <span class='ocrx_word' id='word_1_568' title='bbox 1437 1295 1565 1330; x_wconf 82' lang='grc' dir='ltr'>φέροντος</span> <span class='ocrx_word' id='word_1_569' title='bbox 1581 1294 1626 1322; x_wconf 80' lang='grc' dir='ltr'><strong>τοῦ</strong></span> <span class='ocrx_word' id='word_1_570' title='bbox 1642 1297 1750 1323; x_wconf 78' lang='grc' dir='ltr'>Σατανᾶ</span> <span class='ocrx_word' id='word_1_571' title='bbox 1761 1316 1768 1329; x_wconf 82' lang='grc'><strong>,</strong></span> <span class='ocrx_word' id='word_1_572' title='bbox 1796 1297 1844 1324; x_wconf 84' lang='grc' dir='ltr'>καὶ</span> <span class='ocrx_word' id='word_1_573' title='bbox 1862 1298 1899 1325; x_wconf 74' lang='grc' dir='ltr'><strong>ἐκ</strong></span> 
     </span>
    </p>
   </div>
   <div class='ocr_carea' id='block_1_77' title="bbox 1102 1339 1898 1375">
    <p class='ocr_par' dir='ltr' id='par_1_77' title="bbox 1102 1339 1898 1375">
     <span class='ocr_line' id='line_1_77' title="bbox 1102 1339 1898 1375; baseline 0.006 -11"><span class='ocrx_word' id='word_1_574' title='bbox 1102 1339 1205 1366; x_wconf 78' lang='grc' dir='ltr'>τούτων</span> <span class='ocrx_word' id='word_1_575' title='bbox 1219 1339 1258 1371; x_wconf 86' lang='grc' dir='ltr'><strong>εἰς</strong></span> <span class='ocrx_word' id='word_1_576' title='bbox 1273 1340 1363 1366; x_wconf 76' lang='grc' dir='ltr'>ἐκεῖνα</span> <span class='ocrx_word' id='word_1_577' title='bbox 1390 1341 1531 1375; x_wconf 77' lang='grc' dir='ltr'>μονονουχὶ</span> <span class='ocrx_word' id='word_1_578' title='bbox 1563 1341 1609 1367; x_wconf 81' lang='grc' dir='ltr'>καὶ</span> <span class='ocrx_word' id='word_1_579' title='bbox 1630 1341 1798 1373; x_wconf 84' lang='grc' dir='ltr'>ἐλαύνοντος.</span> <span class='ocrx_word' id='word_1_580' title='bbox 1823 1342 1898 1369; x_wconf 80' lang='grc' dir='ltr'>Ἀλλ’</span> 
     </span>
    </p>
   </div>
   <div class='ocr_carea' id='block_1_78' title="bbox 1103 1383 1901 1422">
    <p class='ocr_par' dir='ltr' id='par_1_78' title="bbox 1103 1383 1901 1422">
     <span class='ocr_line' id='line_1_78' title="bbox 1103 1383 1901 1422; baseline 0.004 -12"><span class='ocrx_word' id='word_1_581' title='bbox 1103 1384 1206 1411; x_wconf 71' lang='grc' dir='ltr'>ἔπαυσε</span> <span class='ocrx_word' id='word_1_582' title='bbox 1222 1383 1356 1411; x_wconf 71' lang='grc' dir='ltr'>καὶτοῦτο</span> <span class='ocrx_word' id='word_1_583' title='bbox 1372 1385 1498 1420; x_wconf 85' lang='grc' dir='ltr'>Χριστός.</span> <span class='ocrx_word' id='word_1_584' title='bbox 1513 1385 1550 1411; x_wconf 77' lang='grc' dir='ltr'><strong>Οὐ</strong></span> <span class='ocrx_word' id='word_1_585' title='bbox 1561 1385 1617 1421; x_wconf 85' lang='grc' dir='ltr'><strong>γὰρ</strong></span> <span class='ocrx_word' id='word_1_586' title='bbox 1631 1386 1691 1420; x_wconf 74' lang='grc' dir='ltr'>ἥξει</span> <span class='ocrx_word' id='word_1_587' title='bbox 1707 1385 1769 1412; x_wconf 77' lang='grc' dir='ltr'>καθ’</span> <span class='ocrx_word' id='word_1_588' title='bbox 1784 1387 1867 1422; x_wconf 87' lang='grc' dir='ltr'>ήμῶν</span> <span class='ocrx_word' id='word_1_589' title='bbox 1885 1387 1901 1413; x_wconf 81' lang='grc' dir='ltr'><strong>ὸ</strong></span> 
     </span>
    </p>
   </div>
   <div class='ocr_carea' id='block_1_79' title="bbox 1102 1429 1902 1468">
    <p class='ocr_par' dir='ltr' id='par_1_79' title="bbox 1102 1429 1902 1468">
     <span class='ocr_line' id='line_1_79' title="bbox 1102 1429 1902 1468; baseline 0.004 -12"><span class='ocrx_word' id='word_1_590' title='bbox 1102 1429 1250 1464; x_wconf 78' lang='grc' dir='ltr'>λεηλατῶν·</span> <span class='ocrx_word' id='word_1_591' title='bbox 1265 1430 1315 1456; x_wconf 79' lang='grc' dir='ltr'>οὐκ</span> <span class='ocrx_word' id='word_1_592' title='bbox 1339 1430 1444 1465; x_wconf 79' lang='grc' dir='ltr'>ἐμϐάλῃ</span> <span class='ocrx_word' id='word_1_593' title='bbox 1472 1429 1542 1457; x_wconf 78' lang='grc' dir='ltr'>καθὰ</span> <span class='ocrx_word' id='word_1_594' title='bbox 1564 1431 1611 1457; x_wconf 74' lang='grc' dir='ltr'>καὶ</span> <span class='ocrx_word' id='word_1_595' title='bbox 1628 1431 1722 1466; x_wconf 80' lang='grc' dir='ltr'>πρώην</span> <span class='ocrx_word' id='word_1_596' title='bbox 1749 1431 1790 1464; x_wconf 72' lang='lat' dir='ltr'><strong>ei;</strong></span> <span class='ocrx_word' id='word_1_597' title='bbox 1808 1440 1839 1466; x_wconf 87' lang='grc' dir='ltr'>γε</span> <span class='ocrx_word' id='word_1_598' title='bbox 1855 1432 1902 1468; x_wconf 84' lang='grc' dir='ltr'>τῷ</span> 
     </span>
    </p>
   </div>
   <div class='ocr_carea' id='block_1_80' title="bbox 1103 1474 1902 1514">
    <p class='ocr_par' dir='ltr' id='par_1_80' title="bbox 1103 1474 1902 1514">
     <span class='ocr_line' id='line_1_80' title="bbox 1103 1474 1902 1514; baseline 0.003 -13"><span class='ocrx_word' id='word_1_599' title='bbox 1103 1474 1177 1510; x_wconf 73' lang='grc' dir='ltr'>αὐτῷ</span> <span class='ocrx_word' id='word_1_600' title='bbox 1191 1474 1296 1502; x_wconf 82' lang='grc' dir='ltr'>δοκοῦν.</span> <span class='ocrx_word' id='word_1_601' title='bbox 1323 1475 1494 1510; x_wconf 82' lang='grc' dir='ltr'>Πεπήγμεθα</span> <span class='ocrx_word' id='word_1_602' title='bbox 1512 1475 1567 1511; x_wconf 82' lang='grc' dir='ltr'><strong>γὰρ</strong></span> <span class='ocrx_word' id='word_1_603' title='bbox 1586 1476 1615 1502; x_wconf 82' lang='grc' dir='ltr'><strong>ἐν</strong></span> <span class='ocrx_word' id='word_1_604' title='bbox 1642 1476 1764 1511; x_wconf 83' lang='grc' dir='ltr'>Χριστῷ,</span> <span class='ocrx_word' id='word_1_605' title='bbox 1784 1477 1902 1514; x_wconf 69' lang='grc' dir='ltr'>ἀσφαλῆ</span> 
     </span>
    </p>
   </div>
   <div class='ocr_carea' id='block_1_81' title="bbox 1102 1520 1902 1557">
    <p class='ocr_par' dir='ltr' id='par_1_81' title="bbox 1102 1520 1902 1557">
     <span class='ocr_line' id='line_1_81' title="bbox 1102 1520 1902 1557; baseline 0.004 -10"><span class='ocrx_word' id='word_1_606' title='bbox 1102 1529 1132 1547; x_wconf 84' lang='grc' dir='ltr'><strong>τε</strong></span> <span class='ocrx_word' id='word_1_607' title='bbox 1156 1521 1203 1547; x_wconf 75' lang='grc' dir='ltr'>καὶ</span> <span class='ocrx_word' id='word_1_608' title='bbox 1232 1520 1375 1556; x_wconf 79' lang='grc' dir='ltr'>ἱδρυμένην</span> <span class='ocrx_word' id='word_1_609' title='bbox 1397 1521 1552 1556; x_wconf 79' lang='grc' dir='ltr'>ἐσχήκαμεν</span> <span class='ocrx_word' id='word_1_610' title='bbox 1574 1522 1624 1557; x_wconf 81' lang='grc' dir='ltr'>τὴν</span> <span class='ocrx_word' id='word_1_611' title='bbox 1652 1522 1775 1557; x_wconf 84' lang='grc' dir='ltr'>καρδίαν,</span> <span class='ocrx_word' id='word_1_612' title='bbox 1802 1523 1902 1550; x_wconf 73' lang='grc' dir='ltr'>οὐκέτι</span> 
     </span>
    </p>
   </div>
   <div class='ocr_carea' id='block_1_82' title="bbox 1103 1566 1900 1603">
    <p class='ocr_par' dir='ltr' id='par_1_82' title="bbox 1103 1566 1900 1603">
     <span class='ocr_line' id='line_1_82' title="bbox 1103 1566 1900 1603; baseline 0.004 -10"><span class='ocrx_word' id='word_1_613' title='bbox 1103 1566 1310 1601; x_wconf 83' lang='grc' dir='ltr'>κατασειόμενοι</span> <span class='ocrx_word' id='word_1_614' title='bbox 1326 1566 1394 1602; x_wconf 82' lang='grc' dir='ltr'>πρὸς</span> <span class='ocrx_word' id='word_1_615' title='bbox 1408 1567 1425 1594; x_wconf 74' lang='grc' dir='ltr'><strong>ἃ.</strong></span> <span class='ocrx_word' id='word_1_616' title='bbox 1439 1567 1476 1602; x_wconf 85' lang='grc' dir='ltr'>μὴ</span> <span class='ocrx_word' id='word_1_617' title='bbox 1491 1567 1638 1602; x_wconf 80' lang='grc' dir='ltr'>προσῆκεν·</span> <span class='ocrx_word' id='word_1_618' title='bbox 1651 1568 1701 1594; x_wconf 78' lang='grc' dir='ltr'>οὐκ</span> <span class='ocrx_word' id='word_1_619' title='bbox 1718 1568 1900 1603; x_wconf 86' lang='grc' dir='ltr'>ἐμϐαίνοντες</span> 
     </span>
    </p>
   </div>
   <div class='ocr_carea' id='block_1_83' title="bbox 1103 1612 1899 1650">
    <p class='ocr_par' dir='ltr' id='par_1_83' title="bbox 1103 1612 1899 1650">
     <span class='ocr_line' id='line_1_83' title="bbox 1103 1612 1899 1650; baseline 0.004 -12"><span class='ocrx_word' id='word_1_620' title='bbox 1103 1613 1143 1643; x_wconf 82' lang='grc' dir='ltr'><strong>είς</strong></span> <span class='ocrx_word' id='word_1_621' title='bbox 1164 1612 1319 1645; x_wconf 79' lang='grc' dir='ltr'>πολυθεταν,</span> <span class='ocrx_word' id='word_1_622' title='bbox 1347 1612 1397 1639; x_wconf 76' lang='grc' dir='ltr'>οὐκ</span> <span class='ocrx_word' id='word_1_623' title='bbox 1424 1612 1628 1648; x_wconf 75' lang='grc' dir='ltr'>ἐξελαυνόμενοι</span> <span class='ocrx_word' id='word_1_624' title='bbox 1657 1613 1726 1649; x_wconf 80' lang='grc' dir='ltr'>πρὸς</span> <span class='ocrx_word' id='word_1_625' title='bbox 1749 1613 1899 1650; x_wconf 81' lang='grc' dir='ltr'>πλάνησιν·</span> 
     </span>
    </p>
   </div>
   <div class='ocr_carea' id='block_1_84' title="bbox 1102 1655 1901 1696">
    <p class='ocr_par' dir='ltr' id='par_1_84' title="bbox 1102 1655 1901 1696">
     <span class='ocr_line' id='line_1_84' title="bbox 1102 1655 1901 1696; baseline 0.005 -12"><span class='ocrx_word' id='word_1_626' title='bbox 1102 1658 1160 1685; x_wconf 82' lang='grc' dir='ltr'>ἀλλ’</span> <span class='ocrx_word' id='word_1_627' title='bbox 1171 1655 1227 1684; x_wconf 75' lang='grc' dir='ltr'>οἷον</span> <span class='ocrx_word' id='word_1_628' title='bbox 1242 1657 1427 1693; x_wconf 80' lang='grc' dir='ltr'>ἐμϐεϐηκότες</span> <span class='ocrx_word' id='word_1_629' title='bbox 1442 1659 1470 1684; x_wconf 88' lang='grc' dir='ltr'><strong>ἐν</strong></span> <span class='ocrx_word' id='word_1_630' title='bbox 1487 1658 1577 1685; x_wconf 83' lang='grc' dir='ltr'>πίστει</span> <span class='ocrx_word' id='word_1_631' title='bbox 1588 1667 1618 1685; x_wconf 81' lang='grc' dir='ltr'><strong>τε</strong></span> <span class='ocrx_word' id='word_1_632' title='bbox 1635 1660 1683 1686; x_wconf 76' lang='grc' dir='ltr'>καὶ</span> <span class='ocrx_word' id='word_1_633' title='bbox 1699 1660 1795 1696; x_wconf 82' lang='grc' dir='ltr'>ἀγάπῃ</span> <span class='ocrx_word' id='word_1_634' title='bbox 1807 1662 1842 1696; x_wconf 82' lang='grc' dir='ltr'>τῇ</span> <span class='ocrx_word' id='word_1_635' title='bbox 1858 1662 1901 1693; x_wconf 82' lang='grc' dir='ltr'><strong>εις</strong></span> 
     </span>
    </p>
   </div>
   <div class='ocr_carea' id='block_1_85' title="bbox 1101 1703 1902 1742">
    <p class='ocr_par' dir='ltr' id='par_1_85' title="bbox 1101 1703 1902 1742">
     <span class='ocr_line' id='line_1_85' title="bbox 1101 1703 1902 1742; baseline 0.005 -12"><span class='ocrx_word' id='word_1_636' title='bbox 1101 1703 1178 1735; x_wconf 74' lang='grc' dir='ltr'>Θεὸν,</span> <span class='ocrx_word' id='word_1_637' title='bbox 1197 1703 1235 1735; x_wconf 75' lang='grc' dir='ltr'><strong>ὡς</strong></span> <span class='ocrx_word' id='word_1_638' title='bbox 1254 1703 1398 1739; x_wconf 76' lang='grc' dir='ltr'>χαίροντας</span> <span class='ocrx_word' id='word_1_639' title='bbox 1414 1704 1459 1730; x_wconf 76' lang='grc' dir='ltr'>ἐπὶ</span> <span class='ocrx_word' id='word_1_640' title='bbox 1471 1704 1558 1740; x_wconf 84' lang='grc' dir='ltr'>τούτῳ</span> <span class='ocrx_word' id='word_1_641' title='bbox 1569 1704 1669 1739; x_wconf 79' lang='grc' dir='ltr'><strong>λέγειν¹</strong></span> <span class='ocrx_word' id='word_1_642' title='bbox 1687 1715 1696 1731; x_wconf 81' lang='grc' dir='ltr'><strong>ι</strong></span> <span class='ocrx_word' id='word_1_643' title='bbox 1710 1706 1765 1733; x_wconf 75' lang='grc' dir='ltr'><strong>Καὶ</strong></span> <span class='ocrx_word' id='word_1_644' title='bbox 1781 1705 1902 1742; x_wconf 75' lang='grc' dir='ltr'>ἔστησεν</span> 
     </span>
    </p>
   </div>
   <div class='ocr_carea' id='block_1_86' title="bbox 1100 1747 1901 1783">
    <p class='ocr_par' dir='ltr' id='par_1_86' title="bbox 1100 1747 1901 1783">
     <span class='ocr_line' id='line_1_86' title="bbox 1100 1747 1901 1783; baseline 0.004 -9"><span class='ocrx_word' id='word_1_645' title='bbox 1100 1747 1145 1775; x_wconf 79' lang='grc' dir='ltr'><strong>διὰ</strong></span> <span class='ocrx_word' id='word_1_646' title='bbox 1161 1747 1263 1783; x_wconf 79' lang='grc' dir='ltr'>πέτραν</span> <span class='ocrx_word' id='word_1_647' title='bbox 1279 1748 1342 1779; x_wconf 82' lang='grc' dir='ltr'>τοὺς</span> <span class='ocrx_word' id='word_1_648' title='bbox 1356 1748 1438 1779; x_wconf 70' lang='grc' dir='ltr'>πόδας</span> <span class='ocrx_word' id='word_1_649' title='bbox 1454 1757 1514 1783; x_wconf 89' lang='grc' dir='ltr'>μου.</span> <span class='ocrx_word' id='word_1_650' title='bbox 1531 1758 1540 1775; x_wconf 71' lang='grc' dir='ltr'><strong>ι</strong></span> <span class='ocrx_word' id='word_1_651' title='bbox 1556 1749 1651 1783; x_wconf 81' lang='grc' dir='ltr'>Δέγων</span> <span class='ocrx_word' id='word_1_652' title='bbox 1679 1749 1717 1782; x_wconf 80' lang='grc' dir='ltr'>δὲ,</span> <span class='ocrx_word' id='word_1_653' title='bbox 1733 1759 1742 1776; x_wconf 81' lang='grc' dir='ltr'><strong>ι</strong></span> <span class='ocrx_word' id='word_1_654' title='bbox 1767 1750 1827 1777; x_wconf 87' lang='grc' dir='ltr'>Ὀτι</span> <span class='ocrx_word' id='word_1_655' title='bbox 1849 1751 1901 1777; x_wconf 83' lang='grc' dir='ltr'>νῦν</span> 
     </span>
    </p>
   </div>
   <div class='ocr_carea' id='block_1_87' title="bbox 1101 1792 1902 1830">
    <p class='ocr_par' dir='ltr' id='par_1_87' title="bbox 1101 1792 1902 1830">
     <span class='ocr_line' id='line_1_87' title="bbox 1101 1792 1902 1830; baseline 0.004 -11"><span class='ocrx_word' id='word_1_656' title='bbox 1101 1792 1212 1827; x_wconf 76' lang='grc' dir='ltr'>ἑώρακα</span> <span class='ocrx_word' id='word_1_657' title='bbox 1224 1793 1253 1818; x_wconf 83' lang='grc' dir='ltr'><strong>ἐν</strong></span> <span class='ocrx_word' id='word_1_658' title='bbox 1272 1793 1329 1823; x_wconf 86' lang='grc' dir='ltr'>τοῖς</span> <span class='ocrx_word' id='word_1_659' title='bbox 1356 1792 1503 1827; x_wconf 80' lang='grc' dir='ltr'>ὀφθαλμοῖς</span> <span class='ocrx_word' id='word_1_660' title='bbox 1530 1802 1592 1828; x_wconf 87' lang='grc' dir='ltr'>μου,</span> <span class='ocrx_word' id='word_1_661' title='bbox 1612 1803 1621 1819; x_wconf 78' lang='grc' dir='ltr'><strong>ι</strong></span> <span class='ocrx_word' id='word_1_662' title='bbox 1652 1794 1804 1830; x_wconf 85' lang='grc' dir='ltr'>ἐπισκοπῆς</span> <span class='ocrx_word' id='word_1_663' title='bbox 1829 1795 1902 1822; x_wconf 67' lang='grc' dir='ltr'>ὄντα</span> 
     </span>
    </p>
   </div>
   <div class='ocr_carea' id='block_1_88' title="bbox 1101 1837 1901 1878">
    <p class='ocr_par' dir='ltr' id='par_1_88' title="bbox 1101 1837 1901 1878">
     <span class='ocr_line' id='line_1_88' title="bbox 1101 1837 1901 1878; baseline 0.004 -14"><span class='ocrx_word' id='word_1_664' title='bbox 1101 1837 1197 1873; x_wconf 80' lang='grc' dir='ltr'>καιρὸν</span> <span class='ocrx_word' id='word_1_665' title='bbox 1222 1837 1376 1870; x_wconf 80' lang='grc' dir='ltr'>κατέδειξεν</span> <span class='ocrx_word' id='word_1_666' title='bbox 1404 1838 1526 1874; x_wconf 80' lang='grc' dir='ltr'>ἐναργῶς</span> <span class='ocrx_word' id='word_1_667' title='bbox 1551 1839 1597 1866; x_wconf 78' lang='grc' dir='ltr'><strong>τὸν</strong></span> <span class='ocrx_word' id='word_1_668' title='bbox 1624 1839 1674 1874; x_wconf 85' lang='grc' dir='ltr'>τῆς</span> <span class='ocrx_word' id='word_1_669' title='bbox 1689 1840 1736 1867; x_wconf 84' lang='grc' dir='ltr'>τοῦ</span> <span class='ocrx_word' id='word_1_670' title='bbox 1767 1840 1901 1878; x_wconf 82' lang='grc' dir='ltr'>Σωτῆρος</span> 
     </span>
    </p>
   </div>
   <div class='ocr_carea' id='block_1_89' title="bbox 1101 1883 1902 1922">
    <p class='ocr_par' dir='ltr' id='par_1_89' title="bbox 1101 1883 1902 1922">
     <span class='ocr_line' id='line_1_89' title="bbox 1101 1883 1902 1922; baseline 0.005 -12"><span class='ocrx_word' id='word_1_671' title='bbox 1101 1883 1259 1919; x_wconf 80' lang='grc' dir='ltr'>ἐπιδημίας.</span> <span class='ocrx_word' id='word_1_672' title='bbox 1291 1893 1299 1909; x_wconf 88' lang='lat' dir='ltr'><strong>t</strong></span> <span class='ocrx_word' id='word_1_673' title='bbox 1321 1883 1508 1919; x_wconf 79' lang='grc' dir='ltr'>Ἐπεσκέψατο</span> <span class='ocrx_word' id='word_1_674' title='bbox 1533 1884 1587 1919; x_wconf 86' lang='grc' dir='ltr'>γὰρ</span> <span class='ocrx_word' id='word_1_675' title='bbox 1615 1885 1690 1920; x_wconf 77' lang='grc' dir='ltr'>ἡμᾶς</span> <span class='ocrx_word' id='word_1_676' title='bbox 1719 1885 1839 1922; x_wconf 81' lang='grc' dir='ltr'>ἀνατολὴ</span> <span class='ocrx_word' id='word_1_677' title='bbox 1870 1887 1902 1921; x_wconf 79' lang='grc' dir='ltr'>ἐξ</span> 
     </span>
    </p>
   </div>
   <div class='ocr_carea' id='block_1_90' title="bbox 1102 1927 1900 1967">
    <p class='ocr_par' dir='ltr' id='par_1_90' title="bbox 1102 1927 1900 1967">
     <span class='ocr_line' id='line_1_90' title="bbox 1102 1927 1900 1967; baseline 0.005 -13"><span class='ocrx_word' id='word_1_678' title='bbox 1102 1929 1202 1965; x_wconf 76' lang='grc' dir='ltr'>ὕψους,</span> <span class='ocrx_word' id='word_1_679' title='bbox 1225 1938 1234 1956; x_wconf 84' lang='grc'><strong>›</strong></span> <span class='ocrx_word' id='word_1_680' title='bbox 1256 1929 1301 1956; x_wconf 75' lang='grc' dir='ltr'>καὶ</span> <span class='ocrx_word' id='word_1_681' title='bbox 1343 1937 1426 1964; x_wconf 87' lang='grc' dir='ltr'>φησιν</span> <span class='ocrx_word' id='word_1_682' title='bbox 1440 1929 1454 1955; x_wconf 85' lang='grc' dir='ltr'><strong>ό</strong></span> <span class='ocrx_word' id='word_1_683' title='bbox 1470 1929 1562 1962; x_wconf 74' lang='grc' dir='ltr'>Δαϐἱδ,</span> <span class='ocrx_word' id='word_1_684' title='bbox 1588 1938 1598 1955; x_wconf 83' lang='lat' dir='ltr'><strong>t</strong></span> <span class='ocrx_word' id='word_1_685' title='bbox 1619 1930 1722 1965; x_wconf 84' lang='grc' dir='ltr'>Κύριος</span> <span class='ocrx_word' id='word_1_686' title='bbox 1736 1931 1766 1964; x_wconf 82' lang='grc' dir='ltr'>ἐξ</span> <span class='ocrx_word' id='word_1_687' title='bbox 1776 1931 1900 1967; x_wconf 79' lang='grc' dir='ltr'>οὐρανοῦ</span> 
     </span>
    </p>
   </div>
   <div class='ocr_carea' id='block_1_91' title="bbox 1100 1974 1901 2012">
    <p class='ocr_par' dir='ltr' id='par_1_91' title="bbox 1100 1974 1901 2012">
     <span class='ocr_line' id='line_1_91' title="bbox 1100 1974 1901 2012; baseline 0.001 -10"><span class='ocrx_word' id='word_1_688' title='bbox 1100 1976 1146 2003; x_wconf 69' lang='grc' dir='ltr'>ἐπὶ</span> <span class='ocrx_word' id='word_1_689' title='bbox 1159 1975 1209 2012; x_wconf 84' lang='grc' dir='ltr'>τὴν</span> <span class='ocrx_word' id='word_1_690' title='bbox 1226 1976 1277 2011; x_wconf 78' lang='grc' dir='ltr'><strong>γῆν</strong></span> <span class='ocrx_word' id='word_1_691' title='bbox 1290 1974 1451 2008; x_wconf 80' lang='grc' dir='ltr'>ἐπέϐλεψεν,</span> <span class='ocrx_word' id='word_1_692' title='bbox 1471 1983 1479 2000; x_wconf 81' lang='grc' dir='ltr'><strong>ι</strong></span> <span class='ocrx_word' id='word_1_693' title='bbox 1514 1974 1602 2001; x_wconf 85' lang='grc' dir='ltr'>καίτοι</span> <span class='ocrx_word' id='word_1_694' title='bbox 1623 1975 1707 2002; x_wconf 75' lang='grc' dir='ltr'>πάλαι</span> <span class='ocrx_word' id='word_1_695' title='bbox 1731 1975 1775 2002; x_wconf 82' lang='grc' dir='ltr'><strong>διὰ</strong></span> <span class='ocrx_word' id='word_1_696' title='bbox 1788 1976 1841 2011; x_wconf 81' lang='grc' dir='ltr'>τὴν</span> <span class='ocrx_word' id='word_1_697' title='bbox 1869 1978 1901 2003; x_wconf 84' lang='grc' dir='ltr'><strong>ἐν</strong></span> 
     </span>
    </p>
   </div>
   <div class='ocr_carea' id='block_1_92' title="bbox 1101 2019 1901 2058">
    <p class='ocr_par' dir='ltr' id='par_1_92' title="bbox 1101 2019 1901 2058">
     <span class='ocr_line' id='line_1_92' title="bbox 1101 2019 1901 2058; baseline 0.003 -10"><span class='ocrx_word' id='word_1_698' title='bbox 1101 2023 1166 2058; x_wconf 77' lang='grc' dir='ltr'>ἡμῖν</span> <span class='ocrx_word' id='word_1_699' title='bbox 1178 2021 1313 2058; x_wconf 80' lang='grc' dir='ltr'>ἁμαρτίαν</span> <span class='ocrx_word' id='word_1_700' title='bbox 1327 2021 1357 2047; x_wconf 78' lang='grc' dir='ltr'>οὑ</span> <span class='ocrx_word' id='word_1_701' title='bbox 1374 2019 1520 2056; x_wconf 82' lang='grc' dir='ltr'>θεραπείας</span> <span class='ocrx_word' id='word_1_702' title='bbox 1536 2020 1618 2052; x_wconf 82' lang='grc' dir='ltr'>ἀξιῶν</span> <span class='ocrx_word' id='word_1_703' title='bbox 1631 2021 1661 2047; x_wconf 82' lang='grc' dir='ltr'>οὺ</span> <span class='ocrx_word' id='word_1_704' title='bbox 1676 2021 1783 2056; x_wconf 81' lang='grc' dir='ltr'>φειδοῦς</span> <span class='ocrx_word' id='word_1_705' title='bbox 1796 2021 1813 2057; x_wconf 84' lang='grc' dir='ltr'>ἢ</span> <span class='ocrx_word' id='word_1_706' title='bbox 1825 2023 1901 2057; x_wconf 80' lang='grc' dir='ltr'><strong>ἁγά-</strong></span> 
     </span>
    </p>
   </div>
   <div class='ocr_carea' id='block_1_93' title="bbox 1101 2066 1902 2104">
    <p class='ocr_par' dir='ltr' id='par_1_93' title="bbox 1101 2066 1902 2104">
     <span class='ocr_line' id='line_1_93' title="bbox 1101 2066 1902 2104; baseline 0 -10"><span class='ocrx_word' id='word_1_707' title='bbox 1101 2076 1167 2104; x_wconf 87' lang='grc' dir='ltr'>πης,</span> <span class='ocrx_word' id='word_1_708' title='bbox 1184 2067 1233 2102; x_wconf 84' lang='grc' dir='ltr'>οὐχ</span> <span class='ocrx_word' id='word_1_709' title='bbox 1262 2067 1356 2103; x_wconf 82' lang='grc' dir='ltr'>ἐτέρου</span> <span class='ocrx_word' id='word_1_710' title='bbox 1383 2067 1455 2098; x_wconf 78' lang='grc' dir='ltr'>τινὸς</span> <span class='ocrx_word' id='word_1_711' title='bbox 1484 2067 1537 2093; x_wconf 84' lang='grc' dir='ltr'><strong>τῶν</strong></span> <span class='ocrx_word' id='word_1_712' title='bbox 1562 2066 1691 2094; x_wconf 82' lang='grc' dir='ltr'>τοιούτων</span> <span class='ocrx_word' id='word_1_713' title='bbox 1718 2068 1810 2099; x_wconf 82' lang='grc' dir='ltr'>ὃλως”</span> <span class='ocrx_word' id='word_1_714' title='bbox 1835 2068 1902 2095; x_wconf 80' lang='grc' dir='ltr'>ἀλλ’</span> 
     </span>
    </p>
   </div>
   <div class='ocr_carea' id='block_1_94' title="bbox 1101 2112 1904 2150">
    <p class='ocr_par' dir='ltr' id='par_1_94' title="bbox 1101 2112 1904 2150">
     <span class='ocr_line' id='line_1_94' title="bbox 1101 2112 1904 2150; baseline 0.001 -10"><span class='ocrx_word' id='word_1_715' title='bbox 1101 2113 1182 2140; x_wconf 88' lang='grc' dir='ltr'>οίονεί</span> <span class='ocrx_word' id='word_1_716' title='bbox 1194 2122 1252 2145; x_wconf 88' lang='grc' dir='ltr'><strong>πως</strong></span> <span class='ocrx_word' id='word_1_717' title='bbox 1266 2112 1506 2148; x_wconf 79' lang='grc' dir='ltr'>ἀπεστραμμένος.</span> <span class='ocrx_word' id='word_1_718' title='bbox 1526 2112 1617 2149; x_wconf 87' lang='grc' dir='ltr'>Ταύτῃ</span> <span class='ocrx_word' id='word_1_719' title='bbox 1630 2122 1671 2140; x_wconf 88' lang='grc' dir='ltr'><strong>τοι</strong></span> <span class='ocrx_word' id='word_1_720' title='bbox 1696 2113 1743 2140; x_wconf 71' lang='grc' dir='ltr'>καὶ</span> <span class='ocrx_word' id='word_1_721' title='bbox 1759 2115 1904 2150; x_wconf 85' lang='grc' dir='ltr'>τεταράγ-</span> 
     </span>
    </p>
   </div>
   <div class='ocr_carea' id='block_1_95' title="bbox 1101 2157 1904 2195">
    <p class='ocr_par' dir='ltr' id='par_1_95' title="bbox 1101 2157 1904 2195">
     <span class='ocr_line' id='line_1_95' title="bbox 1101 2157 1904 2195; baseline 0.002 -10"><span class='ocrx_word' id='word_1_722' title='bbox 1101 2158 1182 2195; x_wconf 82' lang='grc' dir='ltr'>μεθα,</span> <span class='ocrx_word' id='word_1_723' title='bbox 1201 2157 1248 2184; x_wconf 81' lang='grc' dir='ltr'>καὶ</span> <span class='ocrx_word' id='word_1_724' title='bbox 1267 2158 1403 2192; x_wconf 84' lang='grc' dir='ltr'>μαρτυρεῖ</span> <span class='ocrx_word' id='word_1_725' title='bbox 1412 2157 1497 2191; x_wconf 82' lang='grc' dir='ltr'>λέγων</span> <span class='ocrx_word' id='word_1_726' title='bbox 1513 2158 1527 2184; x_wconf 85' lang='grc' dir='ltr'><strong>ό</strong></span> <span class='ocrx_word' id='word_1_727' title='bbox 1540 2158 1675 2193; x_wconf 86' lang='grc' dir='ltr'>μακάριος</span> <span class='ocrx_word' id='word_1_728' title='bbox 1687 2158 1778 2185; x_wconf 84' lang='grc' dir='ltr'>Δαϐίδ·</span> <span class='ocrx_word' id='word_1_729' title='bbox 1793 2168 1803 2185; x_wconf 77' lang='grc' dir='ltr'><strong>ι</strong></span> <span class='ocrx_word' id='word_1_730' title='bbox 1815 2160 1904 2187; x_wconf 81' lang='grc' dir='ltr'>Ἀπο-</span> 
     </span>
    </p>
   </div>
   <div class='ocr_carea' id='block_1_96' title="bbox 1104 2201 1903 2239">
    <p class='ocr_par' dir='ltr' id='par_1_96' title="bbox 1104 2201 1903 2239">
     <span class='ocr_line' id='line_1_96' title="bbox 1104 2201 1903 2239; baseline 0.005 -10"><span class='ocrx_word' id='word_1_731' title='bbox 1104 2201 1269 2238; x_wconf 70' lang='grc' dir='ltr'>πρὲψαντός</span> <span class='ocrx_word' id='word_1_732' title='bbox 1283 2210 1330 2228; x_wconf 86' lang='grc' dir='ltr'><strong>σου</strong></span> <span class='ocrx_word' id='word_1_733' title='bbox 1354 2201 1385 2228; x_wconf 83' lang='grc' dir='ltr'>τὸ</span> <span class='ocrx_word' id='word_1_734' title='bbox 1399 2202 1555 2237; x_wconf 82' lang='grc' dir='ltr'>πρόσωπον,</span> <span class='ocrx_word' id='word_1_735' title='bbox 1580 2203 1819 2239; x_wconf 81' lang='grc' dir='ltr'>ταραχθήσονται,</span> <span class='ocrx_word' id='word_1_736' title='bbox 1848 2206 1903 2233; x_wconf 83' lang='grc' dir='ltr'>καὶ</span> 
     </span>
    </p>
   </div>
   <div class='ocr_carea' id='block_1_97' title="bbox 1103 2246 1901 2285">
    <p class='ocr_par' dir='ltr' id='par_1_97' title="bbox 1103 2246 1901 2285">
     <span class='ocr_line' id='line_1_97' title="bbox 1103 2246 1901 2285; baseline 0.001 -9"><span class='ocrx_word' id='word_1_737' title='bbox 1103 2251 1143 2281; x_wconf 87' lang='grc' dir='ltr'><strong>είς</strong></span> <span class='ocrx_word' id='word_1_738' title='bbox 1158 2248 1203 2275; x_wconf 79' lang='grc' dir='ltr'>τὸν</span> <span class='ocrx_word' id='word_1_739' title='bbox 1216 2246 1280 2283; x_wconf 84' lang='grc' dir='ltr'>χοῦν</span> <span class='ocrx_word' id='word_1_740' title='bbox 1292 2247 1382 2275; x_wconf 86' lang='grc' dir='ltr'>αὐτῶν</span> <span class='ocrx_word' id='word_1_741' title='bbox 1396 2248 1618 2284; x_wconf 67' lang='grc' dir='ltr'>ἐπιστρέφουσιν.</span> <span class='ocrx_word' id='word_1_742' title='bbox 1633 2258 1643 2275; x_wconf 69' lang='grc' dir='ltr'><strong>ι</strong></span> <span class='ocrx_word' id='word_1_743' title='bbox 1666 2249 1775 2285; x_wconf 83' lang='grc' dir='ltr'>Ἐπειδὴ</span> <span class='ocrx_word' id='word_1_744' title='bbox 1788 2250 1815 2276; x_wconf 82' lang='grc' dir='ltr'><strong>δέ</strong></span> <span class='ocrx_word' id='word_1_745' title='bbox 1835 2251 1901 2283; x_wconf 84' lang='grc' dir='ltr'>νῦν,</span> 
     </span>
    </p>
   </div>
   <div class='ocr_carea' id='block_1_98' title="bbox 1099 2292 1899 2333">
    <p class='ocr_par' dir='ltr' id='par_1_98' title="bbox 1099 2292 1899 2333">
     <span class='ocr_line' id='line_1_98' title="bbox 1099 2292 1899 2333; baseline -0.001 -8"><span class='ocrx_word' id='word_1_746' title='bbox 1099 2295 1157 2329; x_wconf 80' lang='grc' dir='ltr'>τοῖς</span> <span class='ocrx_word' id='word_1_747' title='bbox 1179 2295 1327 2331; x_wconf 75' lang='grc' dir='ltr'>ὀφθαλμοῖς</span> <span class='ocrx_word' id='word_1_748' title='bbox 1350 2295 1443 2330; x_wconf 76' lang='grc' dir='ltr'>αὑτοῦ,</span> <span class='ocrx_word' id='word_1_749' title='bbox 1463 2295 1625 2332; x_wconf 85' lang='grc' dir='ltr'>σεσώσμεθά</span> <span class='ocrx_word' id='word_1_750' title='bbox 1639 2304 1670 2323; x_wconf 86' lang='grc' dir='ltr'><strong>τε</strong></span> <span class='ocrx_word' id='word_1_751' title='bbox 1681 2297 1729 2323; x_wconf 76' lang='grc' dir='ltr'>καὶ</span> <span class='ocrx_word' id='word_1_752' title='bbox 1739 2292 1899 2333; x_wconf 79' lang='grc' dir='ltr'>ἡλεῆμεθα,</span> 
     </span>
    </p>
   </div>
   <div class='ocr_carea' id='block_1_99' title="bbox 261 2343 1435 2390">
    <p class='ocr_par' dir='ltr' id='par_1_99' title="bbox 261 2343 1435 2390">
     <span class='ocr_line' id='line_1_99' title="bbox 261 2343 1435 2390; baseline -0.01 -9"><span class='ocrx_word' id='word_1_753' title='bbox 261 2353 308 2381; x_wconf 80' lang='grc' dir='ltr'>καὶ</span> <span class='ocrx_word' id='word_1_754' title='bbox 321 2354 347 2380; x_wconf 90' lang='grc' dir='ltr'><strong>τί</strong></span> <span class='ocrx_word' id='word_1_755' title='bbox 376 2353 431 2390; x_wconf 84' lang='grc' dir='ltr'><strong>γὰρ</strong></span> <span class='ocrx_word' id='word_1_756' title='bbox 439 2353 500 2389; x_wconf 76' lang='grc' dir='ltr'>οὐχὶ</span> <span class='ocrx_word' id='word_1_757' title='bbox 526 2352 580 2379; x_wconf 85' lang='grc' dir='ltr'><strong>τῶν</strong></span> <span class='ocrx_word' id='word_1_758' title='bbox 595 2352 724 2379; x_wconf 78' lang='grc' dir='ltr'>ἐπέκεινα</span> <span class='ocrx_word' id='word_1_759' title='bbox 735 2351 831 2385; x_wconf 82' lang='grc' dir='ltr'>λόγου,</span> <span class='ocrx_word' id='word_1_760' title='bbox 845 2349 893 2377; x_wconf 75' lang='grc' dir='ltr'>καὶ</span> <span class='ocrx_word' id='word_1_761' title='bbox 907 2348 1080 2382; x_wconf 79' lang='grc' dir='ltr'>ἀξιαγάστων</span> <span class='ocrx_word' id='word_1_762' title='bbox 1095 2345 1202 2382; x_wconf 85' lang='grc' dir='ltr'>ἀληθῶς</span> <span class='ocrx_word' id='word_1_763' title='bbox 1213 2343 1435 2380; x_wconf 60' lang='grc' dir='ltr'>κεκερδήκαμεη</span> 
     </span>
    </p>
   </div>
   <div class='ocr_carea' id='block_1_100' title="bbox 386 2425 922 2481">
    <p class='ocr_par' dir='ltr' id='par_1_100' title="bbox 386 2425 922 2481">
     <span class='ocr_line' id='line_1_100' title="bbox 386 2425 922 2481; baseline -0.009 -7"><span class='ocrx_word' id='word_1_764' title='bbox 386 2428 590 2475; x_wconf 88' lang='lat' dir='ltr'><strong>TOMUS</strong></span> <span class='ocrx_word' id='word_1_765' title='bbox 627 2425 922 2481; x_wconf 81' lang='lat' dir='ltr'><strong>QUARTUS.</strong></span> 
     </span>
    </p>
   </div>
   <div class='ocr_carea' id='block_1_101' title="bbox 295 2509 1045 2545">
    <p class='ocr_par' dir='ltr' id='par_1_101' title="bbox 295 2509 1045 2545">
     <span class='ocr_line' id='line_1_101' title="bbox 295 2509 1045 2545; baseline -0.009 -2"><span class='ocrx_word' id='word_1_766' title='bbox 295 2516 378 2543; x_wconf 72' lang='lat' dir='ltr'><strong>Vens.</strong></span> <span class='ocrx_word' id='word_1_767' title='bbox 390 2514 417 2542; x_wconf 87' lang='lat'><strong>9.</strong></span> <span class='ocrx_word' id='word_1_768' title='bbox 439 2513 531 2542; x_wconf 79' lang='lat' dir='ltr'><strong>Gaude</strong></span> <span class='ocrx_word' id='word_1_769' title='bbox 552 2513 723 2544; x_wconf 77' lang='lat' dir='ltr'><strong>vehementer,</strong></span> <span class='ocrx_word' id='word_1_770' title='bbox 740 2510 796 2545; x_wconf 76' lang='lat' dir='ltr'><strong>ﬁlia</strong></span> <span class='ocrx_word' id='word_1_771' title='bbox 814 2510 890 2542; x_wconf 81' lang='lat' dir='ltr'><strong>Sion,</strong></span> <span class='ocrx_word' id='word_1_772' title='bbox 921 2509 1045 2544; x_wconf 66' lang='lat' dir='ltr'><strong>praedicti,</strong></span> 
     </span>
    </p>
   </div>
   <div class='ocr_carea' id='block_1_102' title="bbox 259 2556 1048 2596">
    <p class='ocr_par' dir='ltr' id='par_1_102' title="bbox 259 2556 1048 2596">
     <span class='ocr_line' id='line_1_102' title="bbox 259 2556 1048 2596; baseline -0.01 -7"><span class='ocrx_word' id='word_1_773' title='bbox 259 2563 316 2596; x_wconf 78' lang='lat' dir='ltr'><strong>ﬁlia</strong></span> <span class='ocrx_word' id='word_1_774' title='bbox 329 2560 489 2588; x_wconf 76' lang='lat' dir='ltr'><strong>Jerusalem.</strong></span> <span class='ocrx_word' id='word_1_775' title='bbox 503 2558 570 2586; x_wconf 76' lang='lat' dir='ltr'><strong>Ecce</strong></span> <span class='ocrx_word' id='word_1_776' title='bbox 589 2567 635 2587; x_wconf 69' lang='lat' dir='ltr'><strong>rex</strong></span> <span class='ocrx_word' id='word_1_777' title='bbox 661 2563 722 2585; x_wconf 74' lang='lat' dir='ltr'><strong>tuus</strong></span> <span class='ocrx_word' id='word_1_778' title='bbox 738 2557 805 2584; x_wconf 64' lang='lat' dir='ltr'><strong>uenit</strong></span> <span class='ocrx_word' id='word_1_779' title='bbox 828 2556 874 2583; x_wconf 82' lang='lat' dir='ltr'><strong>tibi</strong></span> <span class='ocrx_word' id='word_1_780' title='bbox 886 2556 977 2591; x_wconf 76' lang='lat' dir='ltr'><strong>jurtur</strong></span> <span class='ocrx_word' id='word_1_781' title='bbox 989 2576 997 2589; x_wconf 88' lang='lat'><strong>,</strong></span> <span class='ocrx_word' id='word_1_782' title='bbox 1024 2560 1048 2582; x_wconf 81' lang='lat' dir='ltr'><strong>et</strong></span> 
     </span>
    </p>
   </div>
   <div class='ocr_carea' id='block_1_103' title="bbox 259 2601 1048 2640">
    <p class='ocr_par' dir='ltr' id='par_1_103' title="bbox 259 2601 1048 2640">
     <span class='ocr_line' id='line_1_103' title="bbox 259 2601 1048 2640; baseline -0.008 -6"><span class='ocrx_word' id='word_1_783' title='bbox 259 2606 439 2640; x_wconf 78' lang='lat' dir='ltr'><strong>ralmns,ipre</strong></span> <span class='ocrx_word' id='word_1_784' title='bbox 459 2609 624 2636; x_wconf 72' lang='lat' dir='ltr'><strong>mansuetus,</strong></span> <span class='ocrx_word' id='word_1_785' title='bbox 639 2608 664 2631; x_wconf 76' lang='lat' dir='ltr'><strong>et</strong></span> <span class='ocrx_word' id='word_1_786' title='bbox 687 2603 829 2631; x_wconf 76' lang='lat' dir='ltr'><strong>ascendens</strong></span> <span class='ocrx_word' id='word_1_787' title='bbox 853 2609 930 2636; x_wconf 75' lang='lat' dir='ltr'><strong>super</strong></span> <span class='ocrx_word' id='word_1_788' title='bbox 954 2601 1048 2636; x_wconf 79' lang='lat' dir='ltr'><strong>rubju-</strong></span> 
     </span>
    </p>
   </div>
   <div class='ocr_carea' id='block_1_104' title="bbox 259 2650 622 2688">
    <p class='ocr_par' dir='ltr' id='par_1_104' title="bbox 259 2650 622 2688">
     <span class='ocr_line' id='line_1_104' title="bbox 259 2650 622 2688; baseline -0.014 -8"><span class='ocrx_word' id='word_1_789' title='bbox 259 2653 354 2688; x_wconf 74' lang='lat' dir='ltr'><strong>9alem,</strong></span> <span class='ocrx_word' id='word_1_790' title='bbox 368 2655 392 2678; x_wconf 84' lang='lat' dir='ltr'><strong>et</strong></span> <span class='ocrx_word' id='word_1_791' title='bbox 404 2650 504 2685; x_wconf 80' lang='lat' dir='ltr'><strong>pullum</strong></span> <span class='ocrx_word' id='word_1_792' title='bbox 518 2657 622 2676; x_wconf 80' lang='lat' dir='ltr'><strong>novum.</strong></span> 
     </span>
    </p>
   </div>
   <div class='ocr_carea' id='block_1_105' title="bbox 293 2746 1061 2783">
    <p class='ocr_par' dir='ltr' id='par_1_105' title="bbox 293 2746 1061 2783">
     <span class='ocr_line' id='line_1_105' title="bbox 293 2746 1061 2783; baseline -0.007 -5"><span class='ocrx_word' id='word_1_793' title='bbox 293 2749 317 2767; x_wconf 70' lang='grc' dir='ltr'>π</span> <span class='ocrx_word' id='word_1_794' title='bbox 332 2750 384 2778; x_wconf 77' lang='lat' dir='ltr'><strong>lsa.</strong></span> <span class='ocrx_word' id='word_1_795' title='bbox 398 2757 424 2783; x_wconf 78' lang='grc' dir='ltr'><strong>ν,</strong></span> <span class='ocrx_word' id='word_1_796' title='bbox 438 2749 466 2777; x_wconf 87' lang='lat'><strong>5.</strong></span> <span class='ocrx_word' id='word_1_797' title='bbox 520 2749 544 2765; x_wconf 82' lang='lat'><strong>&quot;</strong></span> <span class='ocrx_word' id='word_1_798' title='bbox 558 2747 610 2776; x_wconf 87' lang='lat' dir='ltr'><strong>lsa.</strong></span> <span class='ocrx_word' id='word_1_799' title='bbox 628 2755 704 2780; x_wconf 78' lang='lat' dir='ltr'><strong>mn,</strong></span> <span class='ocrx_word' id='word_1_800' title='bbox 721 2747 764 2774; x_wconf 75' lang='lat' dir='ltr'><strong>l2.</strong></span> <span class='ocrx_word' id='word_1_801' title='bbox 802 2747 823 2764; x_wconf 87' lang='grc'><strong>¹¹</strong></span> <span class='ocrx_word' id='word_1_802' title='bbox 836 2746 907 2775; x_wconf 79' lang='lat' dir='ltr'><strong>Psal.</strong></span> <span class='ocrx_word' id='word_1_803' title='bbox 924 2754 1018 2780; x_wconf 75' lang='lat' dir='ltr'><strong>uxtr,</strong></span> <span class='ocrx_word' id='word_1_804' title='bbox 1035 2746 1061 2774; x_wconf 85' lang='lat'><strong>5.</strong></span> 
     </span>
    </p>
   </div>
   <div class='ocr_carea' id='block_1_106' title="bbox 1235 2418 1759 2464">
    <p class='ocr_par' dir='ltr' id='par_1_106' title="bbox 1235 2418 1759 2464">
     <span class='ocr_line' id='line_1_106' title="bbox 1235 2418 1759 2464; baseline 0.006 -3"><span class='ocrx_word' id='word_1_805' title='bbox 1235 2418 1426 2462; x_wconf 91' lang='grc' dir='ltr'><strong>ΤΟΜΟΣ</strong></span> <span class='ocrx_word' id='word_1_806' title='bbox 1462 2419 1759 2464; x_wconf 86' lang='grc' dir='ltr'><strong>ΤΕΤΑΡΤΟΣ.</strong></span> 
     </span>
    </p>
   </div>
   <div class='ocr_carea' id='block_1_107' title="bbox 1137 2509 1902 2547">
    <p class='ocr_par' dir='ltr' id='par_1_107' title="bbox 1137 2509 1902 2547">
     <span class='ocr_line' id='line_1_107' title="bbox 1137 2509 1902 2547; baseline 0.005 -9"><span class='ocrx_word' id='word_1_807' title='bbox 1137 2510 1226 2545; x_wconf 79' lang='grc' dir='ltr'>Χαῖρε</span> <span class='ocrx_word' id='word_1_808' title='bbox 1250 2509 1377 2544; x_wconf 77' lang='grc' dir='ltr'>σφόδρα,</span> <span class='ocrx_word' id='word_1_809' title='bbox 1395 2511 1520 2545; x_wconf 71' lang='grc' dir='ltr'>θύτατρρ</span> <span class='ocrx_word' id='word_1_810' title='bbox 1546 2511 1641 2545; x_wconf 80' lang='grc' dir='ltr'>Σιὼν,</span> <span class='ocrx_word' id='word_1_811' title='bbox 1667 2512 1815 2547; x_wconf 79' lang='grc' dir='ltr'>κήρυσσε,</span> <span class='ocrx_word' id='word_1_812' title='bbox 1841 2514 1902 2542; x_wconf 77' lang='grc' dir='ltr'><strong>θύ-</strong></span> 
     </span>
    </p>
   </div>
   <div class='ocr_carea' id='block_1_108' title="bbox 1100 2555 1902 2593">
    <p class='ocr_par' dir='ltr' id='par_1_108' title="bbox 1100 2555 1902 2593">
     <span class='ocr_line' id='line_1_108' title="bbox 1100 2555 1902 2593; baseline 0.004 -10"><span class='ocrx_word' id='word_1_813' title='bbox 1100 2564 1188 2591; x_wconf 80' lang='grc' dir='ltr'>τατερ</span> <span class='ocrx_word' id='word_1_814' title='bbox 1211 2555 1418 2590; x_wconf 76' lang='grc' dir='ltr'>Ἰερουσαλήμ.</span> <span class='ocrx_word' id='word_1_815' title='bbox 1450 2555 1523 2583; x_wconf 79' lang='grc' dir='ltr'>Ἰδοὺ</span> <span class='ocrx_word' id='word_1_816' title='bbox 1554 2558 1571 2583; x_wconf 83' lang='grc' dir='ltr'><strong>ό</strong></span> <span class='ocrx_word' id='word_1_817' title='bbox 1589 2557 1739 2591; x_wconf 78' lang='grc' dir='ltr'>,βασιλεύς</span> <span class='ocrx_word' id='word_1_818' title='bbox 1757 2565 1818 2586; x_wconf 86' lang='grc' dir='ltr'><strong>σου</strong></span> <span class='ocrx_word' id='word_1_819' title='bbox 1842 2559 1902 2593; x_wconf 67' lang='grc' dir='ltr'><strong>ερ-</strong></span> 
     </span>
    </p>
   </div>
   <div class='ocr_carea' id='block_1_109' title="bbox 1100 2601 1902 2639">
    <p class='ocr_par' dir='ltr' id='par_1_109' title="bbox 1100 2601 1902 2639">
     <span class='ocr_line' id='line_1_109' title="bbox 1100 2601 1902 2639; baseline 0.005 -11"><span class='ocrx_word' id='word_1_820' title='bbox 1100 2602 1185 2638; x_wconf 81' lang='grc' dir='ltr'>χεται</span> <span class='ocrx_word' id='word_1_821' title='bbox 1204 2609 1253 2628; x_wconf 88' lang='grc' dir='ltr'><strong>σοι</strong></span> <span class='ocrx_word' id='word_1_822' title='bbox 1274 2601 1398 2634; x_wconf 79' lang='grc' dir='ltr'>δίκαιος,</span> <span class='ocrx_word' id='word_1_823' title='bbox 1414 2602 1464 2628; x_wconf 78' lang='grc' dir='ltr'>καὶ</span> <span class='ocrx_word' id='word_1_824' title='bbox 1484 2601 1595 2637; x_wconf 77' lang='grc' dir='ltr'>σώζων,</span> <span class='ocrx_word' id='word_1_825' title='bbox 1610 2604 1700 2637; x_wconf 79' lang='grc' dir='ltr'>αὐτὸς</span> <span class='ocrx_word' id='word_1_826' title='bbox 1719 2604 1824 2639; x_wconf 78' lang='grc' dir='ltr'>πρᾶος,</span> <span class='ocrx_word' id='word_1_827' title='bbox 1842 2605 1902 2632; x_wconf 76' lang='grc' dir='ltr'><strong>και</strong></span> 
     </span>
    </p>
   </div>
   <div class='ocr_carea' id='block_1_110' title="bbox 1100 2646 1819 2682">
    <p class='ocr_par' dir='ltr' id='par_1_110' title="bbox 1100 2646 1819 2682">
     <span class='ocr_line' id='line_1_110' title="bbox 1100 2646 1819 2682; baseline 0.004 -8"><span class='ocrx_word' id='word_1_828' title='bbox 1100 2646 1283 2681; x_wconf 75' lang='grc' dir='ltr'>ἐπιϐεϐηκὼς</span> <span class='ocrx_word' id='word_1_829' title='bbox 1294 2646 1343 2673; x_wconf 72' lang='grc' dir='ltr'>ἐπὶ</span> <span class='ocrx_word' id='word_1_830' title='bbox 1360 2646 1535 2682; x_wconf 72' lang='grc' dir='ltr'>ὑποζύγιον,</span> <span class='ocrx_word' id='word_1_831' title='bbox 1554 2649 1602 2675; x_wconf 81' lang='grc' dir='ltr'><strong>καί</strong></span> <span class='ocrx_word' id='word_1_832' title='bbox 1620 2649 1723 2676; x_wconf 73' lang='grc' dir='ltr'>πῶλον</span> <span class='ocrx_word' id='word_1_833' title='bbox 1737 2649 1819 2677; x_wconf 74' lang='grc' dir='ltr'><strong>νέον.</strong></span> 
     </span>
    </p>
   </div>
   <div class='ocr_carea' id='block_1_111' title="bbox 1100 2745 1834 2789">
    <p class='ocr_par' dir='ltr' id='par_1_111' title="bbox 1100 2745 1834 2789">
     <span class='ocr_line' id='line_1_111' title="bbox 1100 2745 1834 2789; baseline 0.005 -16"><span class='ocrx_word' id='word_1_834' title='bbox 1100 2746 1122 2762; x_wconf 88' lang='grc'><strong>³¹</strong></span> <span class='ocrx_word' id='word_1_835' title='bbox 1136 2746 1198 2774; x_wconf 83' lang='lat' dir='ltr'><strong>Luc.</strong></span> <span class='ocrx_word' id='word_1_836' title='bbox 1214 2753 1232 2779; x_wconf 82' lang='grc' dir='ltr'><strong>ι,</strong></span> <span class='ocrx_word' id='word_1_837' title='bbox 1255 2745 1297 2774; x_wconf 85' lang='lat'><strong>78.</strong></span> <span class='ocrx_word' id='word_1_838' title='bbox 1336 2745 1443 2774; x_wconf 83' lang='lat' dir='ltr'><strong>&quot;Psal.</strong></span> <span class='ocrx_word' id='word_1_839' title='bbox 1457 2754 1524 2779; x_wconf 77' lang='lat' dir='ltr'><strong>rut,</strong></span> <span class='ocrx_word' id='word_1_840' title='bbox 1545 2747 1572 2776; x_wconf 79' lang='lat'><strong>3.</strong></span> <span class='ocrx_word' id='word_1_841' title='bbox 1590 2748 1612 2765; x_wconf 79' lang='lat'><strong>&quot;</strong></span> <span class='ocrx_word' id='word_1_842' title='bbox 1633 2747 1834 2789; x_wconf 76' lang='lat' dir='ltr'><strong>Psal.cm,_29.</strong></span> 
     </span>
    </p>
   </div>
   <div class='ocr_carea' id='block_1_112' title="bbox 292 2836 1533 2876">
    <p class='ocr_par' dir='ltr' id='par_1_112' title="bbox 292 2836 1533 2876">
     <span class='ocr_line' id='line_1_112' title="bbox 292 2836 1533 2876; baseline -0.003 -8"><span class='ocrx_word' id='word_1_843' title='bbox 292 2841 331 2876; x_wconf 79' lang='grc' dir='ltr'><strong>(ι)</strong></span> <span class='ocrx_word' id='word_1_844' title='bbox 349 2838 388 2868; x_wconf 75' lang='lat' dir='ltr'><strong>ita</strong></span> <span class='ocrx_word' id='word_1_845' title='bbox 413 2839 555 2876; x_wconf 76' lang='lat' dir='ltr'><strong>legendum</strong></span> <span class='ocrx_word' id='word_1_846' title='bbox 580 2839 706 2875; x_wconf 88' lang='lat' dir='ltr'><strong>conjicio,</strong></span> <span class='ocrx_word' id='word_1_847' title='bbox 732 2846 781 2874; x_wconf 78' lang='lat' dir='ltr'><strong>pro</strong></span> <span class='ocrx_word' id='word_1_848' title='bbox 804 2838 981 2874; x_wconf 76' lang='grc' dir='ltr'>ἡγησαμένῳ,</span> <span class='ocrx_word' id='word_1_849' title='bbox 1000 2838 1050 2866; x_wconf 86' lang='lat' dir='ltr'><strong>nisi</strong></span> <span class='ocrx_word' id='word_1_850' title='bbox 1069 2837 1147 2866; x_wconf 79' lang='lat' dir='ltr'><strong>malis</strong></span> <span class='ocrx_word' id='word_1_851' title='bbox 1164 2836 1335 2873; x_wconf 75' lang='lat' dir='ltr'><strong>interpretari</strong></span> <span class='ocrx_word' id='word_1_852' title='bbox 1351 2836 1463 2865; x_wconf 84' lang='lat' dir='ltr'><strong>Domino</strong></span> <span class='ocrx_word' id='word_1_853' title='bbox 1476 2846 1533 2865; x_wconf 84' lang='lat' dir='ltr'><strong>mo.</strong></span> 
     </span>
    </p>
   </div>
  </div>
