4130 6480
353 469 458 529 με

1152 470 1709 531 COMMENTARIUS
1752 469 1822 529 IN
1855 472 2260 532 ZACHABIAM
2299 474 2750 539 PROPHETAM.

3548 488 3652 545 NB

417 587 545 641 ΝΖ.
609 586 944 658 Ἀναφανδὺν
999 587 1056 641 ιν
1119 604 1329 653 τούτοις
1375 589 1730 664 διακηρύττει
1765 591 1954 646 λοιπὸν

2130 591 2293 653 LV'll.
2324 593 2610 653 Manifeste
2642 595 2730 652 his
2775 595 2953 653 verbis
2982 595 3280 654 Salvatoris
3303 571 3475 654 nostri
3506 615 3648 670 pra:-

339 677 438 734 τοῦ
476 678 736 750 Σωτῆρος
787 678 946 750 ἡμῶν
980 680 1080 751 τὴν
1131 680 1429 746 ἀνάδειξιν,
1489 681 1566 746 ώς
1614 682 1767 736 οὐδὲν
1808 683 1947 749 ὅλως

338 768 581 843 δρᾶσθαι
634 769 696 824 τὺ
751 771 932 842 ἀνιᾷν.
987 772 1215 843 Χαίρειν
1267 773 1369 844 μὲν
1415 773 1525 846 γάρ
1573 774 1946 847 προστέταχεν

342 864 667 934 ἀναγκαίως
704 867 773 936 τῇ
833 868 998 938 νοητῇ
1033 866 1193 932 Σιὼν,
1231 868 1326 922 ac:
1348 869 1413 940 δὴ
1445 869 1542 922 καὶ
1585 870 1766 938 πάσης
1787 871 1819 940 ἡ
1830 867 1947 940 μῶν

343 955 651 1027 κατηφείας
679 955 1068 1029 ὲξῃρημένηςς
1097 958 1208 1012 Ποῦ
1240 959 1348 1032 γὰρ
1375 960 1454 1014 ἔτι
1481 961 1540 1013 τὸ
1562 961 1828 1031 κατηφὲς,
1851 964 1946 1017 καὶ

338 1050 436 1122 ἀπὶ
473 1048 620 1104 τίσιν
670 1047 737 1102 ἂν
799 1049 1013 1118 γένοιτο
1063 1051 1201 1122 πρὸς
1241 1052 1400 1123 ἡμῶν
1448 1052 1510 1106 τὸ
1574 1052 1945 1124 κατοιμώζειν

333 1141 502 1204 δλως,
533 1140 962 1212 ἁπεληλαμένης
979 1142 1078 1213 τῆς
1105 1143 1404 1216 ἁμαρτίας,
1437 1145 1531 1198 καὶ
1565 1144 1661 1199 τοῦ
1709 1144 1941 1200 θανάτου

335 1232 760 1304 πεπατημένου,
791 1233 1141 1307 κεκλημένης
1174 1253 1234 1288 τε
1277 1236 1380 1306 τῆς
1401 1235 1691 1308 ἀνθρώπου
1727 1237 1944 1306 φύσεως

336 1326 422 1388 είς
445 1323 734 1397 ἐλεύθερον
760 1325 1002 1398 ἀξίωμα,
1019 1328 1112 1382 καὶ
1133 1330 1200 1399 τῇ
1223 1328 1325 1398 τῆς
1341 1329 1612 1393 υἱοθεσίας
1637 1347 1946 1402 κατεστεμ-

340 1418 514 1489 μένης
538 1419 726 1490 χάριτι
748 1460 761 1484 ,
796 1421 888 1474 καὶ
929 1423 1045 1484 τοῖς
1083 1421 1313 1485 ἀνωθεν,
1338 1422 1432 1475 καὶ
1462 1421 1523 1486 ἐξ
1571 1421 1806 1495 οὐρανοῦ
1840 1439 1942 1495 χα-

339 1509 574 1578 ρίσμασι
605 1510 1126 1582 κατηγλαῖσμένης;
1159 1509 1446 1583 Ἐπιτὴρει
1475 1511 1555 1576 δὲ,
1584 1513 1668 1566 ὃτι
1708 1512 1808 1584 τὴν
1841 1513 1938 1566 τοῦ

335 1600 598 1670 Σωτῆρος
648 1601 812 1671 ἡμῶν
872 1602 1179 1673 παρουσίαν
1227 1603 1737 1675 εὐαγγελιζόμενος,
1778 1603 1941 1668 εὐθὺς

335 1692 617 1763 θυγατέρα
642 1692 741 1764 τὴν
771 1692 910 1746 Σιὼν
941 1696 1228 1749 ἀποκαλεῖ.
1282 1696 1498 1769 Σφόδρα
1523 1697 1586 1768 δὴ
1608 1695 1706 1754 οῦν
1739 1699 1940 1770 χρῆναι

335 1783 554 1854 χαίρειν
583 1782 755 1854 αὐτὴν
789 1779 850 1837 εὖ
905 1785 1052 1854 μάλα
1107 1786 1502 1857 προστέταχεν,
1541 1787 1939 1859 ἀνακηρύττειν

334 1892 394 1929 τε
430 1877 725 1947 παρεγγυᾷ
748 1878 812 1948 τῇ
857 1877 1237 1949 Ἰερουσαλὴμ,
1269 1878 1344 1940 ώς
1367 1878 1468 1950 ἤδη
1503 1881 1796 1949 παρέσται,
1840 1883 1936 1936 καὶ

332 1967 794 2039 ἀναδειχθήσεται
846 1968 988 2040 μετά
1029 1969 1232 2040 σαρκὸς
1279 1973 1308 2024 ό
1354 1969 1610 2041 βασιλεὺς
1639 1973 1833 2043 αὐτῆς,
1865 1972 1941 2027 δί-
1971 1950 2015 2006 Β

334 2076 515 2123 καιος,
553 2060 650 2113 καὶ
703 2059 913 2118 σώζων.
954 2059 1289 2116 Δεδικαίωκε
1338 2063 1450 2134 γάρ
1477 2066 1628 2135 ἡμᾶς
1668 2067 1726 2120 ὲν
1755 2067 1939 2122 πίστει

332 2151 597 2223 Χριστὸς,
629 2152 726 2204 καί⁸
752 2151 855 2223 τὴν
903 2151 1004 2223 τῆς
1060 2153 1337 2225 σωτηρίας
1367 2156 1694 2226 κατευρύνει
1754 2159 1940 2230 τρίϐον

331 2244 446 2305 τοῖς
511 2240 834 2313 προσιοῦσιν
888 2241 1059 2312 αὐτῷ.
1121 2243 1280 2298 Ἐστι
1317 2245 1374 2299 δὲ
1419 2246 1560 2319 πρὸς
1605 2246 1815 2312 τούτοις
1845 2251 1943 2303 καὶ

333 2334 533 2404 πρᾶος,
587 2334 650 2387 οὐ
686 2335 919 2408 νομικὴν
955 2337 1285 2408 προσφέρων
1324 2339 1654 2411 ἀποτομίαν,
1683 2345 1803 2399 οὐδὲ
1846 2345 1942 2402 θα-

331 2425 482 2494 νάτῳ
521 2426 944 2498 τιμωρούμενος
1000 2429 1128 2492 τσὺς
1184 2429 1624 2501 παραϐαίνοντας
1677 2437 1937 2510 ἐντολὴν,

335 2517 613 2582 σώζωνδὲ
649 2518 857 2590 μᾶλλον
909 2519 969 2586 ἐξ
1013 2521 1495 2593 ήμερότητος,κα“ι
1541 2529 1768 2596 ἀνιστὰς
1814 2535 1942 2598 τοὺς

331 2608 736 2681 ώλισθηκότας.
775 2611 1119 2686 Ἀνέγνωμεν
1175 2614 1234 2668 δὲ
1273 2615 1356 2669 ὅτι
1395 2635 1414 2668 ι
1437 2617 1510 2670 Τὸ
1534 2619 1772 2692 γράμμα
1807 2623 1942 2678 ἀπο-

331 2703 564 2770 κτείνει,
595 2703 659 2758 τὸ
694 2702 750 2756 δὲ
781 2703 1002 2776 πνεῦμα
1031 2705 1304 2771 ζωοποιεῖ.
1342 2728 1361 2760 ›
1426 2711 1668 2784 Γράμμα
1701 2714 1802 2785 μὲν
1831 2716 1940 2789 γὰρ

333 2797 660 2868 όκολαστὴς
693 2797 844 2850 ἐστιν
863 2798 1048 2869 νόμος,
1077 2799 1284 2871 ήσκιά,
1317 2801 1412 2855 καὶ
1443 2804 1470 2855 ὁ
1501 2805 1692 2868 τύπος·
1722 2807 1939 2878 πνεῦμα

334 2889 393 2942 δὲ
431 2888 740 2954 ζωοποιοῦν
766 2890 917 2942 ἐστιν
943 2890 970 2942 ὁ
1001 2891 1258 2962 Χριστὸς,
1295 2895 1353 2947 ἐν
1403 2896 1676 2967 πνεύματι
1707 2899 1816 2972 γὰρ
1847 2902 1941 2955 καὶ

334 2981 572 3054 ἀληθείᾳ
594 2981 956 3051 δεδιδάγμεθα
983 2989 1314 3055 προσκυνεῖν
1340 2987 1431 3042 διά
1455 2989 1551 3062 τῆς
1572 2991 1942 3065 εὐαγγελικῆς

335 3074 700 3137 παιδεύσεως.
733 3075 858 3128 Ὅτι
886 3075 943 3130 δὲ
973 3077 1068 3131 καὶ
1096 3078 1428 3150 ἐπιϐέϐηκεν
1462 3082 1555 3135 ἐπὶ
1578 3083 1757 3138 πῶλον
1800 3087 1938 3153 νέον,

333 3165 480 3221 οὕτω
513 3183 578 3221 τε
620 3167 952 3240 εἰσέφρησεν
989 3172 1048 3223 ὲν
1102 3174 1216 3235 τοῖς
1255 3171 1692 3246 Ἰεροσολύμοις,
1735 3178 1795 3230 οὗ
1839 3198 1943 3251 μα-

333 3257 473 3331 κροῦ
514 3261 658 3332 πρὸς
681 3261 1058 3334 πληροφορίαν
1091 3263 1275 3336 δεήσει
1324 3265 1504 3336 λόγου.
1545 3270 1790 3344 Ἀπόχρη
1829 3275 1938 3348 γὰρ
1967 3295 2008 3352 C

333 3354 415 3418 είς
451 3353 642 3407 πίστιν
671 3355 703 3425 ἡ
715 3356 806 3423 μίν
827 3355 856 3407 ό
885 3354 1176 3420 Θεσπέσιος
1231 3357 1628 3431 εύαγγελιστὴς
1647 3363 1943 3434 γεγραφὼς

331 3446 404 3500 τά
430 3447 638 3501 τοιάδε.
687 3447 1031 3518 Ἐπεκάθητο
1068 3448 1170 3518 μὲν
1201 3449 1311 3522 γὰρ
1343 3450 1421 3521 τῷ
1479 3451 1643 3522 πώλῳ
1669 3455 1939 3526 Χριστὸς,

332 3538 526 3592 εἵπετό
558 3555 623 3607 γε
653 3538 817 3610 μὴνή
849 3538 1086 3593 τεκοῦσα
1107 3554 1122 3568 ·
1182 3542 1276 3594 καὶ
1333 3545 1559 3613 σημεῖον
1613 3546 1743 3615 ἡμῖν
1779 3547 1946 3616 ἀναγ-

334 3630 638 3684 καιοτάτου
667 3631 996 3701 πράγματος
1041 3633 1102 3685 τὸ
1133 3631 1415 3704 δρώμενον
1463 3631 1553 3706 ἦν.
1600 3637 1946 3694 Ἐπανεπαύ-

335 3739 473 3776 σατο
492 3722 606 3795 γάρ
633 3723 662 3778 ό
685 3723 924 3794 Χριστὸς
943 3723 1023 3795 τῷ
1051 3725 1156 3796 νέῳ
1184 3725 1321 3798 λαῷ,
1353 3716 1601 3793 τουτέστι
1643 3731 1721 3802 τῷ
1748 3733 1945 3804 κεκλη-

338 3815 493 3888 μένῳ
515 3816 656 3887 πρὸς
712 3815 1013 3885 ἐπίγνωσιν
1046 3816 1310 3888 ἀληθείας
1355 3818 1433 3890 τῷ
1466 3820 1946 3896 είδωλολατροῦντί

337 3922 497 3962 ποτε.
521 3902 628 3963 Οἷα
651 3906 766 3978 γάρ
803 3924 889 3971 τις
949 3903 1020 3980 ἦν
1051 3908 1253 3975 πῶλος,
1285 3909 1440 3964 οὔπω
1496 3911 1910 3986 δεδαμασμένος
1929 3957 1943 3982 ,

337 3998 465 4054 οὔτε
497 4000 609 4072 μὴν
637 3998 797 4063 εἰδὼς
835 3999 1076 4070 βαδίζειν
1107 4000 1286 4072 ὀρθῶς
1305 4017 1319 4031 ·
1346 4003 1406 4056 ού
1439 4003 1546 4077 γάρ
1576 4022 1678 4058 που
1711 4005 1788 4077 τῷ
1817 4007 1948 4080 θείῳ

340 4089 814 4165 απαιδαγώγητο
848 4093 1020 4165 νόμῳ.
1071 4094 1211 4148 Ἀλλ’
1248 4095 1278 4148 ό
1318 4097 1526 4163 πάντας
1555 4099 1706 4170 ἄγων
1740 4103 1820 4166 είς
1853 4104 1946 4157 εύ-

339 4184 563 4258 τεχνίαν
615 4186 1025 4256 πνευματικὴν,
1082 4187 1438 4259 προύπέθηκε
1493 4191 1593 4262 μὲν
1636 4191 1815 4265 ἑαυτῷ
1855 4193 1947 4249 τὸν

340 4276 551 4331 πῶλον.
587 4275 822 4347 Ἕψεται
841 4277 900 4332 δὲ
923 4278 1008 4332 ὅτι
1031 4279 1177 4334 κατά
1209 4282 1438 4352 καιροὺς
1467 4283 1565 4336 καὶ
1593 4285 1626 4355 ἡ
1663 4283 1770 4338 τῶν
1813 4286 1948 4340 Ἰουο

338 4368 509 4425 δαίων
563 4369 902 4442 Συναγωγή,
950 4370 1040 4426 διά
1102 4372 1205 4444 τῆς
1252 4373 1528 4447 ἑπομένης
1577 4374 1698 4429 ὄνου
1746 4376 1947 4434 δέδωκε

340 4464 506 4528 νοεῖν,
576 4461 826 4530 καίτοιγε
875 4463 936 4517 ὲν
995 4463 1174 4537 χρόνῳ
1221 4464 1299 4537 τῷ
1340 4466 1481 4520 κατά
1509 4466 1610 4538 τὴν
1662 4468 1858 4537 κλῆσιν
1886 4472 1949 4526 τὸ

341 4553 726 4625 πρεσϐύτερον
752 4554 973 4627 ἔχουσαο
999 4557 1429 4628 προεισκέκλητο
1449 4559 1560 4630 γὰρ
1580 4559 1670 4615 διὰ
1699 4561 1948 4628 Μωσέως

2051 683 2281 742 sentiam
2316 686 2578 758 deinceps
2630 687 2955 758 promulgat,
3013 699 3074 744 ut
3119 689 3357 746 tristitia:
3425 691 3648 750 relictus

2053 773 2203 832 locus
2237 777 2458 833 omnino
2489 777 2666 834 nullus
2711 781 2982 837 videatur.
3017 778 3181 836 lubet
3226 781 3369 836 enim
3424 779 3643 838 Sionem

2049 878 2171 934 qua:
2217 866 2536 940 intelligitur
2570 870 2807 941 gaudere
2839 870 3007 939 serio,
3033 871 3198 926 veluti
3247 873 3396 927 omni
3444 887 3645 927 mano-

2051 971 2112 1012 re
2160 967 2349 1013 nostro
2380 959 2668 1028 dissipato.
2697 960 2807 1016 Cur
2855 961 2999 1016 enim
3029 961 3210 1017 adhuc
3272 975 3602 1016 maereamus
3627 1001 3642 1023 .

2049 1057 2142 1102 aut
2187 1049 2315 1119 quid
2358 1065 2541 1106 rerum
2601 1064 2912 1108 nostrarum
2988 1055 3204 1111 tandem
3258 1054 3643 1126 deploretnns,

2049 1151 2270 1211 peccato
2297 1143 2541 1213 depulso,
2577 1145 2894 1200 conculcata
2925 1155 3118 1213 morte,
3144 1154 3198 1203 et
3246 1148 3486 1203 humana
3548 1165 3646 1204 na-

2050 1241 2169 1286 tura
2207 1232 2274 1286 ad
2301 1232 2607 1290 libertatem
2636 1243 2691 1290 et
2741 1234 2907 1309 736
2949 1237 3262 1310 dignitatem
3321 1249 3536 1309 vocata,
3569 1252 3648 1314 ,ει

2047 1322 2220 1392 gratia
2248 1323 2558 1394 adoptionis
2594 1325 2830 1382 ﬁliorum
2861 1327 2908 1359 ³⁸
2934 1327 3324 1394 condecorata,
3364 1329 3647 1398 supernis-

2047 1426 2153 1482 que
2195 1427 2262 1469 ae
2284 1415 2604 1472 caelestibus
2639 1417 2992 1473 charismatis
3044 1416 3363 1473 illustrata?
3400 1418 3641 1474 Observa

2046 1518 2232 1578 porro,
2258 1521 2383 1563 eum
2419 1506 2719 1564 Salvatoris
2775 1510 2948 1566 nostri
3013 1511 3306 1566 adventum
3355 1511 3648 1583 evangeli-.

2047 1608 2284 1666 tantem,
2319 1600 2505 1655 statim
2537 1600 2666 1656 Sion
2696 1601 2859 1658 ﬁliam
2897 1603 3203 1658 nominare.
3249 1603 3429 1670 Quare
3458 1603 3644 1673 justis-

2047 1691 2185 1746 sime
2216 1691 2385 1760 ipsam
2418 1691 2677 1762 majorem
2711 1695 2764 1750 in
2812 1694 3030 1750 modum
3088 1696 3330 1764 gaudere
3367 1695 3565 1779 jubet”
3589 1707 3644 1754 et

2045 1785 2369 1840 annuntiare
2389 1782 2688 1843 Jerusalem
2713 1787 2984 1860 hortatur,
3009 1789 3120 1860 jam
3146 1787 3478 1854 adfuturum,
3502 1798 3555 1845 et
3586 1791 3642 1846 in

2046 1889 2214 1932 carne
2249 1879 2624 1949 appariturum
2661 1895 2842 1950 regem
2877 1896 3057 1948 suum,
3102 1881 3312 1951 justum
3347 1891 3402 1938 et
3450 1880 3642 1938 Salva-

2047 1979 2242 2027 torcm.
2280 1971 2605 2030 Justiﬁcavit
2631 1975 2776 2030 enim
2806 1990 2906 2031 nos
2935 1977 2988 2030 in
3051 1975 3155 2031 ﬁde
3199 1977 3448 2032 Christus
3469 1976 3538 2040 ³⁸,
3585 1988 3642 2031 ct

2045 2063 2113 2116 ad
2143 2077 2201 2118 se
2228 2063 2612 2120 accedentibus
2646 2065 2894 2120 semitam
2935 2065 3130 2121 salutis
3148 2063 3358 2120 dilatat.
3402 2065 3496 2120 Est
3557 2066 3640 2120 in-

2048 2167 2214 2226 super
2237 2166 2569 2222 mansuetus,
2608 2171 2713 2212 non
2745 2157 2968 2228 legalem
2991 2155 3226 2212 aﬁerens
3265 2157 3638 2220 severitatem,

2045 2261 2150 2311 nec
2183 2247 2499 2303 mandatum
2551 2247 2820 2305 violantes
2871 2250 3050 2319 capite
3114 2249 3377 2320 puniens:
3425 2249 3520 2305 sed
3571 2265 3637 2304 ex

2045 2336 2464 2392 mansuetudine
2513 2337 2714 2407 potius,
2743 2346 2798 2393 et
2853 2337 3038 2408 lapsos
3095 2338 3335 2404 erigens.
3384 2337 3640 2409 Legimus

2045 2437 2251 2494 autem,
2297 2445 2318 2479 ι
2349 2426 2554 2483 Littera
2594 2428 2814 2497 occidit,
2836 2429 3062 2497 spiritus
3090 2428 3328 2502 viviﬁcat
3370 2427 3470 2483 υ.»
3527 2428 3642 2484 Lit-

2046 2527 2161 2575 lera
2196 2519 2343 2575 enim
2397 2529 2482 2576 est
2515 2519 2600 2578 lex
2631 2521 2867 2590 punitrix
2895 2560 2913 2588 ,
2947 2530 3002 2576 et
3065 2521 3257 2577 umbra
3311 2530 3366 2577 et
3422 2521 3590 2592 ﬁgura
3623 2540 3637 2575 :

2045 2610 2271 2679 spiritus
2300 2610 2586 2667 viviﬁcans
2601 2621 2686 2668 est
2721 2610 2974 2668 Christus
3001 2612 3050 2645 ⁸³
3084 2631 3095 2666 :
3139 2613 3192 2668 in
3243 2613 3436 2684 spiritu
3491 2614 3638 2669 enim

2002 2710 2014 2726 '
2043 2711 2099 2756 et
2126 2703 2356 2758 veritate
2390 2717 2492 2772 per
2519 2704 2886 2775 evangelicam
2936 2705 3332 2760 institutionem
3363 2706 3507 2761 docti
3543 2723 3638 2762 su-

2047 2809 2169 2849 mus
2203 2795 2436 2850 adorare
2453 2794 2521 2848 ”.
2554 2794 2884 2852 Ascendisse
2911 2804 3090 2851 autem
3143 2795 3347 2866 pullum
3413 2812 3638 2863 novum,

2045 2897 2100 2944 et
2137 2888 2210 2942 ita
2267 2889 2578 2957 ingressum
2645 2879 3110 2958 Hierosolymam,
3135 2887 3202 2940 ad
3260 2887 3473 2941 ﬁrmam
3513 2904 3641 2960 pro-

2044 2979 2318 3033 bationem
2347 2977 2531 3032 verbis
2569 2977 2754 3032 multis
2781 2992 2889 3032 non
2919 2985 3002 3032 est
3049 2992 3206 3048 opus.
3239 2976 3451 3032 Sullieit
3492 2979 3639 3033 enim

2046 3069 2203 3124 nobis
2227 3070 2446 3126 divinus
2497 3070 2852 3141 evangelista,
2889 3070 3032 3142 apud
3085 3059 3247 3140 quem
3318 3073 3462 3127 istud
3501 3073 3642 3127 scri—

2045 3175 2193 3236 ptum
2218 3165 2373 3220 est”.
2396 3165 2595 3221 Insedit
2609 3165 2808 3236 quippe
2827 3164 2970 3236 pullo
2988 3164 3236 3221 Christus
3249 3174 3509 3237 sequente
3521 3165 3642 3238 ejus

2045 3268 2400 3327 matrezquzn
2435 3271 2523 3312 res
2551 3257 2705 3311 nobis
2751 3257 3008 3327 quiddam
3065 3257 3300 3313 maxime
3367 3258 3643 3328 singulare
3695 3323 3706 3328 __

2047 3351 2326 3406 indicavit.
2357 3347 2576 3417 Quievit
2605 3349 2750 3406 enim
2775 3348 3026 3406 Christus
3056 3364 3220 3421 super
3243 3365 3386 3406 novo
3405 3351 3626 3422 papulo,

2047 3443 2151 3497 huc
2187 3450 2272 3496 est
2306 3441 2372 3496 ad
2400 3441 2735 3512 agnitionem
2766 3442 3014 3498 veritatis
3032 3452 3246 3511 vocato,
3278 3445 3370 3514 qui
3394 3443 3646 3514 aliquan-

2047 3535 2116 3588 do
2134 3533 2274 3588 idola
2292 3533 2676 3588 venerabatur.
2694 3531 2870 3588 lnslar
2887 3534 3014 3604 pulli
3032 3521 3231 3606 quippe
3246 3546 3386 3603 erat,
3402 3535 3640 3591 nondum

2049 3625 2302 3692 domitus,
2334 3641 2542 3696 necque
2581 3635 2729 3682 recta
2757 3627 2939 3683 sciens
2973 3627 3204 3698 ingredi,
3231 3637 3422 3699 utpote
3452 3629 3639 3684 divina

2048 3719 2171 3790 lege
2191 3719 2429 3774 nondum
2449 3719 2750 3775 institutus.
2771 3719 2877 3775 Sed
2899 3720 2989 3790 qui
3008 3735 3198 3776 omnes
3215 3723 3281 3778 ad
3299 3721 3640 3792 spiritualem

2048 3812 2333 3867 scientiam
2352 3811 2590 3877 deducit,
2611 3811 2714 3867 sibi
2745 3811 2948 3882 pullum
2973 3812 3286 3869 destinavit.
3309 3813 3638 3872 Secuturam

2049 3913 2229 3960 autem
2260 3903 2554 3973 aliquando
2594 3903 2967 3975 Synagogam,
2992 3917 3090 3975 per
3127 3903 3340 3959 asinam
3405 3920 3642 3976 sequen-

2049 4004 2158 4051 tem
2191 4009 2291 4051 nos
2313 3996 2490 4064 docet,
2520 3995 2770 4065 quamvis
2811 4005 3055 4066 tempore
3089 3995 3391 4052 vocationis
3419 4005 3644 4052 antece-

2050 4090 2169 4144 dat:
2207 4103 2306 4160 per
2333 4087 2518 4144 Mosen
2551 4087 2697 4144 enim
2721 4096 2776 4143 et
2805 4087 3099 4158 prophetas
3123 4097 3318 4143 vocata
3352 4097 3456 4144 est.
3505 4085 3645 4156 Quia

2050 4195 2180 4236 vero
2233 4181 2287 4236 in
2351 4195 2534 4250 regem
2576 4179 2915 4236 Salvatorem
2972 4179 3221 4254 peccavit
3283 4179 3304 4251 (
3349 4193 3458 4238 non
3495 4181 3642 4236 enim

2049 4273 2213 4329 ﬁdem
2248 4271 2502 4344 admisit)
2529 4273 2778 4341 ,idcirco
2819 4273 3021 4342 pullum
3075 4274 3344 4350 sequitur,
3386 4281 3442 4329 et
3497 4272 3642 4328 facta

2037 4370 2135 4418 ‘est
2163 4361 2216 4416 in
2250 4361 2504 4428 caudam,
2551 4363 2654 4417 hoc
2691 4371 2773 4417 est
2808 4362 3052 4432 sequela,
3088 4374 3144 4418 et
3181 4373 3306 4434 post
3329 4373 3539 4436 gentes,
3589 4374 3648 4420 et

2051 4469 2172 4525 qua:
2199 4453 2302 4508 lui-t
2329 4455 2527 4524 prima,
2568 4455 2744 4510 evasit
2777 4454 2992 4510 ultima.
3019 4455 3407 4511 Animadverte
3440 4471 3606 4527 porro
3628 4498 3645 4525 ,

2051 4545 2322 4616 quomodo
2355 4547 2422 4601 ad
2447 4556 2746 4605 extremam
2782 4548 3109 4604 dementiam
3139 4547 3425 4629 deﬂexisse
3456 4559 3648 4607 osten-

342 4648 440 4701 xal.
466 4646 790 4720 προφητῶν.
830 4647 1052 4719 Ἐπειδὴ
1080 4648 1137 4702 δὲ
1159 4651 1570 4720 προσκέκρουκε
1601 4651 1680 4723 τῷ
1719 4651 1946 4718 σώζοντι

2053 4637 2145 4699 dat
2176 4637 2469 4697 humanam
2499 4648 2768 4706 naturam,
2804 4657 2823 4692 ι
2885 4641 2976 4710 qui
3032 4641 3314 4711 cognoscit
3386 4655 3546 4696 renes
3592 4651 3651 4696 et

347 4737 564 4808 βασιλεῖ
580 4738 664 4811 (οὐ
686 4738 796 4810 γάρ
819 4755 902 4792 τοι
935 4741 1253 4811 προσήκατο
1273 4740 1373 4812 τὴν
1399 4742 1636 4812 πίστιν),
1664 4743 1838 4817 ταύτῃ
1863 4761 1945 4797 τοι

343 4831 570 4896 δικαίως
600 4831 694 4886 τοῦ
720 4829 902 4884 πώλου
951 4831 1186 4886 κατόπιν
1229 4832 1448 4904 ἔρχεται
1487 4834 1662 4903 μόλις,
1709 4837 1805 4889 καὶ
1851 4835 1947 4908 γ’ἐ-

345 4941 502 4992 γονεν
520 4925 604 4987 εἰς
626 4924 821 4994 οὑράν,
845 4926 1090 4978 τουτέστι
1130 4923 1624 4997 παρακολούθημα,
1649 4926 1744 4980 καὶ
1771 4925 1948 4982 ὀπίσω

343 5016 451 5070 τῶν
477 5017 540 5084 ἐξ
573 5015 771 5078 ἐθνῶν,
812 5017 906 5070 καὶ
933 5018 966 5089 ή
996 5015 1188 5088 πρώτη
1223 5017 1443 5089 γέγονεν
1486 5018 1713 5088 ἐσχάτη.
1753 5017 1948 5090 ’Λθρει

342 5109 422 5172 δὲ,
449 5108 602 5172 ὅπως
637 5108 718 5172 είς
751 5108 989 5178 ἐσχάτην
1021 5107 1246 5177 ἀλογίαν
1284 5109 1751 5178 ἀποκομισθεῐσαν
1778 5107 1946 5173 ἔδειξε

342 5198 442 5274 τὴν
461 5201 759 5271 ἀνθρώπου
789 5198 972 5269 φύσιν,
997 5218 1016 5251 ι
1042 5201 1070 5252 ό
1087 5200 1320 5272 νεφροὺς
1345 5199 1502 5262 εἰδὼς
1538 5200 1629 5253 καὶ
1657 5199 1941 5272 καρδίας.»

349 5295 493 5365 Ὄνῳ
519 5292 634 5364 γὰρ
658 5292 1057 5364 παρεικάζεται
1079 5294 1144 5362 τῇ
1165 5291 1286 5344 λίαν
1316 5291 1635 5366 ἀλογωτόιτῃ
1663 5293 1756 5346 καὶ
1783 5294 1814 5364 ἡ
1839 5291 1948 5345 τῶν

358 5384 631 5440 Ἰουδαίων
655 5384 983 5454 Συναγωγὴ,
1013 5386 1108 5439 καὶ
1131 5384 1271 5454 αὑτὴ
1300 5385 1356 5438 δὲ
1382 5384 1491 5438 τῶν
1541 5383 1714 5438 ἐθνῶν
1738 5386 1771 5454 ἡ
1808 5383 1948 5453 πλη-

347 5478 460 5542 ούς.
501 5479 568 5532 Ol.
595 5478 698 5550 μὲν
738 5479 850 5550 γάρ
870 5478 1296 5549 λελατρευκότες
1328 5481 1393 5550 τῇ
1447 5478 1622 5534 κτίσει
1669 5477 1822 5548 παρά
1855 5477 1948 5532 τὸν

348 5571 613 5624 κτίσαντα
645 5569 802 5624 Θεόνο
865 5571 914 5632 οί
945 5570 1003 5624 δὲ
1055 5570 1148 5625 τὸν
1190 5570 1540 5640 παιδαγωγὸν
1589 5570 1950 5640 ἀτιμάζοντες

347 5662 533 5734 νόμον,
567 5660 674 5727 ἔξω
713 5660 806 5715 νοῦ
843 5662 938 5716 καὶ
1006 5662 1202 5732 φρενὸς
1231 5662 1519 5731 γεγόνασιν
1572 5661 1818 5732 ἀγαθῆς,
1856 5663 1951 5716 καὶ

415 5847 463 5880 ⁸⁸
505 5845 668 5901 Rom.
707 5861 828 5907 vm.
866 5846 920 5901 5.
998 5847 1044 5879 ⁸⁸
1085 5845 1261 5910 Galat.
1307 5864 1365 5905 tt.
1405 5847 1490 5902 l6.

351 5930 461 5985 ut,
507 5920 522 5971 l
576 5933 730 5987 seqq.
811 5919 854 5949 “
899 5917 1041 5974 Psal.
1078 5933 1176 5984 vn,
1213 5918 1296 5974 lt).
1373 5919 1418 5950 "
1455 5918 1608 5975 llum.
1645 5937 1682 5986 l,
1720 5919 1806 5974 εἰ».

1589 5847 1631 5878 ⁸⁷
1667 5845 1706 5899 ll
1749 5846 1873 5903 Cur.
1907 5863 1994 5906 xv,
2039 5847 2126 5900 45.

2051 4730 2216 4785 corda
2244 4731 2346 4785 ἰιι
2374 4730 2541 4785 Asino
2563 4731 2734 4798 enim,
2759 4733 3021 4791 animanti
3057 4749 3088 4788 a
3121 4733 3334 4789 ratione
3357 4733 3650 4804 sejunctis-

2052 4820 2204 4876 sima:
2233 4828 2289 4875 et
2310 4818 2622 4877 Iudaeorum
2653 4824 2938 4894 Synagogn
2961 4862 2977 4889 ,
3013 4831 3071 4880 et
3121 4823 3359 4894 gentium
3420 4823 3652 4894 populus

2052 4923 2460 4984 comparantur.
2513 4913 2608 4969 l‘lte
2659 4931 2895 4986 namque
2934 4926 3199 4972 creatura:
3252 4919 3433 4988 potius
3485 4933 3650 4990 quam

2052 5005 2286 5062 creatori
2314 5005 2424 5062 Deo
2458 5009 2768 5064 servierunt
2796 5009 2842 5040 θ’
2870 5027 2883 5062 :
2909 5009 2985 5063 illi
3019 5009 3192 5080 legem
3224 5010 3578 5082 paedagogum
3602 5010 3652 5042 ”

2053 5113 2148 5156 seu
2185 5101 2551 5155 institutorem
2589 5110 2970 5170 aspernantes,
3003 5101 3201 5159 bonam
3234 5112 3470 5158 mentem
3511 5103 3652 5158 ami-

2055 5201 2266 5254 serunt,
2310 5190 2474 5262 737
2511 5200 2566 5246 et
2606 5191 2662 5246 in
2700 5206 2862 5248 omne
2899 5208 3072 5262 genus
3102 5193 3370 5250 scelerum
3408 5193 3653 5248 declina-

2056 5293 2232 5339 runt.t
2260 5284 2571 5354 Comparati
2586 5285 2732 5339 enim
2752 5295 2877 5342 sunt
2893 5284 3157 5355 iumentis
3182 5287 3582 5356 insipientibus,
3599 5299 3654 5342 et

2056 5377 2261 5434 similes
2287 5379 2415 5434 facti
2440 5389 2567 5436 sunt
2593 5379 2701 5436 illis
2718 5380 2785 5450 ’⁸,
2800 5399 2819 5433 ι
2837 5389 2894 5434 ιιι
2911 5379 3120 5436 Psaltes
3132 5381 3227 5435 ait.
3248 5378 3346 5435 Est
3367 5378 3570 5449 alioqui
3599 5389 3656 5436 et

2058 5471 2413 5528 immunditiae
2429 5471 2732 5544 symbolum
2755 5473 2940 5527 asinus
2967 5489 2979 5525 :
3000 5471 3284 5540 profanum
3309 5471 3508 5542 quippe
3531 5473 3654 5528 ani-

2033 5561 2038 5564 ’
2059 5565 2166 5621 mal
2183 5575 2236 5621 et
2254 5564 2570 5620 damnatum
2602 5579 2631 5618 a
2656 5563 2775 5635 lege
2799 5563 2869 5617 ’⁸.
2893 5561 3051 5618 Tales
3081 5562 3301 5619 omnino
3322 5572 3448 5619 sunt
3465 5579 3656 5620 errore

2058 5669 2346 5731 vagantes,
2387 5667 2444 5714 et
2486 5659 2720 5715 libenter
2772 5657 2826 5713 iu
2863 5656 3104 5730 peccatis
3164 5670 3284 5713 sese
3319 5657 3649 5714 volutantes.

2234 5847 2279 5879 ⁸⁸
2316 5846 2332 5899 l
2370 5845 2498 5902 Cor.
2533 5861 2621 5910 XV,
2661 5845 2748 5900 45.
2829 5843 2873 5878 "
2902 5841 3060 5900 Joan.
3101 5842 3301 5910 ιτς-24.
3379 5841 3423 5875 ’⁸
3451 5839 3650 5898 Matth.

1887 5920 1930 5949 ³⁸
1966 5904 2141 5973 Galil.
2174 5935 2254 5986 ιιι,
2293 5918 2382 5973 ει.
2464 5919 2508 5950 9‘
2544 5904 2686 5973 νέαι.
2721 5931 2906 5987 sunt,
2951 5914 3040 5971 21.
3120 5904 3378 5972 ML"Exod:
3416 5927 3535 5979 xm,
3563 5912 3646 5968 l3.
