4130 6510
494 420 598 478 147
1487 426 1546 482 S.
1586 424 1864 489 (ΣΥΜΕιί
1902 425 2374 487 ALEXANDRINI
2412 426 2738 489 ARCHIEP.
3664 426 3768 485 ΗΒ

492 520 632 613 πρὸς
667 542 778 597 πᾶν
825 536 965 608 εἶδος
1009 543 1347 616 φαυλότητος
1413 543 1856 609 ἀπονενευκότες.
1895 563 1916 599 ι
1982 517 2555 623 ἠαρασυνεΰλήθησαν
2607 549 2720 622 γὰρ
2764 549 2879 614 τοῖς
2924 546 3146 620 κτήνεσι
3185 544 3298 609 τοῖς
3339 541 3590 616 ἀνοήτοις
3613 582 3629 609 ι
3676 543 3775 597 καὶ

488 631 804 704 ὡμοίωνται
829 636 1036 704 αὐτοῖς,
1067 657 1087 691 ι
1123 637 1267 692 κατὰ
1300 639 1399 710 τὴν
1425 637 1520 692 τοῦ
1543 638 1853 704 Ψάλλοντος
1909 641 2115 713 φωνήν.
2161 644 2322 709 Ὄνος
2386 645 2445 699 δὲ
2471 646 2568 702 καὶ
2610 646 2818 718 ἑτέρως
2859 640 3206 715 ἀκαθαρσίας
3234 639 3526 712 σύμϐολονο
3561 637 3778 712 ἀνίερον

489 723 600 798 γάρ
623 723 683 779 τὸ
711 724 871 795 ζῶον,
932 728 1027 782 καὶ
1062 729 1161 800 τὴν
1209 729 1274 783 ἐκ
1327 728 1495 802 νόμου
1541 732 1885 807 κατάῤῥησιν
1932 731 2078 805 ἔχον.
2152 735 2395 792 Τοιοῦτοι
2419 737 2479 793 δὲ
2517 738 2740 803 πάντως
2802 738 2854 792 σί
2903 734 3251 808 πλανώμενοι
3297 733 3391 789 καὶ
3426 729 3777 804 φιλαιμαρτή-

496 831 680 888 μονες.
3752 858 3753 863 η

564 903 734 961 Vsus.
768 906 855 960 10.
882 905 952 962 Et
986 908 1251 979 dispudet
1279 912 1568 982 quadrigas
1602 931 1667 970 ea:
1717 911 2009 986 Epitraim,
2032 925 2081 972 et
2113 920 2158 977 Α

2144 930 2158 976 ι
2262 913 2375 970 Kal.
2431 914 2856 985 ἐξολοθρεύσει
2917 915 3154 986 ἅρματα
3208 914 3280 980 ἐξ
3325 915 3570 986 Ἐ’ςοραῒμ
3593 955 3609 979 ,
3677 915 3775 970 καί

492 1012 683 1066 equum
724 998 789 1053 de
822 997 1142 1068 Jerusalem,
1191 1010 1242 1055 et
1276 1001 1534 1067 disperdet
1577 1021 1762 1060 arcum
1813 1005 2080 1076 bellicum,

2229 1019 2375 1061 τπον
2426 1007 2497 1073 ἐξ
2568 1008 2990 1078 Ἰερουσαλὴμ,
3057 1007 3159 1063 καί
3203 1006 3779 1076 ἐξολοθρευθήσεται
3858 1012 3860 1017 ’

492 1099 539 1141 ει
571 1089 979 1160 multitudinem,
1005 1101 1053 1146 et
1099 1110 1284 1162 pacem
1315 1110 1382 1148 ea:
1412 1096 1670 1165 gentibus,
1698 1107 1750 1154 et
1787 1099 2085 1154 dominabi-

2184 1098 2368 1165 τόξον
2395 1100 2746 1170 πολεμικόν,
2793 1103 2896 1155 καὶ
2942 1097 3196 1167 πλῆθος,
3243 1098 3344 1155 καὶ
3405 1098 3657 1169 εἰρήνην
3708 1096 3778 1161 ἐξ

495 1187 586 1231 tur
612 1194 868 1249 aquarum
897 1196 930 1234 ι
958 1182 1095 1235 mari
1123 1198 1288 1253 usque
1313 1186 1383 1241 ad
1411 1202 1578 1255 mare,
1610 1200 1659 1243 et
1710 1206 1742 1243 a
1774 1188 2083 1259 ﬂuminibus

2184 1189 2412 1258 ἐθνῶν,
2486 1192 2587 1246 καὶ
2633 1190 2916 1260 κατάρξει
2970 1190 3211 1248 ὑδάτων
3276 1189 3395 1245 ἀπὸ
3453 1188 3777 1258 θαλάσσης

497 1282 660 1339 usque
712 1268 783 1324 ad
817 1270 991 1326 exitus
1020 1280 1198 1327 terra.

2184 1279 2298 1349 ἕως
2341 1281 2683 1354 θαλάσσης,
2724 1282 2824 1339 καί
2880 1280 3002 1339 ἀπὸ
3064 1278 3346 1353 ποταμῶν
3386 1279 3500 1347 ἕως
3544 1278 3777 1333 διεκϐο-

2187 1370 2316 1435 λῶν
2339 1373 2472 1445 γῆς.

567 1448 753 1506 LVIII.
791 1450 1147 1524 Unigenitum
1181 1453 1458 1511 hominem
1502 1465 1713 1525 uatum,
1747 1457 2087 1532 diligentium

2258 1465 2394 1520 Nﬂ'.
2424 1465 2547 1521 Ὀτι
2569 1466 2862 1538 γενόμενος
2888 1463 3175 1537 ἄνθρωπος
3204 1465 3234 1519 ό
3280 1463 3611 1535 Μονογενής,
3667 1464 3781 1527 τοῖς

497 1553 559 1595 se
585 1539 813 1609 pedibus
839 1541 1207 1611 subiecturum
1233 1562 1254 1598 ι
1291 1544 1646 1617 principatus,
1686 1558 1740 1605 et
1770 1560 2088 1621 pctestates,

2189 1554 2299 1611 τῶν
2319 1555 2663 1628 ἀγαπώντων
2692 1558 2857 1612 αὐτὸν
2878 1557 3176 1629 ὑποφέρειν
3206 1555 3399 1629 ἔμελλε
3447 1556 3608 1611 ποσὶν
3644 1574 3663 1608 ι
3687 1556 3782 1626 ἀρ-

499 1641 557 1687 et
602 1632 787 1688 mundi
823 1643 1069 1692 rectores
1095 1634 1164 1706 ",
1200 1654 1220 1689 ι
1252 1636 1356 1692 hoc
1390 1646 1473 1693 est
1497 1638 1851 1699 detestabiles
1888 1645 2090 1701 dzemo-

2190 1647 2292 1719 χάς
2317 1664 2377 1702 τε
2421 1648 2521 1702 καὶ
2564 1646 2834 1713 ἐξουσίας,
2885 1646 2982 1704 καὶ
3019 1646 3147 1711 τοὺς
3203 1647 3654 1727 κρσμοκράτορας
3683 1648 3781 1703 τοῦ

505 1720 720 1778 nierum
755 1724 962 1792 turbas,
980 1734 1035 1782 et
1070 1726 1412 1783 subditorum
1445 1729 1579 1800 ipsis
1610 1745 1803 1789 omnes
1836 1733 2090 1793 inimicos

2192 1740 2399 1811 κόσμου
2435 1740 2683 1807 τούτου,ι
2708 1739 2955 1794 τουτέστι
3000 1739 3070 1793 τὰ
3097 1720 3333 1811 βδελυρά
3362 1738 3472 1793 τῶν
3489 1738 3782 1808 δαιμονίων

500 1815 704 1885 quique
722 1827 1041 1886 cernuntur,
1062 1820 1266 1892 quique
1281 1836 1386 1878 non
1405 1831 1727 1894 cernuntur,
1754 1834 1810 1882 et
1830 1828 2094 1884 contritu-

2196 1830 2381 1903 στίφη,
2417 1831 2596 1886 πάντα
2618 1848 2678 1885 τε
2709 1831 2894 1894 αὐτοῖς
2929 1829 3257 1884 ύποτάσσειν
3275 1828 3471 1901 ὲχθρδν
3495 1830 3691 1901 ὁρατόν
3723 1847 3783 1884 τε

503 1920 623 1963 rum
641 1924 802 1967 omne
846 1910 1066 1980 bellum,
1089 1926 1121 1969 e
1157 1912 1316 1970 bonis
1340 1916 1489 1985 pacis
1523 1930 1617 1972 eos
1641 1917 2091 1987 exbilaraturum,

2193 1924 2290 1978 καὶ
2312 1923 2567 1996 ἀόρατον,
2597 1922 2693 1978 καὶ
2712 1923 2893 1978 πάντα
2921 1921 3232 1994 συντρίϐειν
3264 1921 3523 1994 πόλεμον,
3554 1922 3784 1986 καὶτοῖς

501 2001 603 2056 sub
655 2010 967 2074 legumento
1002 2005 1290 2062 verborum
1332 2006 1684 2080 propheticus
1727 2024 1910 2067 sermo
1938 2010 2094 2068 nobis

2304 2016 2531 2089 εἰρήνης
2577 2014 3003 2087 κατευφραίνειν
3067 2012 3315 2082 ἀγαθοῖς,
3371 2012 3790 2084 αἰνιγματωδῶς
3886 2086 3894 2087 7

502 2090 857 2154 demonstrat.
907 2095 1225 2155 Invaserunt
1268 2100 1413 2157 enim
1460 2100 1752 2170 aliquando
1808 2102 2093 2176 Babylonii

2195 2108 2333 2178 ἡμῖν
2365 2108 2394 2161 ό
2431 2105 2773 2178 προφητικδς
2801 2104 3091 2174 ὑποφαίνει
3118 2103 3299 2171 λόγος.
3320 2104 3528 2175 ’ῌεσαν
3556 2103 3654 2174 μὲν
3675 2103 3788 2176 γὰρ

503 2180 969 2257 Hierosolymitas,
989 2196 1150 2260 atque
1167 2189 1328 2246 etiam
1354 2193 1626 2251 nonnulla
1643 2203 1834 2264 gentes
1851 2194 2098 2253 ﬁnitimas
2124 2260 2134 2272 η

2154 2260 2171 2272 _
2198 2200 2343 2256 κατὰ
2379 2201 2606 2272 καιροὺς
2626 2198 2768 2255 κατὰ
2795 2197 2906 2252 τῶν
2931 2195 3322 2268 Ἰεροσολύμων
3354 2195 3405 2249 oi
3434 2193 3785 2259 Βαϐυλώνιοι,

502 2275 680 2347 equis,
700 2286 754 2331 et
803 2258 1075 2345 curribus,
1100 2289 1155 2335 et
1195 2281 1431 2337 arcubus
1479 2298 1575 2339 eos
1597 2258 1723 2339 su—nt
1769 2286 1998 2353 adortae,
2036 2260 2133 2345 ut1

2161 2262 2174 2317 ι
2201 2290 2296 2345 καὶ
2326 2289 2432 2361 μὴν
2459 2258 2552 2344 καὶ
2575 2258 2755 2360 έτεροί
2808 2303 2956 2352 τινες
2983 2258 3093 2342 τῶν
3152 2258 3367 2357 ὁμόρων
3400 2283 3570 2338 ἐθνῶν
3598 2258 3792 2348 ἴπποιζ

507 2366 734 2436 legimus
750 2369 821 2436 ’⁷,
846 2378 1008 2440 atque
1032 2371 1103 2426 ita
1125 2370 1441 2445 subiugales
1463 2375 1657 2433 acerbe
1686 2388 1977 2437 vexarunt.
2011 2380 2096 2439 Ah

2196 2397 2257 2436 τε
2292 2381 2386 2437 καὶ
2415 2382 2661 2453 ἅρμασιν
2683 2378 3043 2452 ἐποχούμενοι
3062 2421 3079 2444 ,
3132 2378 3226 2433 καὶ
3263 2376 3548 2448 βάλλοντες
3577 2375 3752 2441 τόξοις
3772 2414 3788 2439 ,

507 2468 703 2513 eventu
741 2459 904 2531 igitur
927 2460 1131 2517 Christi
1159 2462 1567 2534 praeclariorum
1591 2482 1818 2538 operum
1845 2470 2098 2541 splendo-

2198 2469 2344 2526 κατὰ
2374 2467 2436 2523 τὸ
2490 2468 2902 2542 γεγραμμένον,
2949 2465 3365 2538 κατεχειροῐντό
3403 2482 3462 2518 τε
3499 2463 3664 2527 οὕτω,
3695 2464 3793 2517 καί

509 2565 623 2606 rem
644 2552 905 2618 ostendit,
925 2569 1049 2609 cum
1067 2556 1178 2613 ait;
1210 2555 1308 2623 Qui
1337 2557 1533 2624 salvat,
1544 2558 1745 2628 justus,
1773 2575 1831 2618 et
1846 2578 2097 2623 mansue-

2199 2561 2421 2631 πικροῖς
2479 2557 2693 2612 ἐνίεσαν
2731 2555 2935 2620 πόνοις.
2981 2555 3115 2608 Ἀπὸ
3167 2554 3299 2624 γοῦν
3345 2552 3440 2607 τοῦ
3471 2552 3790 2624 συμϐαίνειν

510 2641 752 2699 tissimus
783 2658 879 2701 rex
895 2645 1074 2703 veniet
1101 2647 1342 2719 quidem,
1364 2662 1462 2706 nec
1490 2652 1657 2707 multo
1673 2664 1793 2725 post
1818 2656 1933 2711 haec
1963 2665 2099 2713 teru-

2198 2647 2473 2714 είωθότος,
2511 2648 2620 2702 τῶν
2653 2646 2747 2700 ἐπὶ
2773 2644 3013 2717 Χριστοῦ
3053 2643 3498 2716 κατορθωμάτων
3519 2642 3617 2714 τὴν
3648 2641 3792 2713 λαμ-

510 2748 664 2803 pora.
688 2733 1074 2793 Verumtamen
1129 2755 1235 2794 non
1307 2756 1503 2813 magna
1566 2758 1690 2798 cum
1754 2746 2100 2803 multitudine

2199 2740 2448 2813 πρότητα
2483 2738 2654 2810 δηλοῖ.
2689 2739 2749 2793 '0
2779 2737 2889 2809 γάρ
2914 2754 2994 2789 τοι
3044 2734 3254 2802 σώζων,
3303 2735 3490 2806 φησὶν,
3531 2736 3559 2788 ὁ
3586 2732 3798 2799 δίκαιός

508 2825 828 2894 satellitum,
853 2842 959 2882 non
981 2828 1292 2899 stipatores,
1323 2846 1429 2886 non
1462 2832 1608 2889 mille
1655 2849 1837 2889 rerum
1893 2836 2099 2891 milita-

2198 2849 2260 2885 τε
2284 2832 2383 2886 καὶ
2418 2832 2724 2904 πραότατος
2778 2828 3053 2901 βασιλεὺς,
3109 2824 3363 2897 ἀφίξεται
3419 2826 3538 2911 μεν,
3571 2824 3666 2879 καὶ
3692 2826 3799 2880 οὐκ

508 2917 649 2971 rium
683 2933 884 2986 gnaros
914 2934 1098 2976 secum
1126 2920 1356 2979 habens.
1377 2921 1529 2979 Adeo
1556 2936 1736 2981 autem
1762 2926 1815 2981 iu
1852 2928 2099 2983 moderac

2201 2924 2280 2987 εἰς
2307 2923 2547 2995 μακράν.
2580 2921 2727 2993 Πλὴν
2752 2921 2813 2975 ού
2850 2919 3027 2991 πολλῷ
3058 2919 3250 2991 πλήθει
3273 2917 3382 2971 τῶν
3409 2915 3796 2982 ὑπασπιστῶν,

511 3007 656 3063 tione
685 3008 853 3064 animi
879 3010 1230 3079 exercitatus,
1260 3023 1319 3070 ut
1358 3015 1524 3071 etiam
1578 3016 1666 3071 vix
1733 3017 1940 3088 pullum
1982 3019 2097 3074 asi-

2200 3014 2260 3067 ού
2299 3013 2670 3085 δορυφόρους,
2723 3013 2784 3066 οὐ
2843 3010 3072 3084 μυρίους
3121 3009 3261 3081 ἔχων
3309 3010 3437 3073 τοὺς
3487 3008 3696 3072 εἰδότας
3727 3007 3803 3063 τὰ

510 3101 725 3155 uarium
759 3101 1018 3158 ascendat
1039 3103 1105 3160 ".
1141 3106 1243 3160 Ast
1275 3108 1475 3163 virtute
1507 3117 1689 3164 tantus
1712 3109 1818 3164 erit
1859 3118 2099 3165 tantum-

2200 3102 2455 3157 τακτικά.
2505 3103 2855 3174 Ἐπασκήσας
2883 3118 2945 3155 τε
2970 3099 3140 3165 οὕτως
3196 3100 3255 3153 ὲν
3284 3098 3407 3170 ήθει
3433 3096 3495 3151 τὸ
3551 3092 3801 3170 μέτριον,

511 3208 616 3264 que
642 3195 883 3264 proderit
908 3196 963 3251 in
996 3211 1058 3253 se
1088 3198 1510 3266 conlidentibus,
1562 3211 1624 3256 ut
1667 3182 1879 3257 auferat
1909 3217 2101 3259 currus

2202 3194 2344 3249 ὥστε
2389 3193 2486 3247 καὶ
2537 3191 2690 3264 μόλις
2744 3192 3001 3263 ὲπιῦἧναι
3044 3190 3138 3244 τοῦ
3190 3189 3395 3243 πώλου.
3449 3188 3594 3264 Πλὴν
3642 3187 3804 3242 ἔσται

512 3283 791 3356 prrairn,
827 3296 882 3341 et
906 3301 1103 3358 equum
1145 3288 1429 3347 abstrahat
1461 3293 1529 3348 ab
1558 3291 1877 3361 Jerusalem,
1895 3294 2101 3365 disper-

2202 3285 2455 3349 τοσοῦτος
2487 3286 2567 3350 είς
2591 3283 2814 3358 ἀρετὴν,
2866 3283 3049 3354 ὀνήσει
3081 3299 3142 3336 τε
3180 3280 3324 3335 οὕτω
3354 3279 3480 3344 τοὺς
3520 3278 3606 3332 ἐπ’
3648 3278 3806 3351 αὐτῷ

512 3375 603 3431 dat
626 3376 793 3431 etiam
851 3394 1039 3435 arcum
1088 3379 1367 3448 bellicum,
1398 3391 1453 3439 et
1514 3398 1780 3441 summam
1820 3400 2008 3456 pacem
2045 3384 2100 3440 in

2206 3374 2556 3438 πεποιθότας,
2586 3374 2662 3436 ὡς
2686 3371 2958 3444 περιελεῖν
3014 3371 3114 3443 μὲν
3144 3370 3367 3442 ἅρματα
3420 3367 3478 3435 ἐξ
3517 3364 3766 3438 Ἐφραῒμ
3785 3408 3802 3432 ,

514 3467 735 3540 longum
767 3482 862 3538 per
890 3484 1082 3527 omnes
1109 3483 1299 3543 gentes
1345 3475 1620 3530 extendat.
1680 3474 1940 3545 Ephraim
2001 3491 2102 3531 no-

2204 3466 2514 3536 ἀποστῆσαι
2542 3464 2599 3518 δὲ
2623 3465 2719 3519 καὶ
2756 3465 2942 3518 ἵππων
2969 3461 3029 3529 ἐξ
3064 3461 3442 3532 Ἰερουσαλὴμ,
3485 3456 3808 3529 ἐξολοθρεῦ-

515 3557 688 3613 minat
725 3557 914 3616 decem
950 3561 1125 3618 tribus
1157 3564 1209 3620 in
1234 3564 1513 3635 Samaria;
1567 3564 1865 3623 Jerusalem
1896 3567 2146 3655 incolas,

2207 3575 2296 3611 σαι
2339 3556 2396 3609 δὲ
2434 3555 2532 3610 καὶ
2588 3555 2742 3623 τόξον
2777 3554 3093 3625 πολεμικὸν,
3151 3554 3244 3605 καὶ
3278 3551 3503 3621 εἰρήνην
3543 3547 3808 3602 άπλῶσαι

518 3649 660 3721 ejus,
694 3649 887 3707 Judam
916 3653 1126 3710 scilicet
1158 3664 1213 3711 et
1241 3656 1543 3728 Benjamin.
1577 3659 1967 3728 Argumentum
1997 3659 2101 3729 igi-
2130 3639 2149 3656 ’

2208 3647 2449 3719 βαθεῖαν,
2480 3646 2578 3718 τὴν
2609 3648 2673 3700 ὲκ
2704 3646 2922 3700 πάντων
2956 3643 3064 3698 τῶν
3094 3642 3285 3707 ἐθνῶν.
3315 3639 3556 3714 Ἐφραῖμ
3584 3640 3641 3693 δέ
3666 3657 3811 3712 φησι

517 3749 605 3795 tur
631 3742 942 3799 securitatis
987 3753 1045 3801 et
1101 3746 1251 3816 pacis
1311 3747 1661 3818 propheticus
1723 3764 1904 3806 sermo
1946 3750 2105 3806 nobis

2204 3740 2305 3804 τὰς
2328 3740 2385 3791 ὲν
2414 3741 2479 3810 τῇ
2501 3737 2790 3811 Σαμαρείᾳ⁵
2818 3736 2952 3790 δέκα
2978 3735 3168 3806 φυλὰς,
3204 3733 3562 3818 Ἰερουσαλὴμ
3595 3730 3651 3784 δὲ
3676 3733 3813 3796 τοὺς

516 3834 789 3905 proponit.
817 3832 934 3891 Non
961 3836 1105 3892 enim
1135 3836 1292 3894 facile
1312 3816 1712 3904 incursabitur,
1763 3839 1959 3910 inquit,
2027 3840 2103 3896 οἱα

2205 3833 2263 3886 ἐν
2296 3830 2433 3902 αὐτῇ
2461 3830 2921 3901 κατοικήσαντας,
2968 3826 3171 3889 Ἰούδας
3196 3824 3253 3878 δὲ
3301 3816 3452 3879 οὗτοι
3488 3824 3581 3877 καὶ
3608 3823 3812 3877 Βενια-

515 3926 657 3982 vitas
687 3938 879 3984 sancta
905 3929 973 3984 ab
1025 3929 1092 3987 iis
1115 3930 1208 4001 qui
1238 3946 1358 3988 eam
1402 3932 1639 4002 amigerc
1671 3940 1959 3999 conantur,
2009 3931 2106 3987 ad-

2209 3922 2321 3994 μίν.
2360 3917 2569 3976 Ούκοῦν
2605 3918 2906 3989 ἀσφαλείας
2944 3917 3224 3984 ὑπόθεσιν,
3271 3918 3367 3971 καὶ
3416 3916 3637 3989 εἰρήνης
3667 3918 3815 3987 ἡμῖν

517 4032 692 4090 eoque
720 4018 967 4075 dilatabit
1002 4035 1225 4093 regnum
1259 4037 1415 4079 suum
1442 4022 1696 4079 Salvator
1729 4022 1871 4093 ejus,
1907 4030 1969 4077 ut
2007 4023 2103 4078 im-

2206 4015 2236 4069 ό
2266 4012 2603 4085 προφητικδς
2629 4011 2938 4082 εἰσκομίζει
2970 4010 3150 4079 λόγος.
3184 4009 3260 4062 Οὐ
3314 4006 3422 4081 γὰρ
3453 4006 3518 4062 ἂν
3549 4006 3815 4076 γένοιτο,

517 4116 668 4178 peret
697 4108 790 4165 toti
818 4107 1040 4178 Iudaeas,
1068 4125 1099 4165 a
1120 4112 1253 4166 mari
1281 4126 1454 4184 usque
1489 4113 1557 4168 ad
1587 4112 1834 4168 ﬂumina.
1865 4111 1928 4168 Hi
1957 4113 2105 4169 enim

2209 4108 2397 4178 φησιν,
2430 4103 2841 4176 εύκατάδρομος
2893 4104 3007 4166 τοῖς
3055 4100 3303 4154 ἐθέλουσι
3330 4098 3534 4153 κακοῦν
3584 4100 3618 4168 ή
3672 4099 3818 4168 ἁγία

517 4208 645 4257 sunt
674 4201 852 4257 exitus
897 4210 1080 4269 terrae,
1115 4201 1220 4259 hoc
1253 4213 1336 4260 est
1400 4204 1535 4259 lines
1567 4213 1623 4258 et
1653 4203 1894 4260 termini.
1918 4204 2109 4261 Psallit

2210 4199 2384 4263 πόλις,
2417 4197 2747 4269 κατευρυνεῖ
2775 4194 2833 4247 δὲ
2864 4191 3009 4248 οὕτω
3044 4193 3145 4262 τὴν
3201 4191 3398 4247 ἑαυτοῦ
3460 4190 3743 4262 βασιλείαν
3788 4194 3822 4246 ὁ

517 4288 751 4357 quodam
780 4289 902 4345 loco
952 4297 1008 4347 et
1043 4290 1256 4348 divinus
1297 4293 1464 4348 David
1509 4291 1674 4364 738
1721 4297 1790 4351 de
1822 4295 2107 4368 Synagoga

2212 4292 2401 4357 σώζων
2423 4289 2613 4361 αὐτὴν,
2636 4289 2712 4354 ὡς
2749 4288 2878 4359 ὅλης
2904 4285 3174 4358 κατάρξαι
3202 4285 3299 4357 τῆς
3350 4284 3636 4348 Ἰουδαίας,
3695 4284 3823 4338 ἀπὸ

517 4379 826 4437 Judaeorum
857 4388 916 4438 ut
952 4383 1019 4438 de
1038 4383 1147 4438 vite
1194 4383 1456 4456 quuens:
1494 4403 1513 4437 ι
1554 4384 1811 4442 Extendit
1859 4387 2109 4457 palmites

2212 4383 2490 4453 θαλάσσης
2526 4382 2632 4444 ἕως
2664 4379 2947 4450 ποταμῶν.
2985 4373 3157 4434 Abeat
3198 4379 3307 4450 γάρ
3346 4378 3484 4431 είσιν
3513 4375 3571 4429 αί
3596 4374 3827 4429 διεκϐο-

521 4483 649 4524 suos
671 4484 844 4541 usque
866 4471 932 4527 ad
955 4487 1122 4540 mare,
1154 4481 1210 4529 et
1236 4488 1407 4543 usque
1436 4474 1501 4528 ad
1532 4473 1753 4530 ﬂumina
1784 4477 2111 4551 propagines

2210 4476 2302 4529 λαὶ
2327 4474 2427 4546 τῆς
2468 4474 2592 4545 γῆς,
2626 4472 2872 4525 τουτέστι
2927 4470 2996 4526 τὰ
3043 4471 3280 4542 πέρατα.
3339 4467 3548 4524 Ψάλλει
3593 4466 3651 4521 δέ
3706 4484 3825 4521 που

518 4561 639 4631 ejus
670 4560 771 4617 η.»
800 4559 1063 4619 Deﬂuitur
1088 4565 1233 4619 enim
1269 4563 1427 4620 tellus
1486 4562 1798 4621 Iudaeorum
1847 4567 2005 4633 mari,
2058 4577 2113 4623 et

2215 4569 2309 4622 καὶ
2330 4568 2358 4622 ό
2388 4565 2676 4629 θεσπέσιος
2710 4563 2900 4631 Δαὸὶδ,
2938 4563 3015 4629 ὡς
3062 4565 3191 4636 περὶ
3220 4562 3467 4637 ἀμπέλου
3500 4561 3675 4630 λέγων
3711 4559 3829 4633 τῆς

523 4653 743 4723 regione
773 4651 841 4707 ad
869 4662 1138 4721 austrum,
1174 4662 1228 4710 et
1269 4653 1472 4731 Indica,
1501 4663 1556 4708 et
1584 4669 1705 4726 quae
1750 4655 1949 4711 dicitur
1995 4656 2112 4713 Me-

2227 4656 2496 4712 ’Ῑουδαίων
2542 4653 2895 4726 Συναγωγῆςο
2942 4674 2962 4707 ι
3004 4655 3265 4722 Ἐξέτεινε
3305 4652 3374 4706 τὰ
3423 4650 3681 4722 κλήματα
3710 4648 3828 4703 αὖ·

522 4742 608 4799 dia
647 4744 952 4800 ﬂuminum.
978 4745 1179 4802 Verum
1209 4762 1268 4803 se
1320 4746 1461 4800 intra
1507 4745 1642 4802 istos
1699 4747 1836 4803 ﬂues
1884 4763 2111 4822 regnum

2214 4750 2315 4821 τῆς
2362 4749 2466 4812 ἕως
2490 4747 2785 4819 θαλάσσης,
2829 4747 2924 4800 καὶ
2978 4746 3083 4810 ἕως
3150 4743 3414 4815 ποταμῶν
3472 4742 3571 4805 τὰς
3627 4758 3832 4812 παρα-

521 4834 721 4892 Christi
756 4837 980 4893 minime
1008 4837 1330 4894 continebit.
1363 4835 1713 4909 Progreditur
1750 4848 1932 4896 autem
1982 4856 2111 4897 ora-

2219 4839 2428 4909 φυάδας
2456 4839 2647 4910 αὐτῆς.
2680 4837 3134 4911 ικΤερματίζεται
3186 4835 3298 4909 γὰρ
3327 4837 3362 4907 ἡ
3391 4833 3502 4888 τῶν
3537 4832 3834 4888 Ἰουδαίων

526 4927 601 4984 ιὶο
649 4936 708 4983 ιιι
741 4929 809 4985 ab
870 4927 1121 5001 exemplo
1192 4930 1512 5001 particulari
1563 4929 1631 4985 ad
1690 4930 2003 4988 universum
2062 4942 2157 5004 et]

2220 4931 2468 5003 θαλάσσῃ
2493 4946 2575 4993 τε,
2606 4931 2704 4982 καὶ
2729 4929 2883 5002 χώρᾳ
2930 4931 2996 5001 τῇ
3025 4929 3163 5000 πρὸς
3195 4927 3369 4990 νότον,
3430 4924 3525 4980 καὶ
3570 4924 3780 4996 Ἰνδικῇ
3812 4966 3831 4989 ,

522 5018 1019 5089 generaiissimum.
1059 5016 1177 5074 Non
1208 5019 1351 5074 enim
1393 5019 1445 5073 in
1488 5017 1675 5074 Judzea
1713 5018 1852 5086 sola,
1894 5022 1989 5076 sed
2060 5021 2111 5075 iu

2222 5022 2317 5076 καὶ
2340 5023 2406 5092 τῇ
2430 5020 2739 5093 καλουμένῃ
2766 5020 2923 5092 Μέσῃ
2960 5019 3071 5073 τῶν
3124 5017 3408 5089 ποταμῶν.
3453 5015 3597 5069 Ἀλλ’
3622 5014 3727 5069 οὐκ
3767 5016 3837 5069 ὲν

529 5118 641 5164 toto
672 5111 804 5165 orbe
834 5109 1101 5180 regnabit,
1145 5119 1201 5166 et
1227 5125 1256 5163 a
1289 5108 1488 5165 ﬁnibus
1536 5109 1606 5166 ad
1670 5110 1805 5167 lines
1870 5120 2115 5183 potestas

2221 5111 2434 5177 τούτοις
2462 5113 2572 5177 τοῖς
2594 5112 2739 5183 ὅροις
2764 5113 2796 5181 ή
2825 5110 3063 5183 Χριστοῦ
3099 5109 3365 5182 βασιλεία,
3399 5103 3598 5162 πολλοῦ
3626 5124 3692 5176 γε
3720 5108 3841 5161 καὶ

526 5199 642 5268 ejus
666 5211 959 5271 propagata
987 5209 1090 5256 est.

2225 5204 2325 5259 δεῖ.
2356 5204 2556 5277 Ἕρπει
2588 5203 2646 5258 δὲ
2674 5205 2702 5257 ὁ
2730 5202 2888 5272 λόγος
2917 5202 2994 5267 ὡς
3020 5204 3084 5256 ὲκ
3112 5199 3343 5273 μερικοῦ
3368 5199 3842 5272 παραδείγματος

527 5297 619 5350 ἐπὶ
657 5296 717 5349 τδ
749 5277 1003 5357 καθόλου,
1043 5293 1140 5348 καὶ
1198 5293 1580 5363 γενικώτατον.
1649 5293 2013 5351 Βεσασίλευκε
2045 5296 2154 5368 γὰρ
2191 5296 2254 5351 ού
2302 5296 2402 5367 τῆς
2437 5295 2698 5360 Ἰουδαίας
2752 5295 2952 5368 μόνης,
3004 5295 3223 5365 ἁπάσης
3256 5294 3312 5350 δὲ
3342 5293 3546 5366 μᾶλλον
3575 5292 3677 5363 τῆς
3726 5291 3842 5347 ὑπ’

452 5392 457 5397 ’
527 5385 779 5459 οὖρανὸν,
816 5387 911 5441 καὶ
934 5384 1045 5439 ἀπὸ
1092 5384 1348 5458 περάτων
1386 5387 1469 5448 είς
1502 5385 1716 5458 πέρατα
1741 5384 1811 5438 τὰ
1838 5385 1935 5459 τῆς
1967 5385 2215 5454 ἐξουσίας
2241 5384 2405 5443 αὐτοῦ
2433 5385 2847 5459 κατευρύνεται.

605 5480 769 5534 Vnus.
802 5479 886 5548 II,
926 5478 1014 5535 12.
1047 5476 1117 5534 Et
1155 5488 1210 5534 tu
1249 5481 1302 5535 in
1337 5482 1594 5553 sanguine
1646 5481 1945 5537 testamenti
1990 5483 2121 5537 emi-

2295 5481 2407 5536 Kal
2470 5479 2552 5535 σὺ
2614 5480 2686 5535 ἐν
2756 5480 2957 5551 αἵματι
3027 5476 3319 5545 διαθήκης
3376 5474 3847 5544 ἐξαπέστειλας

521 5569 647 5622 .si-ti
707 5572 905 5623 tinctas
957 5579 1073 5624 tuos
1133 5569 1197 5625 de
1263 5570 1380 5627 lucu
1469 5588 1571 5626 non
1618 5571 1837 5626 habente
1902 5589 2117 5643 aquam.

2229 5573 2518 5644 δεσμίους
2563 5586 2704 5638 σου,
2758 5571 2827 5625 ἐκ
2885 5570 3119 5626 λάκκου
3181 5571 3292 5623 οὐκ
3338 5568 3587 5639 ἔχοντος
3634 5562 3844 5634 ὕδωρ.

534 5659 792 5719 Sdebitis
860 5660 914 5715 in
960 5662 1248 5719 munitione
1321 5663 1477 5719 vincti
1556 5664 2017 5737 congregationis,
2073 5675 2120 5719 et

2232 5664 2586 5735 Καθήσεσθε
2617 5664 2687 5718 ἐν
2725 5661 3070 5732 ὀχυρώμασι
3119 5660 3353 5731 δέσμιοι
3407 5657 3518 5726 τῆς
3544 5669 3849 5729 συναγω-

611 5839 658 5873 ⁹¹’
692 5835 891 5909 Ephes.
920 5852 997 5908 Vl,
1030 5838 1115 5897 l7.
1189 5844 1234 5878 "’
1258 5806 1403 5920 νέαι.
1441 5857 1557 5912 nx,
1589 5841 1643 5901 8.
1721 5841 1769 5876 "
1799 5840 1990 5900 Matth.
2017 5854 2130 5912 ut,
2185 5841 2212 5897 1
2240 5866 2242 5897 ε

1441 5857 1557 5912 xrx,
1589 5841 1643 5901 8.
1721 5841 1769 5876 "
1799 5840 1990 5900 Matth.
2017 5854 2130 5912 ut,
2185 5841 2212 5897 1
2240 5854 2393 5911 seqq.
2497 5840 2541 5872 "
2571 5836 2715 5897 Psal.
2760 5854 2948 5905 usus,
2981 5837 3064 5894 I2.
