4130 6500
325 456 429 516 “9

1150 445 1710 506 (ΞΟΜΜΕΝΤΑΒΙυὸ
1750 444 1815 500 IN
1859 441 2268 502 ZACIIARIAM
2306 440 2765 499 PROPHETAM.

3521 441 3546 497 ί
3558 441 3629 497 '50

316 571 436 642 τῆς
457 613 472 635 ,
519 569 623 626 και
672 571 812 627 ἀντὶ
865 570 1010 644 μιᾶς
1076 569 1307 643 ἡμέρας
1351 570 1746 640 παροικεσίας
1810 584 1928 625 σου

2040 584 2278 655 ρνομιιια
2310 566 2396 623 die
2451 562 2892 638 peregrinationis
2955 571 3064 620 tua:
3109 561 3348 635 duplicia
3412 564 3630 620 reddam

320 660 508 718 διπλᾶ
556 662 974 720 ἀνταποδώσω
1023 679 1145 719 σοι.

388 755 521 812 ΝΘ.
554 757 817 810 Μέτεισιν
854 759 883 811 6
917 756 1078 826 λόγος
1129 757 1216 809 ἐπ’
1258 755 1422 810 αὑτὸν
1480 755 1582 827 ήδη
1626 753 1840 808 δίκαιόν
1868 768 1928 806 τε

320 851 413 903 καὶ
458 847 709 912 σώζοντα
741 847 991 919 βασιλέα,
1028 849 1124 903 καὶ
1156 846 1258 919 μέν
1287 864 1369 901 τοι
1408 847 1504 902 καὶ
1531 846 1734 917 πρᾶον,
1767 860 1927 898 τουτ-

319 941 438 996 έστι
475 941 738 1012 Χριστὸν,
775 943 871 996 καὶ
913 942 984 996 τά
1035 940 1300 1015 λαμπρὰ,
1349 941 1446 994 καὶ
1489 937 1798 1008 ἀξιάγαστα
1828 936 1932 1008 τῆς

321 1033 625 1106 ἐπιδημίας
651 1033 821 1090 αὑτοῦ
857 1033 1266 1105 κατορθώματα
1307 1032 1640 1103 καθίστησιν
1690 1029 1925 1102 ἐναργῆ.

326 1152 343 1184 ι
387 1133 689 1188 Κεκένωκε
725 1133 838 1206 γάρ
871 1132 1065 1187 ἑαυτὸν
1099 1149 1118 1184 ι
1167 1128 1334 1194 ἑκὼν,
1387 1129 1683 1200 γενόμενος
1711 1125 1929 1197 ἀνθρω-

322 1245 444 1296 πος,
482 1229 514 1280 6
550 1226 850 1298 μονογενὴς
901 1225 998 1280 τοῦ
1048 1223 1186 1278 Θεοῦ
1227 1224 1424 1293 Λόγος.
1479 1239 1499 1274 ι
1544 1221 1845 1292 ’Υπέμεινε
1869 1217 1932 1273 δὲ

321 1319 416 1372 καὶ
452 1317 714 1389 σταυρὸν,
745 1317 1014 1390 αἰσχύνης
1042 1317 1495 1388 καταφρονήσας,
1531 1333 1550 1368 ι
1583 1313 1679 1368 καὶ
1709 1311 1929 1366 τέθεικε

321 1411 418 1483 τὴν
451 1411 655 1465 ἑαυτοῦ
676 1410 881 1482 ψυχὴν,
909 1411 1010 1482 τῆς
1051 1410 1310 1466 ἁπάντων
1341 1409 1491 1481 ζωῆς
1527 1407 1886 1478 ἀντάλλαγμα
1908 1443 1925 1471 ,

323 1504 709 1576 κατεκτήσατο
734 1503 812 1575 τῷ
835 1502 958 1575 Θεῷ
984 1503 1080 1558 καὶ
1104 1503 1286 1574 Πατρὶ
1328 1501 1432 1574 τὴν
1463 1501 1555 1554 ὑπ’
1583 1498 1818 1572 οὐρανὸν
1869 1497 1931 1551 ἂν

323 1599 520 1668 αῖματι
573 1596 844 1669 διαθήκης
873 1597 1118 1666 αἰωνίου,
1145 1592 1216 1672 ἧς
1263 1592 1334 1670 ἦν
1375 1595 1547 1660 τύπος
1599 1594 1662 1649 τὸ
1707 1593 1795 1648 διὰ
1831 1589 1927 1646 τοῦ

324 1689 611 1758 πανσόρου
667 1690 916 1754 Μωσέως
969 1692 1086 1754 τοῖς
1145 1688 1528 1762 ἀρχαιοτέροις
1567 1683 1925 1759 ὲπιρῤανθέν.

330 1779 574 1835 ιΑαόὼν
603 1781 750 1852 γὰρ,
805 1783 972 1854 φησι,
1034 1783 1243 1854 Μωσῆς
1293 1781 1358 1836 τὸ
1417 1776 1559 1852 αἷμα
1606 1778 1739 1834 αὐτό
1773 1794 1833 1831 τε
1867 1775 1931 1831 τὸ

325 1872 554 1944 βιϐλίον,
579 1875 676 1928 καὶ
703 1873 884 1928 πάντα
914 1875 1006 1931 τὸν
1039 1874 1168 1929 λαὸν
1199 1874 1512 1947 ὲρῤάντισε,
1541 1873 1736 1942 λέγων·
1755 1872 1800 1923 Τ
1802 1870 1931 1924 οὖτο

321 1940 379 2019 τὸ
405 1959 553 2035 αἷμα
587 1967 689 2037 τῆς
716 1964 989 2037 διαθήκης
1011 1960 1080 2040 ἧς
1099 1940 1308 2021 διέθετο
1328 1967 1464 2038 πρὸς
1496 1940 1641 2037 ὑμᾶς
1664 1967 1693 2020 6
1718 1965 1874 2028 Θεός.
1903 1981 1924 2016 ι
1963 1940 2004 1997 Β

334 2055 474 2108 Ἀλλ’
495 2057 688 2112 ἐκεῖνα
710 2057 812 2129 μὲν
834 2059 996 2113 τύποι
1016 2099 1033 2126 ,
1073 2059 1168 2114 καὶ
1199 2059 1303 2130 τῆς
1356 2057 1620 2130 ἀληθείας
1644 2058 1930 2130 μόρφωσις

321 2142 407 2217 ἦν.
440 2146 679 2218 Αύτὴδὲ
729 2147 919 2203 λοιπὸν
957 2151 992 2221 ή
1042 2149 1272 2221 ἀλήθεια
1320 2148 1593 2220 Χριστὸς,
1646 2148 1676 2201 6
1721 2148 1930 2210 πάντας

323 2240 469 2311 ἡμᾶς
497 2240 782 2312 ἀγοράσας
811 2243 870 2296 ὲν
903 2243 1100 2313 αἵματι
1140 2241 1431 2314 διαθήκης.
1493 2260 1514 2295 ι
1554 2238 1929 2312 Ἐκλελυτρώ-

327 2331 468 2402 μεθα
492 2333 628 2404 γὰρ,
660 2333 738 2399 ὡς
785 2336 814 2389 ὀ
845 2335 1015 2390 αὐτοῦ
1064 2353 1198 2408 φησι
1235 2335 1509 2409 μαθητής,
1559 2335 1622 2389 ού
1667 2334 1932 2406 φθαρτοῖς

324 2424 578 2497 ἀργυρίῳ
626 2426 660 2498 ἢ
725 2427 962 2498 χρυσίῳ,
1025 2425 1163 2483 ἀλλά
1211 2429 1381 2500 τιμίῳ
1413 2429 1608 2500 αἵματι
1647 2426 1725 2491 ὡς
1754 2422 1930 2497 ἀμνοῦ

324 2519 585 2589 ἀμώμου,
626 2520 722 2573 καὶ
768 2521 1003 2576 ἀσπίλου
1046 2521 1309 2593 Χριστοῦ.
1354 2541 1372 2572 ι
1405 2521 1478 2575 Σὺ
1507 2521 1711 2586 τοίνυν,
1738 2519 1928 2591 φησὶν,

325 2603 367 2664 ὦ
400 2609 721 2664 δικαιότατε
765 2611 862 2666 καὶ
900 2612 1178 2684 πραότατα
1213 2609 1460 2683 βασιλεῦ,
1489 2613 1547 2665 ὲν
1575 2610 1773 2680 αἵματι
1821 2608 1934 2662 διαο

325 2703 501 2774 θήκης
531 2703 661 2767 τοὺς
684 2705 814 2770 σοὺς
843 2705 1139 2773 γεγονότας
1180 2705 1439 2776 δεσμίους
1466 2703 1788 2774 (τουτέστιν
1835 2701 1931 2768 οὓς

323 2796 546 2867 δεσμοῖς
570 2795 793 2867 ἀγάπης
830 2797 1232 2868 κατέσφιγξας,
1258 2799 1355 2852 καὶ
1383 2801 1506 2862 ταῖς
1527 2800 1649 2862 σαῖς
1675 2796 1933 2867 ζεύγλαις

326 2889 678 2958 ὑπενεγκεῖν,
713 2890 808 2944 καὶ
843 2891 1148 2963 καταδῆσαι
1184 2892 1375 2962 σαφῶς
1423 2892 1524 2962 τὴν
1563 2893 1666 2961 τῆς
1692 2891 1934 2960 διανοίας

326 2981 604 3047 πέπεικας
637 2983 880 3056 αὐχένα)
905 2983 1318 3052 ἐξαπέστειλας,
1345 2986 1623 3038 τουτέστιν
1676 2983 1933 3053 ἐξεκόμι-

327 3090 448 3139 σας,
502 3077 679 3148 ήγουν
728 3075 1027 3149 ἐξήγαγες,
1065 3079 1098 3147 ἢ
1160 3078 1373 3149 ἀνῆκας
1438 3097 1456 3130 ι
1486 3078 1552 3132 ἐκ
1586 3077 1793 3132 λάκκου
1834 3077 1935 3130 ούκ

326 3167 551 3238 ἔχοντος
581 3167 752 3241 ὕδωρ.
791 3190 809 3223 ι
845 3170 1144 3242 Σημαίνειν
1170 3170 1227 3224 δὲ
1265 3169 1354 3225 διὰ
1378 3171 1568 3226 τούτου
1616 3169 1799 3242 φαμὲν
1833 3171 1935 3223 αύ-

325 3261 418 3315 τδν
447 3261 498 3367 ἣ⁹
514 3262 608 3315 τὸν
630 3261 784 3334 ᾅδην,
811 3262 904 3316 τὸν
927 3263 1028 3317 οὐκ
1050 3263 1246 3335 ἔχοντα
1273 3263 1440 3335 ζωὴν,
1468 3263 1804 3335 ὲκδεξόμεθα
1825 3263 1935 3335 γάρ
1967 3310 2010 3367 C

328 3354 409 3415 εἰς
435 3351 613 3408 τύπον
644 3353 792 3425 ζωῆς
810 3354 870 3408 τὸ
892 3353 1056 3428 ὕδωρ,
1073 3356 1240 3426 ήγουν
1266 3355 1400 3428 ᾅδην
1436 3353 1936 3426 καταλογιούμεθα,

329 3445 426 3499 καὶ
462 3447 614 3515 μάλα
647 3447 845 3518 ὀρθῶς,
893 3447 992 3519 τὴν
1028 3448 1120 3503 ὲπί
1141 3466 1205 3517 γε
1235 3452 1347 3513 τοῖς
1387 3448 1760 3522 ψευδωνύμως
1793 3449 1940 3513 θεοῖς

330 3539 579 3608 ἀπάτην.
615 3539 819 3610 Βόθρος
853 3539 963 3611 γὰρ
997 3539 1217 3610 ἀληθῶς
1255 3541 1315 3594 τὸ
1338 3540 1530 3612 χρῆμά
1559 3542 1732 3605 ἐστιν,
1765 3542 1847 3603 εἰς
1879 3539 1941 3594 ὃν

331 3629 495 3701 εἴπερ
521 3647 616 3696 τις
638 3629 777 3693 ὅλως
804 3630 1210 3701 κατολισθήσει.
1249 3631 1395 3703 ζωῆς
1421 3631 1713 3702 ἀμοιρήσει
1734 3629 1837 3700 τῆς
1861 3631 1941 3693 είς

332 3725 506 3777 αἰῶνα
529 3723 623 3776 τὸν
651 3723 937 3792 μέλλοντα.
977 3723 1102 3777 ’Ότι
1126 3723 1182 3777 δὲ
1211 3724 1490 3779 κεκένωκε
1521 3724 1610 3778 τὸν
1640 3724 1775 3797 ᾅδην
1797 3724 1940 3777 ἀπο-

334 3813 514 3867 θανὼν
544 3816 573 3867 6
602 3816 858 3888 Χριστὸς,
887 3816 981 3870 καὶ
1004 3817 1174 3888 ἀνῆκε
1195 3820 1308 3881 τοῖς
1328 3819 1386 3871 ἐν
1415 3817 1632 3888 φυλακῇ
1663 3816 1941 3887 πνεύμασι

333 3905 433 3970 τὰς
462 3907 619 3961 κάτω
653 3906 855 3974 πύλας,
888 3908 1055 3963 παντί
1086 3926 1190 3962 που
1222 3909 1414 3980 σαφές.
1439 3910 1587 3980 Ἔφη
1613 3909 1669 3963 δέ
1696 3927 1798 3962 που
1846 3909 1943 3963 καὶ

333 3999 364 4051 6
395 3999 502 4053 τῶν
527 4001 667 4053 ὅλων
715 3999 852 4064 Θεὸς
899 4000 988 4056 διά
1046 4001 1236 4071 φωνῆς
1273 4001 1539 4074 Ἱερεμίου
1575 4002 1839 4075 περὶτῶν
1882 4001 1944 4068 ἐξ

348 4091 588 4164 Ἰσραὴλ,
619 4092 1095 4147 καταλελειπότων
1133 4093 1232 4165 μὲν
1259 4095 1446 4161 αὑτὸν,
1479 4093 1843 4165 τραπομένων
1883 4093 1943 4148 δὲ

339 4181 639 4254 φληνάφως
690 4183 770 4247 εἰς
816 4184 1037 4254 ἀπάτην
1086 4183 1451 4256 εἰδωλομανῆο
1481 4202 1500 4236 ι
1531 4183 1758 4256 Ἐξέστη
1789 4185 1818 4237 ὁ
1850 4183 1942 4238 οὐ-

341 4277 500 4349 ρανδς
533 4277 629 4330 ἐπὶ
657 4277 856 4349 τούτῳ,
889 4279 985 4332 καὶ
1013 4277 1234 4351 ἔφριξεν
1263 4279 1356 4332 ἐπὶ
1383 4277 1570 4332 πλεῖον
1600 4273 1828 4348 σφόδρα,
1861 4276 1944 4330 λέ-

335 4386 420 4438 γει
449 4369 682 4442 Κύριος·
715 4371 796 4425 ὅτι
858 4371 975 4436 δύο,
1021 4373 1118 4426 καὶ
1172 4372 1387 4444 πονηρά
1429 4371 1688 4442 ἐποίησεν
1738 4373 1767 4425 ὀ
1816 4371 1944 4435 λαός

339 4477 466 4531 μου.
506 4461 642 4531 Ἐμὲ
673 4461 1034 4530 ἐγκατέλιπον
1083 4462 1269 4536 πηγήν
1319 4462 1516 4526 ὓδατος
1571 4461 1796 4528 ζῶντος,
1850 4462 1944 4516 καὶ

337 4550 556 4622 ὤρυξαν
586 4553 802 4617 ἑαυτοῖς
847 4553 1088 4638 λάκκους
1135 4556 1657 4627 συντετριμμένους,
1681 4557 1730 4610 οἲ
1759 4556 1820 4608 ού
1853 4556 1944 4610 δυ·

2035 661 2154 716 tibi.

2103 752 2242 808 LIX.
2269 751 2495 810 Transit
2524 767 2670 809 nunc
2701 752 2878 808 oratio
2922 751 2991 807 ad
3048 749 3224 821 ipsum
3290 749 3518 821 justum,
3578 759 3635 806 et

2033 847 2397 916 Salvatorem,
2433 856 2600 920 atque
2619 848 2786 904 etiam
2813 855 3158 904 mansuetum
3191 859 3399 916 regem,
3443 843 3495 899 id
3549 852 3636 898 est

2032 941 2337 1009 Christum,
2365 949 2421 996 et
2475 940 2708 996 illustria
2767 949 2932 1010 alque
2987 937 3311 995 admiranda
3367 933 3634 991 adventus

2031 1035 2150 1106 ejus
2165 1049 2332 1107 opera
2350 1032 3000 1106 declarat.r,Exinanivit
3025 1030 3172 1087 enim
3196 1028 3574 1100 semetipsum'
3609 1045 3632 1078 ι

2032 1127 2240 1195 libens,
2306 1126 2471 1184 homo
2529 1125 2735 1184 factum
2784 1124 3134 1198 unigenitum
3203 1122 3298 1178 Dei
3369 1119 3630 1176 Verbum.

2038 1238 2060 1273 ι
2084 1217 2358 1276 Sustinuit
2389 1234 2634 1286 crucem,
2667 1218 2991 1276 confusione
3015 1223 3322 1286 contempta
3352 1214 3372 1245 '
3401 1230 3422 1265 ι
3452 1219 3508 1268 et
3533 1224 3642 1282 pro

2031 1315 2277 1370 omnium
2305 1313 2416 1370 vita
2476 1314 2714 1370 animam
2772 1327 2926 1369 suam
2989 1308 3372 1373 commutavit,
3415 1306 3524 1363 Deo
3581 1314 3640 1360 et

2032 1406 2181 1463 Patri
2221 1408 2482 1464 mundum
2521 1407 2576 1463 in
2618 1407 2887 1477 sanguine
2941 1403 3255 1462 testamenti
3303 1401 3494 1457 aeterni
3545 1415 3640 1456 ac-

2031 1501 2276 1571 quisivit,
2303 1499 2462 1572 cujus
2489 1511 2652 1574 typus
2678 1501 2782 1556 fuit
2819 1499 3043 1572 sanguis
3074 1513 3173 1570 per
3201 1495 3389 1552 Mosen
3414 1496 3636 1564 sapien-

2031 1593 2301 1649 tissimum
2333 1594 2611 1650 veteribus
2661 1607 2942 1663 aspersus.
2980 1589 3161 1662 lnquit
3205 1589 3351 1645 enim
3378 1604 3392 1641 :
3423 1605 3441 1640 ι
3470 1587 3641 1642 Acce-

2031 1693 2124 1756 pto
2146 1683 2327 1741 Moses
2349 1686 2620 1758 sanguine
2658 1695 2715 1742 et
2741 1685 2881 1742 libro
2933 1684 3096 1754 ipso,‘
3129 1681 3368 1754 aspersit
3419 1691 3641 1735 omnem

2032 1777 2312 1849 populum,
2339 1778 2531 1835 dicens
2557 1795 2572 1833 :
2634 1778 2737 1835 Hic
2769 1787 2856 1834 est
2882 1777 3106 1848 sanguis
3137 1774 3472 1840 testamenti,
3497 1774 3641 1844 quod

2033 1871 2302 1940 disposuit
2325 1873 2391 1928 ad
2425 1887 2523 1930 vos
2557 1872 2701 1929 Deus
2724 1872 2800 1927 ³.»
2839 1869 2946 1928 Sed
2977 1870 3069 1927 illa
3117 1870 3339 1940 quidem
3397 1867 3533 1940 typi,
3587 1875 3646 1922 et

2038 1965 2284 2019 veritatis
2321 1966 2674 2022 simulacrum
2702 1967 2926 2022 fuerunt
2957 1982 2972 2020 :
3009 1964 3276 2022 successit
3307 1963 3422 2034 ipsa
3494 1962 3644 2016 veri-

2039 2067 2124 2112 tas
2151 2057 2430 2125 Christus,
2456 2059 2548 2130 qui
2580 2073 2780 2116 omnes
2811 2074 2911 2115 nos
2939 2058 2995 2114 in
3023 2057 3295 2129 sanguine
3328 2055 3642 2110 testamenti

2039 2158 2310 2206 mercatus
2341 2159 2478 2206 est.c
2506 2151 2790 2223 Redempti
2819 2150 2966 2208 enim
2994 2162 3190 2206 sumus
3222 2162 3330 2203 non
3362 2145 3640 2214 corrupti.-

2039 2239 2240 2297 bilibus
2283 2255 2416 2298 auro
2438 2243 2522 2300 vel
2549 2255 2794 2316 argento,
2827 2253 2888 2300 ut
2916 2241 3220 2314 discipulus
3250 2239 3498 2310 ejusdem
3523 2239 3642 2304 ait,

2039 2333 2135 2389 sed
2166 2336 2408 2402 pretioso
2425 2337 2709 2408 sanguine
2751 2346 3015 2408 tanquam
3073 2334 3199 2406 agni
3261 2330 3642 2395 immaculati,

2039 2437 2093 2481 et
2128 2427 2535 2484 incontaminati
2567 2429 2769 2485 Christi
2796 2428 2870 2485 ⁸.»
2904 2428 2985 2484 Tu
3017 2425 3431 2498 igitur,.inquit,
3451 2423 3646 2493 justis-

2039 2521 2179 2577 sime
2207 2531 2263 2578 et
2304 2523 2745 2580 mansuetissime
2775 2537 2896 2592 rex,
2934 2523 2987 2578 in
3029 2520 3297 2592 sanguine
3330 2516 3645 2574 testamenti

2039 2613 2254 2672 vinctos
2293 2623 2418 2672 tuos
2449 2617 2471 2686 (
2504 2618 2606 2674 hoc
2635 2626 2740 2682 est,
2776 2631 2913 2687 quos
2949 2615 3178 2672 vinculis
3202 2613 3488 2670 charitatis
3513 2625 3648 2668 con-

2039 2708 2332 2776 strinxisti,
2369 2709 2690 2780 quibusque
2724 2708 3070 2780 persuasisti,
3101 2707 3177 2764 uti
3213 2705 3414 2762 mentis
3467 2703 3646 2760 cervi-

2039 2811 2158 2854 cem
2194 2799 2327 2873 jugo
2363 2809 2456 2858 tuo
2502 2803 2914 2869 submitterent,
2962 2810 3018 2857 et
3077 2800 3260 2871 palam
3323 2797 3642 2869 illigarent)

2039 2891 2292 2961 emisisti,
2330 2893 2436 2948 hoc
2482 2903 2566 2950 est
2600 2894 2870 2960 extulisti,
2903 2895 3020 2950 sive
3051 2891 3312 2957 eduxisti,
3343 2891 3459 2946 sive
3483 2890 3648 2945 dimi-

2041 2982 2158 3037 sisti
2189 3002 2211 3036 ι
2246 2999 2311 3039 ex
2342 2984 2464 3040 lacu
2502 3001 2610 3041 non
2646 2987 2884 3042 habente
2909 3000 3165 3057 squam.)
3202 2983 3416 3052 Quibus
3463 2981 3649 3037 verbis

2041 3082 2133 3130 aut
2168 3074 2464 3143 infernum,
2491 3078 2584 3134 ubi
2611 3092 2718 3133 non
2753 3087 2838 3134 est
2871 3077 3002 3144 vita,
3029 3073 3332 3144 signiﬁcari
3367 3071 3600 3128 dicimus
3627 3085 3644 3137 ;

2040 3185 2236 3242 aquam
2276 3169 2419 3226 enim
2448 3185 2545 3240 pro
2568 3171 2816 3242 symbolo
2848 3169 2972 3225 vitae
2999 3169 3335 3238 accipiamus
3359 3165 3510 3232 licet;
3555 3175 3652 3218 aut

2045 3273 2192 3320 certe
2225 3262 2497 3319 infernum
2521 3263 3042 3319 convenientissima
3107 3261 3369 3318 falsorum
3417 3260 3648 3315 deorum

2047 3354 2317 3411 fallaciam
2347 3353 3027 3427 interpretabimur.739
3051 3352 3190 3411 Vere
3205 3353 3351 3410 enim
3371 3352 3524 3408 fovea
3541 3360 3650 3413 est,

2043 3448 2096 3502 in
2137 3464 2297 3520 quam
2330 3449 2374 3505 si
2409 3449 2531 3520 quis
2559 3448 2775 3520 penitus
2819 3447 3103 3514 deciderit,
3164 3446 3274 3501 vita
3336 3443 3520 3500 futura
3579 3456 3646 3497 ac

2043 3541 2377 3609 sempiterna
2449 3541 2681 3600 carebit.
2752 3538 3060 3596 Evacuasse
3134 3549 3316 3595 autem
3371 3536 3649 3593 infernum

2043 3633 2320 3690 Christum
2351 3642 2650 3702 mortuum,
2682 3641 2737 3687 et
2767 3632 3050 3703 spiritibus
3087 3632 3139 3688 in
3173 3631 3422 3687 custodia
3455 3632 3647 3688 deten-

2043 3727 2116 3782 tis
2179 3728 2464 3798 aperuisse
2496 3736 2684 3798 portas
2716 3725 2944 3792 inferas,
2975 3725 3250 3782 neminem
3277 3725 3431 3779 latet.
3463 3723 3648 3793 Inquit

2044 3829 2100 3875 ct
2125 3819 2321 3875 alicubi
2349 3819 2730 3875 universorum
2757 3818 2902 3874 Deus
2931 3834 3028 3890 per
3041 3816 3339 3874 Jeremiam
3365 3819 3432 3873 de
3467 3816 3647 3874 Israe-

2047 3912 2157 3967 litis
2185 3912 2562 3969 desertoribus
2597 3913 2738 3980 suis,
2763 3919 2821 3969 et
2851 3912 2918 3966 ad
2949 3911 3222 3967 fallaciam
3279 3910 3454 3966 insani
3509 3909 3647 3968 deo-

2045 4016 2166 4058 rum
2205 4002 2386 4058 cultus
2414 4001 2580 4058 stulte
2644 4001 2926 4059 conversis
2973 4018 2988 4056 :
3027 4019 3046 4054 ι
3109 3999 3405 4073 Obstupuit
3446 4001 3648 4058 calum

2045 4108 2213 4166 super
2234 4095 2366 4161 hoc,
2403 4103 2460 4150 et
2489 4093 2764 4150 inhorruit
2793 4093 3087 4165 plurimum
3115 4095 3490 4162 vehementer,
3514 4094 3650 4150 dicit

2046 4187 2309 4243 Dominus
2345 4204 2361 4242 :
2390 4187 2516 4256 quia
2555 4186 2663 4240 duo
2695 4186 2834 4240 mala
2869 4185 3002 4241 fecit
3034 4186 3285 4257 .populus
3339 4202 3511 4244 meus.
3563 4186 3650 4243 Me

2046 4281 2457 4352 dereliquerunt
2513 4280 2720 4337 fontem
2771 4296 2928 4350 aquae
2973 4280 3228 4348 viventis,
3265 4290 3323 4336 et
3396 4280 3652 4338 foderunt

2046 4375 2147 4431 sibi
2183 4377 2334 4430 lacus
2365 4375 2654 4441 contritos,
2688 4377 2780 4445 qui
2807 4389 2914 4430 non
2955 4381 3212 4444 poterunt
3270 4390 3466 4445 aquam
3517 4390 3652 4432 con-

2047 4470 2226 4523 tinere
2261 4467 2306 4524 ⁵.
2338 4486 2357 4519 ι
2389 4466 2856 4532 Quemadmodum
2896 4466 3042 4522 enim
3080 4465 3206 4520 fons
3235 4467 3380 4531 vitae,
3411 4475 3468 4522 et
3525 4465 3651 4522 fons

2047 4557 2331 4612 vixiﬁcans
2365 4566 2448 4613 est
2479 4565 2624 4612 recta
2669 4565 2725 4612 et
2752 4557 2956 4614 erroris
2999 4571 3196 4628 expers
3236 4557 3331 4613 Dei
3355 4558 3597 4630 cognitio
3629 4576 3645 4614 :

334 4647 596 4716 νήσονται
646 4645 790 4719 ὕδωρ
834 4632 1102 4718 ωνέχεὶν.
1138 4665 1158 4700 ι
1191 4649 1404 4720 ’Ὠσπερ
1447 4649 1557 4719 γάρ
1614 4650 1732 4703 ἐστι
1789 4632 1942 4722 πτῖγὴ

2049 4648 2123 4704 ita
2159 4648 2308 4704 velut
2336 4649 2487 4706 lacus
2511 4650 2783 4722 inaquosi,
2808 4660 2864 4705 et
2897 4651 3121 4706 contriti
3188 4650 3514 4707 ido!olatriaa
3561 4651 3650 4708 lu-

337 4737 504 4810 ζωῆς,
543 4740 644 4794 καὶ
696 4739 851 4812 πηγὴ
885 4739 1155 4806 ζωοποιὸς
1189 4743 1222 4812 ή
1269 4742 1404 4814 ὀρθή
1439 4759 1498 4796 τε
1547 4743 1639 4796 καὶ
1688 4743 1940 4816 ἀπλανὴς

338 4833 470 4904 περὶ
497 4831 636 4886 Θεοῦ
665 4832 887 4901 γνῶσιςο
922 4831 1096 4896 οὕτως
1125 4832 1367 4906 ἄνυδροι,
1430 4834 1521 4888 καὶ
1553 4834 1716 4888 οἱονεὶ
1745 4835 1941 4890 λάκκοι

2049 4741 2226 4810 dicra,
2257 4751 2312 4798 et
2345 4743 2724 4800 aberrationes
2763 4744 2831 4799 ab
2861 4744 2978 4813 ipsa
3007 4752 3237 4815 possunt
3262 4744 3511 4816 intelligi.
3540 4743 3650 4801 De-

2050 4836 2176 4892 inde
2212 4836 2360 4907 ipsos
2399 4836 2610 4892 vinctos
2633 4835 2990 4908 compellans,
3013 4837 3079 4893 ad
3109 4851 3260 4907 spem
3293 4838 3491 4896 bonam
3553 4852 3670 4898 eos.

337 4926 800 4996 συντετριμμένοι
858 4924 1103 4997 νοηθεῖεν
1155 4927 1223 4980 ἂν
1274 4926 1344 4980 τὰ
1373 4926 1474 4996 τῆς
1518 4927 1954 4999 εἰδωλολατρείας

2048 4929 2248 5002 erigit:
2284 4948 2304 4982 ι
2346 4927 2617 4985 Sedebitis
2643 4929 2697 4985 in
2732 4929 3034 4986 munitione
3067 4930 3234 4985 vincti
3269 4933 3650 5002 congregatio-

333 5016 654 5089 ἀθύρματα,
707 5017 804 5072 καὶ
839 5020 871 5090 ή
899 5019 1030 5090 περὶ
1083 5017 1252 5073 αὐτοῦ
1311 5018 1603 5092 πλάνησις.
1636 5014 1776 5075 Εἶτα
1803 5019 1941 5092 πρὸς

333 5111 536 5175 αὐτοὺς
594 5110 908 5182 διαλέγεται
951 5112 1078 5176 τοὺς
1141 5111 1421 5183 δεσμίους,
1471 5114 1568 5168 καὶ⁹
1590 5114 1672 5177 είς
1717 5112 1945 5178 ἐλπίδας

331 5203 537 5269 αὐτοὺς
573 5203 792 5273 ἀγαθὰς
839 5203 1178 5276 παραθήγει,
1236 5204 1441 5274 λέγων’
1491 5225 1507 5257 ι
1533 5205 1858 5276 Καθήσεσθε
1885 5208 1944 5261 ὲν

331 5295 657 5370 ὀχυρώματι
685 5295 899 5368 δέσμιοι
939 5297 1041 5368 τῆς
1077 5298 1426 5369 συναγωγῆς.
1481 5318 1501 5352 ι
1535 5300 1646 5353 Καὶ
1675 5301 1944 5372 ὀχύρωμα

335 5387 460 5458 μὲν,
497 5386 759 5456 καθάπερ
785 5381 1026 5459 ἐγῷμαι,
1057 5388 1157 5461 τὴν
1193 5389 1525 5461 Ἐκκλησίαν
1571 5390 1841 5445 ἀποκαλεῖ
1866 5391 1942 5456 ὡς

328 5483 754 5555 τετειχισμένην
780 5483 840 5537 ὲν
895 5483 1142 5555 Χριστῷ,
1196 5485 1292 5538 καὶ
1326 5485 1642 5556 ἀκλονήτως
1683 5485 1935 5557 ἔχουσαν.

331 5574 586 5646 Κάθησιν
619 5574 680 5628 δέ
731 5592 868 5646 φησι
910 5577 975 5629 τὸ
1009 5571 1120 5630 οἷον
1181 5575 1467 5648 ἱδρυμένον
1501 5578 1560 5629 ὲν
1597 5576 1802 5630 πίστει.
1835 5577 1940 5630 Γέη

328 5683 580 5738 γραπται
608 5664 720 5737 γὰρ
751 5668 882 5738 περὶ
909 5667 1066 5722 Θεοῦ·
1107 5688 1124 5719 ι
1152 5667 1277 5722 Ὅτι
1301 5669 1365 5722 σὺ
1405 5668 1714 5741 καθήμενοξ
1739 5671 1820 5733 εἰς
1846 5669 1938 5724 τδν

400 5873 414 5902 ¹
446 5869 686 5938 Philipp.
723 5885 784 5936 ιι,
826 5871 885 5927 ’7.
969 5874 987 5904 ²
1048 5869 1210 5926 Hebr.
1253 5887 1348 5937 xu,
1410 5871 1464 5928 2.

358 5957 558 6008 χχι-ιιι,
593 5945 680 5996 tu.

1584 5873 1602 5904 ³
1630 5872 1803 5930 Exod.
1845 5889 1992 5941 xxxv,
2054 5875 2107 5934 3.

2049 5021 2156 5078 nis.
2192 5039 2210 5073 ι
2246 5019 2697 5088 Munitionem,ut
2729 5018 2861 5076 mihi
2885 5020 3098 5076 videtur
3129 5020 3430 5078 Ecclesium
3461 5021 3650 5093 appel-

2045 5111 2141 5179 lat,
2165 5119 2225 5166 ut
2255 5111 2517 5166 munitam
2545 5111 2598 5166 in
2633 5109 2874 5178 Christo,
2913 5120 2969 5167 et
2997 5113 3407 5170 inconcussam.
3434 5112 3650 5170 Scssio-

2043 5220 2167 5260 nem
2200 5206 2331 5260 dicit
2359 5205 2411 5260 in
2445 5205 2549 5261 ﬁde
2603 5206 2898 5276 quamdam
2940 5206 3319 5263 stabilitatem.
3373 5205 3647 5277 Scriptum

2043 5307 2126 5354 est
2155 5297 2298 5353 enim
2324 5297 2390 5353 de
2422 5297 2533 5353 Deo
2563 5316 2575 5353 :
2602 5317 2620 5351 ι
2661 5298 3005 5368 Quoniam.th
3034 5299 3229 5358 sedens
3262 5301 3316 5356 in
3343 5300 3538 5356 saacula
3563 5301 3641 5366 ⁸,»

2049 5391 2154 5446 hoc
2185 5400 2271 5445 est
2298 5390 2548 5448 stabilem
2577 5399 2632 5447 et
2680 5392 3062 5448 inconcussam
3121 5402 3377 5447 naturam
3416 5391 3642 5448 habens.

2049 5483 2218 5542 Eritis
2253 5485 2418 5558 igitur
2455 5484 2656 5552 securi,
2689 5485 2883 5555 inquit,
2909 5483 3222 5540 firmitatem
3261 5484 3387 5540 ﬁdei
3439 5484 3650 5542 baben-
3749 5505 3752 5508 ’

2052 5587 2208 5644 tes,o
2229 5576 2394 5632 vincti
2425 5576 2865 5648 congregationis
2897 5589 3054 5642 mete,
3086 5590 3206 5646 qua:
3230 5585 3315 5632 est
3339 5576 3394 5632 in
3429 5577 3645 5635 Christo

2042 5669 2464 5742 justiﬁcatorum
2493 5665 3030 5732 sancta-multitudo.
3067 5667 3184 5726 Non
3211 5679 3392 5728 autem
3444 5671 3645 5729 caritu-

3449 5876 3468 5905 ‘
3490 5869 3641 5930 Psal.

2233 5874 2300 5927 ³1
2364 5874 2508 5932 Petr.
2565 5893 2602 5944 ι,
2650 5875 2738 5932 ts.
2855 5875 3106 5933 'Jerem.
3147 5877 3328 5933 v.15.
