4130 6516
3592 443 3696 511 151

383 456 491 515 153
1212 456 1772 519 COMM'ENTAMUS
1804 458 1874 515 IN
1916 457 2329 518 ZACHARIAM
2364 447 2817 517 PROPHETAM.

383 592 577 633 πτοιεν
600 575 891 651 (Dauni).
924 577 1122 634 ὀποία
1150 595 1238 643 τις
1262 579 1421 635 ἔστὶν·
1439 580 1499 635 ὲν
1519 579 1597 653 τῷ
1619 583 1863 656 ’ᾼσματι
1886 584 1987 638 τῶν

2099 585 2314 655 sagitta:
2344 584 2398 639 in
2427 597 2593 654 manu
2628 577 2892 653 potentis,
2928 577 3003 633 ita
3047 576 3144 633 Ilii
3177 574 3535 633 excusserunt
3568 578 3631 629 ἰ.
3672 594 3691 626 ι

380 671 652 744 ᾀσμάτων
684 671 1019 752 ’γραφομένη
1067 672 1277 743 νύμφη,
1338 672 1579 743 λέγουσα
1653 664 1867 746 σαφῶς,
1911 676 1987 729 δτι

2098 679 2372 735 Excussos
2403 677 2552 732 enim
2579 675 2846 732 oriundos
2877 675 2945 729 de
2974 671 3181 729 lsraele
3221 669 3493 735 nominat,
3524 678 3580 723 ut
3601 668 3696 738 qui

384 782 407 817 ι
427 762 769 835 Τετρωμένη
796 764 1020 834 ἀγάπης
1037 763 1152 832 ἐγώ
1177 766 1313 835 εἰμι.
1330 765 1481 819 »Ὅτι
1505 766 1563 820 δὲ
1590 768 1883 837 γεγόνασιν
1904 768 1987 823 ἀλ-

2098 770 2194 827 Dei
2222 770 2396 840 gratia
2429 781 2653 841 propter
2688 764 3148 825 debacchationes
3180 763 3234 819 in
3281 763 3563 818 Christum
3599 776 3698 817 ex-

379 852 733 956 tiztb‘ta‘mt,‘
747 853 846 956 καὶ
875 853 1152 922 εύσθενεῖς
1206 857 1256 908 οἱ
1286 855 1567 910 θεσπέσιοι
1601 857 1864 929 μαθηταὶ,
1902 875 1987 912 πι-

2098 862 2357 919 cidcrint.
2388 866 2630 930 Quorum
2671 860 2767 915 ﬁlii
2800 870 2982 915 tamen
3016 857 3231 928 sagittae
3265 853 3510 918 fuerunt,
3540 862 3596 907 ut
3628 852 3699 909 de

381 941 665 996 στώσεται
711 941 891 1012 λέγων
938 944 1070 1017 περὶ
1105 944 1287 999 αὐτῶν
1325 947 1356 999 ό
1388 948 1553 1017 σοφὸς
1595 948 1909 1021 ιι¹¹αλμῳδὺς
1942 951 1987 1004 ἐι

2102 970 2268 1011 manu
2300 954 2541 1024 potentis
2571 953 2805 1008 emissae.
2836 950 2929 1006 Ait
2956 957 3012 1005 et
3040 948 3301 1004 Habacuc
3329 945 3485 1017 quasi
3510 944 3578 1000 ad
3610 944 3696 1012 ip—

379 1034 692 1107 πνεύματν
736 1054 757 1090 ι
808 1036 967 1090 Ὦσεὶ·
1001 1036 1133 1106 βέλη
1166 1037 1226 1091 ὲν
1258 1039 1407 1109 χειρὶ⁵
1437 1038 1692 1108 δυνατοῦ,
1727 1040 1902 1105 οὕτως
1941 1042 1987 1095 oi

2106 1063 2231 1104 sum
2283 1045 2701 1102 Emmanuelcm
2759 1044 2827 1100 de
2860 1042 3068 1097 sanctis
3115 1039 3412 1112 apostolis:
3451 1055 3471 1090 ι
3504 1034 3696 1092 iacula

377 1127 492 1181 υἱοὶ
535 1128 650 1184 τῶν
705 1127 1199 1199 ἐκτετιναγμένων.
1233 1147 1252 1180 ι
1306 1130 1832 1211 Ἐκτετιναγμένους
1890 1132 1987 1204 μὲν

2101 1150 2193 1195 tua
2251 1138 2409 1195 ibunt
2465 1139 2521 1195 in
2581 1136 2705 1193 luce
2752 1134 3153 1192 coruscationis
3228 1146 3511 1188 armorum
3574 1139 3697 1184 tuo-

375 1219 493 1292 γὰρ
527 1221 659 1285 τοὺς
699 1219 761 1287 ἐξ
806 1221 1027 1294 Ἰσραὴλ
1069 1222 1358 1288 ἀποκαλεῖ,
1393 1222 1471 1287 ὼς
1496 1225 1602 1296 τῆς
1639 1225 1793 1291 θείας
1837 1226 1990 1298 χάρι·
2097 1245 2217 1285 rutn
2247 1230 2311 1283 ".
2350 1248 2370 1282 ι
3014 1210 3017 1215 ’
3294 1236 3297 1243 “

374 1331 474 1378 τος
503 1313 939 1379 ἐκπεπτωκότας
965 1315 1054 1370 διά
1086 1331 1170 1369 τοι
1203 1315 1265 1369 τὸ
1300 1317 1705 1389 ἑμπαροινῆσαι
1735 1319 1982 1390 Χριστῷ.
2023 1320 2093 1374 Οἵ
2128 1338 2195 1391 γε
2236 1319 2346 1394 μὴν
2384 1319 2566 1375 αὐτῶν
2602 1320 2748 1386 υἱοὶ,
2799 1318 2931 1391 βέλη
2966 1318 3259 1390 γεγόνασιν
3290 1318 3368 1382 ὡς
3400 1319 3465 1372 ἐκ
3511 1314 3696 1389 χειρὸς

375 1404 610 1458 δυνατοῦ
644 1404 993 1477 πεμπόμενα.
1037 1406 1185 1477 Ἔφη
1254 1407 1314 1461 δέ
1353 1424 1457 1461 που
1487 1410 1583 1462 καὶ
1620 1411 1648 1462 ό
1694 1410 2023 1483 Ἀμϐακοὺμ
2059 1412 2138 1476 ὡς
2182 1411 2322 1484 πρὸς
2390 1411 2554 1466 αὑτὸν
2586 1410 2652 1482 δὴ
2700 1409 2867 1465 πάλιν
2896 1410 2987 1464 τὸν
3038 1409 3388 1481 Ἐμμανουὴλ
3418 1406 3549 1479 περὶ
3587 1405 3696 1458 τῶν

375 1501 559 1572 ἁγίων
600 1502 955 1556 ἀποστόλων·
1007 1520 1028 1555 ι
1083 1501 1303 1568 Βολίδες
1350 1521 1447 1558 σου
1494 1505 1853 1577 πορεύσονται
1906 1509 1988 1572 είς
2028 1507 2234 1578 φέγγος
2259 1508 2551 1580 ἀστραπῆς
2580 1505 2763 1560 ὃπλων
2792 1522 2909 1559 σου.
2949 1523 2968 1557 ι

452 1596 568 1651 Καὶ
607 1597 870 1669 ἐπετερῶ
903 1596 974 1653 τὰ
998 1600 1185 1655 τέκνα
1227 1615 1348 1655 σου
1382 1600 1538 1656 Σιὼν
1563 1603 1663 1657 ἐπὶ
1701 1605 1776 1659 τὰ
1810 1605 1997 1660 τέκνα

377 1687 503 1743 τῶν
539 1687 884 1795 Ἐἰλήνωη
927 1689 1028 1745 καί
1073 1691 1433 1763 ψηλαφήσω
1469 1710 1543 1749 σε
1583 1696 1666 1761 ὡς
1685 1696 1996 1767 ῥομφαίαν

375 1797 685 1853 μαχητόν.

451 1871 581 1927 ΞΔθ.
634 1873 772 1929 ’ἰδοὺ
801 1873 889 1947 δὴ,
916 1876 1107 1948 σαφῶς
1141 1878 1270 1943 τοὺς
1296 1880 1355 1948 ἐξ
1398 1881 1672 1937 Ἰουδαίων
1706 1901 1993 1956 μυσταγω-

2169 1602 2328 1677 ’141
2359 1602 2423 1658 Et
2478 1600 2751 1658 suscitabo
2789 1600 2933 1668 filios
2973 1608 3119 1665 tuos,
3161 1597 3315 1663 Sion,
3347 1612 3505 1667 super
3550 1594 3695 1665 ﬁlios

2092 1692 2423 1760 Grecorum,
2465 1702 2515 1748 et
2561 1692 2856 1747 altrectabo
2903 1699 2954 1744 te
2997 1690 3152 1760 quasi
3209 1688 3451 1760 gladium
3482 1699 3692 1757 pugna-

2090 1788 2241 1842 toris.

2162 1878 2307 1937 LXI.
2340 1877 2418 1934 En
2453 1877 2712 1934 doctores
2765 1890 2956 1932 sacros
2994 1889 3059 1929 ex
3106 1871 3310 1928 Judmis
3366 1870 3571 1940 liquido
3612 1882 3696 1922 ar-

547 1962 707 2067 aer»
742 1965 875 2067 ςδιοκ
906 1967 1188 2067 nam
1244 1972 1384 2025 ποτα
1419 1973 1530 2044 γάρ
1570 1973 1642 2029 τά
1888 1979 1987 2050 τῆς

2092 1988 2216 2029 cum
2253 1976 2409 2028 suum
2443 1982 2624 2027 vocnt.
2682 1968 2917 2037 Quinam
2984 1969 3132 2024 enim
3206 1965 3301 2020 filii
3337 1963 3469 2018 Sion
3511 1962 3691 2015 insur-

377 2051 526 2109 Σιὼν
543 2054 618 2108 τά
638 2055 784 2110 κατά
802 2056 917 2112 τῶν
944 2054 1279 2131 Ἑλληνικῶν
1301 2062 1739 2137 κατεξιστάμενα
1759 2067 1987 2135 τέκνων,

377 2149 430 2202 sl
468 2147 546 2220 μὴ
573 2149 624 2202 οἱ
655 2147 939 2204 θεσπέσιοι
972 2151 1237 2225 μαθηταὶ,
1281 2156 1375 2209 καὶ
1401 2159 1450 2210 oi
1479 2156 1592 2210 τῶν
1649 2159 1990 2231 Ἐκκλησιῶν

270 2298 279 2307 ,
378 2239 525 2295 κατὰ
561 2241 795 2312 καιροὺς
835 2244 1152 2315 ἡγούμενοι,
1192 2264 1212 2298 ι
1256 2248 1350 2301 καὶ
1383 2248 1487 2320 τῆς
1523 2250 1785 2322 ἀληθείας
1829 2252 1991 2325 ὀρθο-

376 2328 680 2404 τομοῦντες
724 2333 816 2388 τὸν
849 2333 1042 2404 λόγον;
1081 2354 1102 2388 ι
1134 2336 1276 2413 Etcf-iv
1306 2338 1415 2411 γὰρ
1457 2342 1492 2412 ἡ
1537 2342 1724 2413 νοητὴ,
1763 2343 1881 2408 πῶς
1922 2344 1989 2398 ἂν

374 2423 546 2497 ἑτέρα
578 2427 756 2479 νοοῖτο
795 2424 951 2498 παρά
1002 2426 1104 2499 τὴν
1142 2409 1508 2501 Ἐκκλησίαν-ς
1542 2409 1893 2487 καταθλοῦσι
1932 2434 1990 2489 δὲ

372 2517 490 2574 τῶν
517 2518 732 2584 τέκνων
759 2520 869 2575 τῶν
927 2521 1282 2594 Ἑλληνικῶν,
1325 2525 1421 2578 καὶ
1454 2529 1989 2599 καταστρατεύονται

372 2611 487 2666 τῶν
513 2613 980 2685 πεπλανημένων,
1007 2615 1147 2669 Θεοῦ
1174 2616 1485 2682 τεθεικότος
1515 2620 1718 2683 αὐτοὺς
1745 2621 1821 2686 ὡς
1855 2624 1992 2695 ῥομ-

375 2703 551 2774 φαίαν
596 2704 867 2777 μαχητοῦ.
915 2705 1074 2761 Οὕτω
1113 2708 1207 2762 καὶ
1237 2711 1266 2763 ό
1315 2709 1604 2776 θεσπέσιος
1637 2712 1852 2776 Παῦλος
1896 2714 1989 2768 τὸν

372 2797 436 2850 ἐν
457 2790 507 2850 Χ
516 2797 690 2869 ριστῷ
710 2797 1007 2870 νοούμενον
1034 2800 1378 2873 στρατιώτην
1404 2804 1834 2860 κατακαλλύνων
1858 2806 1989 2878 ὁρᾶ-

372 2903 488 2943 ται.
527 2905 549 2941 ι
605 2887 845 2960 Θώρακα
878 2891 979 2962 μὲν
1024 2893 1136 2964 γάρ
1164 2892 1257 2947 τὸν
1295 2895 1395 2966 τῆς
1420 2898 1486 2969 έν
1517 2896 1741 2969 Χριστῷ
1783 2897 1991 2952 δικαιο-

372 2978 551 3050 σύνης
585 3000 607 3035 ι
647 2983 996 3054 περιτίθησιν
1038 2984 1213 3057 αὐτῷ·
1246 2989 1340 3041 καὶ
1380 2987 1501 3060 ,μὴν
1532 2989 1628 3044 καὶ
1676 3011 1695 3042 ι
1741 2989 1841 3062 τὴν
1889 2991 1986 3045 τοῦ

370 3072 657 3144 σωτηρίου
699 3075 1162 3145 περικεφαλαίαν.
1204 3094 1224 3128 ι
1265 3073 1402 3132 Εἶτα
1444 3079 1630 3134 δίδωσι
1667 3100 1687 3132 ι
1732 3080 1834 3153 τὴν
1879 3082 1987 3153 μά-

2093 2078 2286 2136 gentes
2337 2072 2529 2121 contra
2568 2064 2712 2118 tllios
2742 2062 3089 2126 Graecorum,
3146 2058 3252 2114 nisi
3306 2056 3474 2113 divini
3523 2054 3692 2110 disci-

2092 2157 2227 2229 puli,
2262 2167 2318 2213 et
2347 2156 2715 2212 Ecclesiarum
2770 2153 2887 2209 suis
2933 2154 3135 2222 quique
3174 2148 3510 2216 temporibus
3546 2161 3689 2218 pra:-

2094 2250 2264 2318 sides,
2301 2266 2320 2300 t
2368 2247 2435 2303 Et
2461 2256 2611 2303 recte
2645 2255 2952 2302 tractantes
2992 2242 3218 2299 verbum
3255 2240 3347 2295 Dei
3376 2239 3455 2294 "1'
3484 2259 3502 2292 ι
3553 2238 3686 2292 Nam

2093 2342 2226 2398 Sion
2253 2358 2374 2412 qua:
2408 2342 2596 2396 animo
2623 2340 2864 2404 videtur,
2898 2336 3172 2408 quomodo
3201 2334 3304 2388 alia
3341 2343 3539 2404 pra-ter
3582 2329 3689 2386 Ec-

2092 2434 2317 2490 clesiam
2350 2431 3080 2505 intelligatur?Oppugnant
3123 2437 3307 2484 autem
3358 2425 3499 2480 illius
3544 2423 3693 2479 Crte-

2094 2541 2309 2593 corum,
2342 2536 2397 2583 et
2426 2525 2568 2581 bello
2599 2524 2877 2579 lacessunt
2911 2536 3101 2579 errore
3133 2519 3407 2584 seductos,
3448 2515 3559 2571 Deo
3584 2514 3693 2570 illis

2093 2630 2283 2675 utente
2329 2627 2390 2674 ut
2439 2618 2622 2689 gladio
2666 2615 2967 2672 bellatoris.
3000 2613 3094 2670 Sic
3142 2622 3198 2669 et
3242 2611 3457 2666 divinus
3492 2607 3694 2664 Paulus

2093 2712 2320 2767 militem
2369 2711 2572 2767 Christi
2629 2725 2833 2766 ornare
2886 2709 3153 2764 cernitur.
3190 2724 3209 2757 ι
3246 2705 3498 2760 Thorace
3542 2698 3692 2756 enim

2084 2800 2394 2878 iustitiae“
2429 2824 2449 2858 ι
2512 2804 2567 2858 in
2625 2800 2847 2857 Christo
2918 2799 3071 2854 illuni
3126 2797 3300 2852 induit
3348 2813 3362 2850 :
3430 2801 3694 2864 praeterea

2070 2898 2118 2949 ἰ
2151 2898 2305 2968 galea
2340 2896 2535 2953 salutis
2571 2896 2637 2951 ".
2676 2914 2695 2947 ι
2724 2894 2952 2964 Insuper
2982 2893 3075 2947 dat
3100 2891 3149 2946 ei
3189 2908 3208 2941 ι
3253 2888 3491 2960 gladium
3539 2885 3698 2968 spiri-

2092 3000 2201 3058 tus,
2234 2991 2380 3061 quod
2427 2999 2509 3043 est
2563 2987 2792 3042 verbum
2825 2985 2921 3040 Dei
2953 2984 3018 3038 η.
3060 3003 3079 3036 ι
3117 2981 3232 3037 Hoc
3289 2980 3456 3050 igitur
3512 2976 3692 3049 gladio

2091 3093 2281 3138 contra
2317 3080 2541 3137 Graecos
2576 3080 2684 3141 usi,
2716 3077 3077 3149 pullulantem
3113 3072 3168 3129 in
3194 3073 3304 3128 illis
3346 3070 3537 3125 falsam
3591 3069 3690 3123 do-

368 3178 582 3234 χαιραν
607 3163 705 3218 τοῦ
749 3164 1086 3237 πνεύματος,
1114 3167 1145 3220 δ
1178 3168 1296 3221 ἐστι
1339 3169 1492 3239 ῥῆμα
1533 3168 1693 3224 Θεοῦ.
1740 3190 1760 3223 ι
1799 3172 1986 3245 Ταύτῃ

2092 3177 2325 3231 cuinam
2355 3180 2668 3246 amputant,
2697 3183 2753 3228 et
2783 3170 2877 3227 Dei
2927 3182 3234 3226 sermonem
3274 3165 3510 3220 maxime
3549 3180 3569 3216 ι
3606 3177 3693 3233 pe-

367 3254 438 3329 δὴ
468 3251 567 3311 οὖν
590 3258 660 3328 τῇ
694 3257 946 3330 μαχαίρᾳ
975 3257 1118 3312 κατὰ
1146 3257 1257 3312 τῶν
1290 3259 1622 3331 Ἑλληνικῶν
1654 3264 1987 3335 κεχρημένοι

2092 3266 2438 3335 netrabilem,
2468 3265 2650 3320 vivum
2676 3273 2732 3320 et
2762 3262 3035 3318 efﬁcacem
3069 3260 3113 3291 "
3161 3277 3180 3312 ι
3210 3258 3318 3314 illis
3341 3255 3689 3319 adhibentes,

364 3348 609 3415 τέκνων,
649 3348 1009 3422 ἀποκείρουσι
1046 3348 1147 3421 μὲν
1184 3349 1284 3423 τὴν
1320 3352 1380 3405 ὲν
1417 3352 1606 3415 αὐτοῖς
1650 3351 1987 3423 βλαστοῦσαν

2092 3374 2329 3430 nequam
2392 3369 2448 3414 et
2480 3356 2820 3413 immundum
2867 3355 3119 3424 spiritum
3152 3350 3505 3415 exscindunt,
3539 3356 3598 3401 ut
3625 3345 3693 3400 de

364 3440 618 3511 ἁπάτην,
647 3440 746 3495 καὶ
773 3442 867 3496 τὸν
896 3442 1217 3514 τομχῦτατον
1252 3443 1350 3497 τοῦ
1397 3443 1536 3498 Θεοῦ
1577 3444 1735 3513 λόγον
1782 3448 1978 3519 ἐπιφέ-

2092 3464 2285 3507 εωιοιο
2309 3461 2491 3507 mente
2514 3465 2650 3522 pura
2699 3455 2757 3504 et
2787 3442 2981 3521 libera,
3015 3454 3069 3501 et
3110 3460 3141 3499 a
3172 3445 3478 3499 daamonum
3518 3439 3692 3493 servi-

369 3546 569 3602 ροντες
611 3531 817 3598 αὐτοῖς,
859 3549 882 3585 ι
932 3532 992 3595 ὃς
1033 3534 1152 3586 ἐστι
1185 3530 1296 3598 ζῶν
1341 3550 1403 3586 τε
1433 3533 1528 3588 καὶ
1561 3536 1814 3607 ἐνεργὴς,
1855 3556 1873 3589 ι
1917 3537 1981 3591 τὺ

2092 3551 2203 3598 tute
2230 3545 2508 3613 expedita,
2532 3557 2674 3598 vera:
2695 3538 3027 3613 cognitionis
3052 3538 3146 3593 Dei
3175 3549 3486 3593 sermonem
3515 3529 3691 3587 susci-
3771 3530 3785 3539 “

367 3621 618 3694 πονηρὸν
648 3622 746 3677 καὶ
772 3621 1086 3695 ἀκάθαρτον
1116 3625 1449 3678 ἐκκόπτουσι
1475 3624 1717 3696 πνεῦμα,
1755 3627 1842 3681 ίνα
1884 3628 1979 3681 δύ-

2088 3649 2217 3703 pere
2244 3644 2467 3707 queant.

367 3730 560 3769 ναιντο
596 3713 786 3770 λοιπὸν
852 3712 930 3787 νῷ
996 3714 1230 3787 καθαρῷ
1266 3732 1331 3770 τε
1362 3717 1458 3770 καὶ
1498 3717 1794 3789 ἐλευθέρῳ,
1828 3720 1921 3772 καὶ
1954 3722 2056 3793 τῆς
2097 3726 2207 3780 τῶν
2251 3726 2550 3800 δαιμονίων
2608 3721 2924 3791 πλεονεξίας
2978 3721 3405 3795 ἀπηλλαγμένῳ,
3453 3715 3545 3770 τὸν
3591 3715 3692 3787 τῆς

371 3810 617 3883 ἀληθοῦς
645 3809 985 3880 θεογνωσίας
1019 3811 1433 3884 παραδέξασθαι
1458 3812 1637 3883 λόγον.

445 3904 563 3962 Καὶ
603 3904 780 3961 ἔσται
818 3906 1037 3975 Κύριος
1077 3902 1172 3961 ἐπ’
1215 3907 1462 3976 αὐτοὺς,
1498 3910 1853 3979 ὀφθήσεται,
1882 3913 1985 3967 καί

370 3996 769 4065 ἐξελεύσεται
795 3996 876 4065 ὡς
901 3997 1188 4067 ἀστραπὴ
1210 3998 1396 4066 βολίς
1421 4001 1631 4057 αὐτοῦ.

445 4089 537 4144 ΞΒ
557 4130 574 4144 .
604 4088 731 4143 ’Ότι
769 4091 865 4144 καὶ
891 4089 1150 4145 συνέσται
1182 4089 1390 4164 Κύριος
1427 4092 1456 4145 ό
1483 4091 1620 4157 Θεὸς
1651 4095 1863 4162 αὐτοῖς,
1890 4095 1985 4149 καὶ

375 4183 697 4246 συνασπιεῖ,
750 4179 1099 4253 καταδηώσει
1146 4197 1208 4235 τε
1255 4183 1385 4245 τοὺς
1436 4182 1843 4255 ἀνθεστηκότας
1896 4184 1988 4240 διά

372 4272 586 4328 τούτων
618 4272 898 4346 ύποδηλοῖ.
952 4291 972 4325 ι
1019 4258 1391 4345 Ἔσται-γὰρ,
1443 4278 1599 4346 φησὶ,
1640 4277 1849 4350 Κύριος
1898 4279 1987 4332 ἐπ’

372 4367 602 4433 αὐτοὺς,
638 4385 657 4418 ι
690 4366 852 4440 δῆλον
894 4366 952 4421 δὲ
980 4368 1064 4422 ὅτι
1096 4368 1225 4434 τοὺς
1266 4368 1628 4425 ἀνθίστασθαι
1677 4372 1987 4445 μεμελετη-

370 4461 546 4526 κότας
577 4462 691 4526 τοῖς
715 4459 1064 4534 ίερουργοῦσι
1102 4463 1163 4518 τὸ
1210 4463 1549 4534 Εύαγγέλιον
1578 4464 1767 4520 αὐτοῦ.
1814 4465 1980 4520 Ἑκά-

2167 3906 2333 3970 Vens.
2373 3913 2464 3969 M.
2513 3910 2577 3965 Et
2601 3912 2700 3967 erit
2749 3910 3010 3966 Dominus
3042 3925 3201 3978 super
3234 3924 3345 3969 eos.
3396 3906 3691 3977 apparebit,

2091 4014 2138 4062 et
2168 4002 2469 4075 egredietur
2504 4006 2642 4059 sicut
2677 4003 2863 4075 fulgur
2892 4003 3089 4073 sagitta
3126 3999 3265 4069 ejus.

2166 4095 2328 4153 LXII.
2395 4095 2567 4154 Docet
2620 4096 2910 4151 Dominum
2967 4093 3138 4148 Deum
3193 4091 3300 4146 illis
3353 4088 3691 4155 adfuturum,

2095 4202 2314 4259 unaque
2349 4196 2744 4258 pugnaturum,
2780 4195 2837 4242 et
2868 4183 3192 4239 resistentes
3227 4194 3574 4236 cversurum.
3600 4179 3695 4234 Ait

2094 4281 2239 4337 enim
2272 4297 2286 4335 :
2328 4297 2347 4332 ι
2389 4278 2507 4334 Erit
2569 4276 2837 4332 Dominus
2873 4289 3040 4346 super
3081 4288 3198 4340 eos,
3239 4291 3259 4326 ι
3295 4271 3483 4340 utique
3528 4285 3695 4339 super

2094 4387 2211 4439 eos,
2263 4370 2357 4441 qui
2408 4370 2676 4426 ministris
2718 4365 2995 4437 Evangelii
3049 4365 3223 4434 ipsius
3266 4363 3510 4433 obiicere
3572 4376 3696 4417 sese

2093 4464 2526 4523 constituerunt.
2562 4461 2833 4530 Quaelibet
2862 4468 3047 4514 autem
3102 4457 3302 4528 sagitta
3336 4462 3421 4511 est
3469 4453 3691 4509 ἰιιιιιίιιιυ⁵

374 4546 481 4625 στη
514 4552 574 4606 δὲ
611 4552 759 4625 βολὶς
810 4557 1193 4631 μυσταχωγὸς,
1234 4558 1268 4632 ἢ
1309 4559 1607 4627 ἀπόστολος
1626 4577 1643 4592 ο
1686 4560 1834 4633 βέλει
1876 4560 1987 4633 γὰρ

2097 4566 2207 4624 tor,
2239 4556 2356 4613 sive
2405 4556 2709 4626 apostolus.
2737 4549 2869 4608 Telo
2903 4548 3078 4615 enim,
3112 4549 3229 4604 sive
3255 4548 3464 4618 sagittae
3512 4560 3544 4600 a
3580 4546 3692 4601 Deo

373 4647 499 4718 ἦτοι
541 4642 710 4716 βολίδι
746 4649 1080 4719 παρεικάζει
1113 4649 1277 4704 πάλιν
1319 4651 1520 4716 αὐτοὺς
1567 4652 1702 4706 Θεοῦ
1741 4653 1987 4722 πέμπον-

373 4754 490 4804 τος,
521 4736 600 4803 ὡς
629 4739 891 4813 ἀστραπὴ
924 4740 984 4795 δὲ
1029 4740 1342 4814 δραμεῖται,
1391 4742 1547 4816 φησὶ,
1597 4742 1759 4815 δῆλον
1805 4743 1863 4797 δὲ
1901 4744 1986 4798 ὅτι

375 4829 828 4901 ωταυγάζουσα,
855 4832 950 4887 καὶ
980 4834 1094 4897 τοῖς
1123 4833 1380 4889 ἁπάντων
1408 4834 1709 4907 ὀφθαλμοῖς
1740 4835 1986 4907 ἀμογητὶ

376 4924 823 4997 προσπίπτουσα.
841 4924 1105 4996 Γεγόνασι
1134 4926 1192 4981 δὲ
1222 4926 1367 4982 οὕτω
1395 4928 1645 5001 λαμπροὶ
1676 4929 1771 4983 κα)⁸
1790 4931 1840 4983 oi
1866 4929 1991 4984 θεσ-

376 5015 562 5070 πέσιοι
622 5014 891 5089 μαθηταὶ,
923 5018 1020 5072 καὶ
1076 5017 1188 5072 τῶν
1217 5018 1312 5073 τοῦ
1347 5019 1600 5092 Σωτῆρος
1628 5020 1985 5092 Εὐαγγελίων

375 5108 645 5179 κήρυκες,
677 5107 774 5161 καὶ
802 5107 853 5162 oi
901 5107 1024 5179 μετ’
1053 5109 1322 5175 ἐκείνους,
1351 5109 1497 5165 λαῶν
1530 5090 1854 5183 ἡγούμενοι,
1889 5113 1986 5167 καὶ

376 5199 795 5272 προεστηκότες
830 5200 1194 5273 Ἐκκλησιῶν,
1235 5200 1313 5266 ὡς
1349 5202 1618 5274 ἀγνοῆσαι
1649 5202 1856 5275 μηδένα
1887 5204 1988 5276 τῆς

373 5289 611 5362 ἐνούσης
665 5291 853 5357 αὐτοῖς
897 5292 1102 5364 ἀρετῆς
1132 5294 1233 5365 τὴν
1284 5294 1640 5373 φαιδρότητα.
1672 5295 1785 5349 Καὶ
1828 5294 1989 5349 τοῦτο

372 5383 512 5438 αὐτὸ
554 5382 756 5455 δηλῶν,
790 5383 1033 5453 ἔφασκεν
1086 5387 1116 5438 ό
1167 5385 1398 5461 Σωτήρ·
1462 5405 1480 5442 ι
1543 5387 1738 5453 Οὐδεὶς
1794 5386 1990 5460 λύχνον

374 5476 543 5547 ἅψας,
579 5476 851 5532 καλύπτει
891 5475 1056 5530 αὐτὸν
1100 5475 1308 5542 σκεύει,
1332 5477 1367 5548 ἢ
1402 5477 1663 5533 ὑποκάτω
1693 5480 1884 5550 κλίνης
1909 5480 1989 5534 τί-

373 5571 560 5642 θησιν,
607 5568 727 5624 ἀλλ’
764 5569 860 5624 ἐπὶ
894 5569 1143 5641 λυχνίας,
1190 5569 1280 5624 ἵνα
1323 5571 1374 5624 oi
1408 5571 1839 5643 ἐκπορευόμενοι
1868 5572 1989 5643 βλέ-

362 5764 369 5770 .
450 5728 490 5759 ¹¹
531 5725 683 5781 Ρεηι.
726 5742 911 5792 cxxvt,
957 5726 1010 5782 ι.
1126 5726 1169 5759 ’⁸
1202 5724 1409 5783 Hahae.
1441 5744 1526 5788 ιιι.
1563 5728 1648 5783 ll.

376 5800 418 5831 "
454 5798 626 5855 llebr.
659 5814 735 5868 tv,
766 5798 852 5852 12.
932 5799 977 5832 ³⁸
1002 5796 1191 5853 Matth.
1232 5814 1282 5867 v,
1328 5798 1413 5854 15.

1754 5728 1800 5763 ⁸³
1834 5727 1878 5782 ιι
1909 5726 2150 5783 Timollt.
2182 5741 2240 5792 tt,
2275 5726 2361 5782 15.

2092 4649 2310 4707 emissae
2336 4663 2556 4703 rursum
2587 4661 2684 4702 eos
2729 4651 3009 4712 comparat
3039 4658 3057 4709 ;
3088 4641 3257 4707 addit,
3296 4653 3582 4695 cursuram
3631 4646 3694 4691 ut

2094 4739 2305 4813 fulgur,
2352 4739 2755 4796 illuminantem
2785 4734 3067 4799 videlicet,
3122 4742 3179 4788 et
3227 4731 3471 4787 omnium
3515 4729 3692 4785 oculis

2094 4833 2233 4890 citra
2284 4832 2474 4888 nixum
2531 4828 2891 4886 allabcntem.
2961 4825 3269 4881 Evaserunt
3314 4833 3494 4877 autem
3555 4823 3690 4878 adeo

2099 4923 2235 4982 clari
2265 4939 2330 4980 ac
2353 4921 2652 4993 fulgentes,
2694 4930 2808 4976 tum
2835 4917 3008 4974 divini
3034 4916 3307 4987 discipuli,
3339 4926 3451 4970 tum
3487 4924 3694 4986 praeco-

2096 5034 2195 5076 nes
2222 5015 2499 5085 Evangelii
2547 5011 2876 5080 Salvatoris,
2905 5019 2963 5065 et
2998 5009 3091 5080 qui
3122 5005 3404 5063 eos’srcuti
3442 5014 3569 5061 sunt
3601 5019 3697 5074 po-

2094 5107 2345 5180 pulorum
2380 5114 2623 5162 rectores
2653 5111 2708 5159 et
2738 5100 3000 5172 praesides
3032 5095 3429 5158 Ecclesiarum,
3471 5104 3531 5147 ut
3577 5091 3695 5146 cla-

2096 5200 2392 5256 ritudinem
2423 5197 2644 5252 virtutis
2686 5208 2877 5250 eorum
2921 5205 3084 5249 nemo
3113 5185 3470 5259 ignoraverit.
3515 5183 3695 5253 Atque

2096 5295 2200 5352 hoc
2227 5294 2399 5364 ipsum
2432 5289 2749 5362 signiﬁcans
2769 5287 2954 5343 aiebat
2991 5283 3249 5339 Salvator
3289 5297 3304 5336 :
3346 5296 3366 5329 ι
3408 5276 3577 5330 Nemo
3603 5264 3698 5329 acJ

2094 5388 2280 5444 ceudit
2304 5386 2614 5451 lucernam,
2656 5393 2709 5439 et
2744 5380 2900 5451 ponit
2941 5392 3062 5433 eam
3090 5375 3193 5430 sub
3222 5369 3426 5429 modio.
3457 5376 3554 5421 aut
3593 5364 3694 5419 sub

2093 5478 2271 5547 lecto,
2309 5478 2407 5534 sed
2446 5490 2612 5548 super
2647 5470 3060 5533 candelabrum,
3111 5473 3167 5518 ut
3209 5456 3576 5530 ingredientes
3610 5453 3694 5509 lu-

2096 5587 2218 5627 men
2256 5569 2561 5626 videant“.
2597 5586 2616 5621 ι
2659 5567 2724 5623 Et
2754 5565 2973 5619 iterum:
3011 5578 3027 5612 t
3065 5556 3158 5612 Sic
3188 5549 3486 5610 luceatqu
3510 5557 3691 5605 vestra

2474 5723 2517 5757 ”
2548 5716 2744 5794 Ephes.
2783 5736 2857 5785 γι,
2890 5717 2977 5774 14.
3068 5713 3114 5747 ¹⁵
3139 5710 3271 5769 ibid.
3309 5707 3394 5764 17.
3490 5700 3687 5759 “ibid-

452 5957 532 6031 (1)
575 5955 718 6031 Lege
744 5957 1014 6026 πίπτοιεν,
1049 5959 1265 6014 cadant.
1301 5956 1583 6014 COTELEI.
1620 5953 1859 6012 Monum.
1899 5952 1987 6011 En

2092 5950 2160 6009 Gr
2213 5949 2300 6021 ιιι,
2338 5947 2463 6006 562.
