4130 6484
506 387 612 448 155

1501 395 1558 452 S.
1599 397 1880 457 CYRILLI
1916 404 2384 464 ALEXANDRINI
2424 409 2743 468 ARCIIIEP.

3677 424 3778 482 I56

504 519 689 560 coram
722 505 1058 576 hominibus,
1081 516 1142 566 ut
1167 509 1384 568 videant
1405 527 1570 584 opera
1605 530 1787 575 vestra
1821 522 1984 591 bona,
2026 541 2056 584 ε

2183 545 2330 582 πωσι
2379 529 2440 583 τὸ
2483 531 2620 599 φῶς.
2660 551 2680 585 ι
2733 533 2844 586 Καὶ
2876 533 3037 589 πάλιν
3069 535 3332 607 ἑτέρωθι·
3375 557 3394 590 ι
3446 538 3604 594 Οὕτω
3635 541 3777 612 λαμ-

502 595 798 666 gloriﬁceut
825 596 1040 656 Patrem
1068 609 1308 658 vestrum
1346 605 1437 675 qui
1466 608 1518 661 in
1546 609 1699 668 etelis
1732 622 1816 669 est
1852 617 1916 670 ".
1951 636 1969 669 ι

577 856 738 931 742
756 859 917 918 Vsus.
937 863 1027 930 15,
1056 863 1140 921 16.
1169 866 1236 922 Et
1257 868 1510 928 Dominus
1531 878 1858 948 omnipotens
1877 884 1932 938 in
1955 888 2080 943 tuba

500 946 742 1018 clanget;
786 962 836 1004 et
887 953 979 1006 ibit
1026 957 1081 1008 in
1129 963 1476 1017 commotione
1521 946 1784 1022 minarum
1836 988 2077 1029 suarum.

499 1031 758 1091 Dominus
788 1041 1114 1110 omnipotens
1158 1049 1382 1117 protegit
1406 1067 1517 1113 eos,
1546 1064 1595 1106 et
1634 1069 1942 1114 consument
1967 1078 2075 1129 eos,

498 1132 546 1174 st
595 1123 819 1180 obruent
881 1145 967 1183 eos
1003 1133 1058 1185 in
1087 1132 1350 1201 lapidibus
1381 1139 1583 1209 fundat,
1617 1155 1669 1198 et
1708 1148 1908 1204 ebibent
1948 1123 2077 1206 san;

495 1213 704 1279 guinem
745 1233 927 1273 eorum
973 1224 1107 1277 sicut
1144 1227 1340 1294 uinum,
1367 1239 1418 1284 et
1454 1233 1740 1301 implebunt
1780 1252 1833 1294 ut
1863 1243 2075 1310 phialas

495 1303 685 1360 altare.
717 1307 786 1360 Et
813 1313 1034 1368 saloobit
1062 1332 1148 1371 eos
1183 1317 1442 1378 Dominus
1469 1325 1522 1378 in
1551 1327 1636 1382 die
1671 1329 1764 1384 illa
1795 1333 1929 1388 sicut
1957 1353 2076 1392 oves

493 1396 743 1464 populum
767 1417 946 1460 suum.

563 1571 747 1633 LXIII.
785 1579 1218 1645 Commilitonem
1276 1601 1331 1647 et
1373 1610 1651 1654 armorum
1709 1602 1914 1658 socium
1948 1647 1963 1671 ,
2017 1614 2075 1662 ut

494 1663 630 1730 dixi,
655 1668 821 1726 claris
847 1675 1029 1732 verbis
1055 1679 1184 1748 ipsis
1211 1683 1452 1754 adjungit
1471 1689 1851 1747 universorum
1877 1663 2069 1763 Deum,

500 1757 634 1810 adeo
670 1759 1021 1830 inSIruclum,
1047 1777 1102 1822 et
1132 1770 1291 1825 simul
1325 1783 1535 1832 certare
1562 1783 1836 1848 cupidum,
1875 1795 1931 1839 ιιι
1956 1786 2068 1853 jam

498 1845 772 1905 hostiliter
823 1853 1101 1924 ingruere,
1143 1860 1252 1916 imo
1287 1865 1476 1933 pedem
1505 1845 1774 1940 conferre,
1806 1885 1857 1928 et
1909 1877 2068 1945 quid-
2103 1845 2208 1962 BI;

498 1927 620 1962 -..':.t
668 1939 715 1962 ε--
765 1956 816 1962 -_
855 1952 925 1962 η.
967 1948 1012 1962 ,.
1051 1949 1062 1960 .
1197 1952 1209 1962 .
1291 1955 1302 1962 .

492 1927 622 2002 quid
665 1939 718 1992 in
762 1956 822 1997 se
847 1952 929 1998 est
965 1948 1156 2004 virium
1195 1952 1247 2005 in
1290 1955 1491 2019 hostes.
1523 1962 1657 2014 etin
1697 1963 1934 2030 ipsorum
1977 1984 2067 2022 ro-

493 2027 596 2081 bur
645 2028 926 2091 effundere
977 2040 1249 2098 videatur.
1294 2043 1620 2106 Rectissime
1666 2069 1828 2124 porro
1872 2059 2065 2130 inquit,

488 2116 688 2176 bellum
731 2124 1000 2184 facturum
1037 2147 1139 2186 non
1174 2135 1239 2191 iis
1267 2139 1357 2207 qui
1383 2154 1478 2208 per
1511 2116 1680 2199 ﬁdem
1702 2148 1768 2201 ad
1804 2116 2066 2216 jusliiica:

490 2209 690 2266 tionem
751 2223 1011 2287 tanquam
1057 2240 1255 2295 sagena
1311 2234 1454 2301 capti
1509 2245 1676 2292 sunt:
1735 2209 1830 2294 sed
1871 2241 2068 2301 divinae

485 2304 862 2368 prmdirationi
894 2312 1186 2372 infeliciter
1204 2319 1590 2391 obnitentibus,
1620 2344 1756 2398 quos
1787 2341 1841 2386 et
1867 2332 2068 2391 Paulus

485 2575 654 2632 (lauet
694 2570 876 2650 igitur,
930 2589 1127 2658 inquit,
1184 2595 1308 2649 tuba
1368 2598 1646 2657 Dominus.
1703 2602 1939 2665 Locutus
1982 2621 2065 2667 est

484 2664 628 2724 enim
685 2673 942 2733 Dominus
992 2684 1430 2748 praedicationem
1494 2696 1896 2767 evangelicam,
1933 2719 2056 2772 quae

484 2775 676 2816 omnes
724 2772 898 2822 terras
955 2776 1217 2839 pervasit,
1265 2781 1482 2848 quando
1542 2788 1714 2842 audiri
1768 2799 1945 2859 potest
1996 2796 2064 2852 ab

481 2850 736 2906 omnibus
778 2860 1096 2927 mysterium
1125 2877 1139 2915 :
1179 2877 1299 2920 erat
1326 2869 1470 2924 enim
1499 2875 1644 2928 tenui
1678 2891 1830 2946 voce,
1859 2890 1914 2935 et
1959 2883 2064 2937 liu-

481 2953 583 3006 gua
631 2941 816 2999 tardus
857 2945 1056 3012 Moses,
1087 2967 1258 3021 quare
1307 2960 1468 3014 etiam
1502 2962 1589 3016 vix
1633 2980 1728 3032 per
1761 2969 1930 3025 solam
1967 2973 2064 3027 Ju-

482 3029 652 3086 dmam
691 3039 1086 3097 exaudiebatur
1107 3045 1174 3102 ²⁰.
1202 3049 1269 3103 At
1293 3066 1474 3108 sermo
1500 3055 1567 3110 de
1595 3029 1815 3115 Christo
1862 3065 2062 3122 talibus

481 3123 726 3180 terminis
772 3142 1110 3202 nequaquam
1163 3141 1492 3200 continetur.
1547 3146 1680 3203 Nam
1726 3161 1784 3207 ut
1831 3153 2059 3213 buccina

478 3405 737 3460 suarum,
767 3418 786 3451 ι
818 3410 872 3455 et
898 3407 976 3460 sic
1008 3418 1253 3480 proteget
1281 3417 1542 3474 satellites
1588 3438 1739 3491 suos,
1771 3437 1829 3480 ut
1861 3429 2059 3486 adver-

475 3484 606 3537 sarii
657 3494 808 3557 quasi
857 3496 925 3549 ab
965 3497 1086 3568 igne
1135 3517 1550 3576 consumantur,
1596 3523 1651 3567 et
1700 3524 1908 3573 tantum
1947 3536 2054 3576 non

471 3767 580 3822 est,
637 3762 802 3819 veluti
852 3771 1101 3838 quaedam
1151 3774 1344 3832 belluas
1383 3780 1706 3854 iusilieutes,
1751 3789 1910 3848 facile
1965 3812 2055 3851 su-

474 3855 740 3922 perabunt
795 3867 848 3913 et
875 3863 1126 3919 occident
1150 3880 1266 3921 eos.
1311 3870 1391 3925 Ad
1429 3874 1542 3929 haec
1582 3877 1815 3938 oﬂ‘erent
1844 3886 2055 3954 phialas

471 3945 736 4012 sanguine
770 3953 1208 4008 occumbentium
1246 3957 1453 4028 plenas,
1499 3973 1557 4018 ut
1598 3967 1912 4030 libationem
1953 3979 2052 4034 ali-

469 4046 633 4101 quam
679 4036 746 4090 ad
790 4040 984 4096 altare.
1025 4043 1122 4099 Est
1143 4049 1288 4118 enim
1321 4055 1504 4110 suavis
1541 4056 1676 4112 odor
1705 4061 1834 4129 Deo,
1875 4075 1929 4121 et
1966 4085 2052 4125 ac-

468 4127 739 4193 ceptabile
761 4132 1111 4203 sacriﬁcium,
1141 4153 1387 4200 errantes
1419 4147 1617 4205 salvari
1648 4155 2049 4222 prohibentium

470 4216 746 4274 interitus.
797 4220 853 4276 Si
889 4227 1033 4280 enim
1082 4230 1460 4292 interfectores
1497 4255 1788 4311 corporum
1836 4250 2052 4308 miseri-

466 4397 730 4454 multandi
779 4415 926 4470 sunt,
962 4407 1088 4475 quid
1135 4411 1201 4464 de
1245 4397 1657 4485 corruptoribus
1685 4435 1739 4481 ct
1772 4397 2049 4499 jugulati);

466 4488 619 4546 ribus
645 4494 952 4551 animarum
987 4499 1271 4557 dicemus?

533 4667 732 4734 Quales
778 4672 962 4728 haberi
1008 4691 1227 4748 quoque
1271 4695 1497 4752 possunt
1545 4700 1865 4759 praestantes
1901 4697 2047 4762 inter

461 4756 704 4826 Grmcos,
729 4772 780 4816 et
830 4766 1120 4823 mundana:
1160 4774 1443 4842 sapientiae
1473 4779 1703 4848 gloriam
1736 4792 2042 4859 consecuti,

462 4848 662 4917 quibus
697 4851 893 4907 crebro
921 4855 973 4910 in
1025 4871 1124 4914 ore
1150 4871 1278 4917 sunt
1323 4863 1397 4920 dii
1444 4869 1689 4940 demque,
1735 4886 1790 4929 et
1839 4882 1930 4948 qui
1973 4848 2040 4938 ad

459 4948 768 4995 creaturam
800 4946 969 5016 magis
1002 4962 1164 5018 quam
1195 4955 1262 5007 ad
1308 4957 1467 5030 743
1493 4959 1807 5022 Creatorem
1858 4946 2042 5030 colen-

459 5028 587 5083 dum
631 5031 946 5103 sollicitant,
990 5049 1045 5094 ct
1089 5043 1314 5102 cuilibet
1342 5028 1615 5110 elemento
1656 5055 1767 5112 Deo
1801 5063 2040 5123 debitum

463 5117 726 5176 honorem
775 5139 1120 5186 consecrant.
1163 5135 1327 5205 Atqui
1380 5143 1663 5211 mundum,
1706 5163 1814 5206 non
1863 5155 2037 5212 solum

459 5212 694 5278 quandiu
728 5214 829 5286 ipsi
857 5219 1128 5289 vivebant,
1172 5231 1268 5282 sed
1303 5231 1469 5287 etiam
1505 5235 1572 5290 ad
1625 5245 1871 5310 tempora
1906 5261 2039 5302 con-

458 5307 738 5373 sequentia
783 5310 1140 5372 seduxerunt.
1189 5318 1352 5376 Multa
1386 5326 1528 5381 enim
1587 5307 1755 5388 millia
1806 5335 2041 5394 diversis

462 5396 712 5455 :etatibus
756 5401 969 5460 illorum
1013 5412 1314 5469 mendaciis
1361 5423 1649 5485 persuasi,
1723 5435 1779 5479 et
1826 5425 2040 5496 frigidis

460 5493 625 5554 atque
650 5491 883 5550 anilibus
916 5495 1126 5556 fabellis
1157 5506 1529 5565 auscultantes
1550 5514 1851 5582 perierunt.
1887 5518 2032 5574 Sub-

461 5576 558 5633 lati
595 5592 722 5636 sunt
781 5585 965 5657 itaque
995 5605 1026 5646 e
1052 5594 1226 5650 metlio
1280 5598 1334 5652 in
1379 5613 1656 5670 posterum
1698 5606 1855 5662 tales.
1893 5608 2037 5664 Eva-

535 5753 580 5788 "
601 5753 793 5814 Matth.
818 5776 845 5812 ν
905 5764 986 5820 I6.
1071 5771 1131 5811 ’⁸⁸
1159 5769 1178 5827 I
1208 5772 1334 5828 Cor.
1365 5790 1474 5842 xu,
1510 5777 1560 5831 9.
1643 5779 1686 5810 '°
1712 5779 1881 5838 Exod.
1921 5799 1991 5856 tv,
2022 5787 2106 5843 10.

2186 618 2345 688 ψάτω
2373 619 2432 673 τὸ
2460 621 2575 690 φῶς
2617 623 2771 693 ὑμῶν
2796 625 3108 697 ἔμπροσθεν
3143 627 3252 680 τῶν
3280 628 3604 701 ἀνθρώπων,
3629 633 3779 697 ὅπως

2187 705 2338 761 ἴδωσι
2366 709 2436 763 τά
2466 712 2607 765 καλὰ
2641 714 2796 784 ὑμῶν
2823 715 2978 786 ἔργα,
3008 719 3102 772 καὶ
3134 718 3401 786 δοξάσωσι
3430 721 3522 777 τὸν
3555 722 3776 795 Πατέρα

2186 799 2338 869 ὑμῶν
2369 802 2460 854 τὸν
2506 805 2564 857 ἐν
2591 807 2702 869 τοῖς
2735 807 3008 876 οὐρανοῖς.
3051 828 3070 861 ι

2251 892 2362 946 Καί
2399 895 2616 963 Κύριος
2638 897 3062 967 παντοκράτωρ
3095 902 3166 955 ἐν
3190 901 3481 974 σάλπιγγι
3504 905 3772 974 σαλπιετ,

2181 982 2280 1033 καὶ
2308 986 2662 1052 πορεύσεται
2697 988 2769 1041 ἐν
2805 989 2978 1056 σάλῳ
3007 992 3268 1062 ἀπειλῆς
3311 995 3522 1050 αὐτοῦ.
3559 998 3777 1064 Κύριος

2181 1076 2602 1144 παντοκράτωρ
2632 1081 2992 1148 ὐπερασπιεῐ
3043 1083 3263 1151 αὐτῶν,
3295 1085 3396 1140 καὶ
3428 1087 3776 1142 καταναλώ-

2179 1178 2406 1218 σουσιν
2433 1168 2674 1234 αὐτοὺς,
2705 1170 2805 1224 καί
2832 1173 3258 1242 καταχώσουσι
3287 1179 3566 1246 ἐνλίθοις
3591 1195 3778 1248 σφεν-

2179 1251 2385 1322 δόνης,
2432 1258 2529 1310 καὶ
2578 1259 2890 1316 ἐκπίονται
2940 1264 3006 1317 τὸ
3040 1260 3187 1334 αἷμα
3227 1266 3426 1320 αὐτῶν
3456 1268 3537 1334 ὡς
3580 1269 3772 1332 οἶνον,

2177 1344 2278 1396 καί
2340 1346 2652 1414 πλήσουσι
2709 1349 2791 1418 ὡξ·
2852 1353 3076 1422 φιάλας
3137 1357 3593 1426 θυσιαστήριον.
3661 1359 3772 1412 Καὶ

2177 1434 2361 1489 σώσει
2402 1441 2625 1508 αὐτοὺς
2671 1445 2888 1513 Κύριος
2939 1446 3011 1500 ἐν
3073 1447 3149 1518 τῇ
3200 1447 3391 1518 ἡμέρᾳ
3436 1449 3638 1520 ἐκείνῃ
3691 1450 3779 1516 ὡς

2176 1528 2442 1593 πρόϐατα
2476 1530 2633 1584 λαὸν
2664 1535 2876 1590 αὐτοῦ.

2242 1635 2360 1693 ΞΓν.
2401 1641 2804 1715 Συνασπιστὴν,
2837 1645 2914 1710 ὡς
2959 1645 3118 1719 ἔφην,
3170 1650 3264 1704 καὶ
3298 1651 3560 1705 σύνοπλον
3586 1652 3770 1716 αὐτοῖς

2176 1729 2506 1801 παρίστησιν
2537 1734 2788 1805 ἐναργῶς
2809 1739 2836 1788 6
2856 1736 3036 1806 λόγος,
3058 1738 3149 1791 τὸν
3172 1739 3282 1792 τῶν
3319 1741 3456 1795 ὅλων
3481 1741 3636 1809 Θεὸν,
3661 1760 3768 1796 πα-

2176 1822 2575 1891 ραταττόμενον
2614 1825 2777 1890 οὕτω,
2802 1829 2900 1881 καὶ
2937 1829 3220 1885 συναθλεῖν
3242 1833 3538 1904 ᾑρημένον,
3562 1835 3636 1898 ὡς
3662 1836 3764 1906 ήδη

2211 1913 2360 1964 οκεῖν
2408 1912 2503 1965 καὶ
2540 1913 2877 1986 ἐξηρτῆσθαι
2928 1918 3260 1991 πολεμικῶς,
3293 1924 3388 1976 καὶ
3432 1919 3544 1978 οἷον
3568 1928 3768 1996 χωρεῖν

2173 2000 2395 2070 μᾶλλον,
2451 2005 2547 2057 καὶ
2606 2008 2673 2077 τῇ
2706 2010 2827 2060 κατ’
2865 2009 3079 2081 ἐχθρῶν
3101 2011 3198 2085 ὅλῃ
3241 2014 3483 2085 χρῆσθαι
3514 2016 3763 2087 δυνάμει,

2172 2087 2267 2141 καὶ
2301 2091 2401 2160 τῆς
2444 2093 2670 2164 ἐνούσης
2717 2097 3032 2166 εὐσθενείας
3083 2103 3292 2166 αὐτοῖς.
3341 2106 3767 2177 Καταστρατεύ-

2170 2178 2324 2232 εσθαί
2354 2199 2418 2250 γε
2449 2183 2557 2255 μὴν
2592 2181 2652 2240 εὖ
2689 2187 2834 2258 μάλα
2881 2194 3068 2261 φησιν,
3099 2194 3222 2264 οὐχὶ
3253 2195 3361 2248 τῶν
3393 2196 3480 2250 διὰ
3524 2199 3765 2263 πίστεως

2169 2271 2249 2332 είς
2279 2270 2562 2328 δικαίωσιν
2593 2279 3066 2350 σαγηνευομένων,
3095 2283 3233 2337 ἀλλὰ
3265 2284 3376 2339 τῶν
3415 2286 3616 2350 ἀθλίως
3640 2289 3764 2342 ἀνθ·

2168 2363 2478 2432 εστηκότων
2523 2366 2603 2436 τῷ
2646 2367 2775 2437 θείῳ
2815 2370 3154 2442 κηρύγματι,
3204 2373 3299 2439 οὓς
3339 2376 3436 2430 καὶ
3473 2377 3502 2430 6
3545 2379 3760 2443 Παῦλος

2050 2468 2066 2492 ν
2169 2456 2537 2527 κατεσήμηνε,
2587 2459 2798 2528 λέγων’
2847 2484 2865 2515 ι
2926 2465 3080 2536 Θῦρα
3120 2467 3229 2539 γάρ
3271 2485 3362 2539 μοι
3411 2469 3620 2546 άνέῳχε
3665 2487 3764 2541 με·-

2167 2541 2306 2612 γάλη
2337 2547 2431 2598 καὶ
2460 2549 2718 2621 ἐναργὴς,
2747 2553 2840 2605 καὶ
2868 2557 2918 2607 οἱ
2946 2556 3313 2626 ἀντικείμενοι
3341 2558 3542 2614 πολλοί.
3635 2561 3764 2615 Σαλ-

2167 2637 2286 2687 πιεῖ
2315 2637 2495 2691 τοίνυν
2521 2641 2548 2692 6
2577 2641 2802 2714 Κύριος,
2840 2646 3024 2716 φησιν,
3060 2651 3120 2702 ἐν
3154 2639 3443 2720 σάλπιγγι.
3473 2652 3757 2722 Λελάληκε

2165 2723 2278 2795 γὰρ
2304 2728 2331 2779 6
2367 2728 2574 2800 Κύριος
2607 2732 2667 2785 τὸ
2692 2736 2954 2806 κήρυγμα
2980 2738 3040 2792 τὸ
3068 2741 3444 2809 εὐαγγελικὸν,
3471 2747 3553 2807 είς
3579 2747 3759 2800 πᾶσαν

2164 2813 2378 2884 διᾴττον
2409 2818 2508 2889 τὴν
2530 2820 2620 2873 ὑπ’
2636 2823 2886 2892 οὐρανὸν,
2906 2826 3234 2892 ἐξάκουστον
3251 2833 3360 2904 γάρ
3383 2835 3496 2892 τοῖς
3515 2835 3757 2888 ἅπαντα⁹

2165 2903 2260 2972 χοῦ
2290 2905 2352 2958 τὸ
2374 2911 2671 2983 μυστήριον
2691 2931 2704 2946 ·
2725 2910 2793 2996 ἦν
2828 2918 2928 2987 μὲν
2945 2921 3054 2992 γὰρ
3073 2903 3418 2992 ἰσχνόφωνος,
3438 2927 3531 2981 καὶ
3559 2927 3757 2998 βραδύ-

2164 2995 2408 3064 γλωσσος
2439 3003 2468 3054 6
2499 2994 3029 3083 Μωσῆς,’τοιγάρτοι
3050 3013 3144 3066 καὶ
3175 3015 3332 3084 μόλις
3367 2994 3755 3086 ἠκούετο-κατὰ

2167 3087 2334 3159 μόνην
2349 3092 2448 3162 τὴν
2479 3093 2756 3165 Ἰουδαίαν.
2785 3099 3023 3157 Ἥκιστά
3041 3120 3104 3172 γε
3123 3108 3231 3177 μὴν
3247 3108 3304 3159 ἐν
3325 3108 3535 3171 τούτοις
3558 3110 3705 3163 ἐστὶν
3725 3112 3758 3166 6

2166 3180 2290 3248 περὶ
2314 3180 2552 3250 Χριστοῦ
2588 3185 2764 3254 λόγος.
2813 3190 3236 3264 Ἀναπεφώνηκε
3263 3195 3372 3266 γάρ
3399 3193 3488 3250 οἷά
3514 3214 3598 3260 τις
3628 3198 3755 3252 σάλ-

2043 3266 2056 3302 3
2089 3265 2129 3282 ν
2164 3269 2293 3336 πιγξ
2335 3265 2609 3344 λαμπρὰ,
2636 3277 2731 3329 καὶ⁴
2779 3279 3143 3354 εὐηχεστάτη,
3189 3286 3285 3338 καὶ
3334 3265 3455 3350 ταῖς
3496 3288 3753 3342 ἁπάντων

2161 3358 2351 3423 ἀκοαῖς
2388 3363 2528 3445 ἠχὴν
2556 3367 2758 3420 ἐνιεῖσα
2796 3371 2896 3442 τὴν
2931 3373 3272 3444 διαπρύσιον.
3323 3395 3342 3428 ι
3384 3378 3655 3434 Βαδιεῖται
3693 3381 3752 3434 δὲ

2158 3447 2348 3529 ὥσπερ
2397 3453 2456 3507 ἐν
2491 3455 2637 3526 σάλῳ
2663 3459 2892 3532 ἀπειλῆς
2925 3465 3112 3532 αὑτοῦ,
3152 3485 3170 3517 ι
3215 3469 3308 3521 καὶ
3329 3469 3752 3540 ὑπερασπιεῖται

2157 3539 2300 3594 οὕτω
2321 3545 2427 3598 τῶν
2461 3547 2656 3603 ἑαυτοῦ
2674 3551 3007 3626 δορυφόρων,
3024 3558 3100 3622 ὡς
3113 3553 3224 3614 οἷον
3241 3562 3345 3616 ὑπὸ
3370 3539 3538 3632 πυρὸς
3567 3563 3748 3617 δαπα-

2158 3631 2351 3686 νᾶσθαι
2377 3636 2502 3699 τοὺς
2533 3639 2983 3714 ἀνθισταμένους,
3004 3649 3162 3717 μόνον
3185 3650 3238 3704 δὲ
3257 3651 3377 3721 οὐχὶ
3407 3631 3502 3706 καὶ
3531 3653 3751 3724 σφενδό-

2157 3733 2254 3788 νης
2287 3719 2456 3786 λίθοις
2501 3726 2700 3791 αὐτοὺς
2736 3733 3112 3803 καταχώσουσι
3152 3739 3547 3806 καταπαίοντες
3577 3759 3752 3812 γεννι-

2157 3809 2288 3873 κῶς.
2323 3813 2635 3872 Ἐκπίονται
2665 3821 2722 3872 δὲ
2750 3823 2842 3876 καὶ
2866 3824 2926 3877 τὸ
2948 3820 3094 3896 αἷμα
3125 3831 3328 3898 αὐτῶν,
3346 3833 3623 3887 τουτέστιν
3655 3830 3746 3887 οἷά

2154 3913 2300 3964 τινες
2330 3901 2496 3975 θῆρες
2537 3907 2972 3979 ἐπιθρώσκοντες
3017 3917 3361 3986 περιέσονται
3393 3922 3611 3992 ῥᾳδίως,
3648 3925 3747 3976 καὶ

2154 3993 2381 4062 νεκροὺς
2417 3995 2778 4066 ἀποφανοῦσι.
2826 4005 3232 4076 Προσκομιοῦσι
3271 4011 3329 4065 δὲ
3368 4012 3446 4082 τῷ
3482 4013 3593 4066 τῶν
3644 4032 3747 4095 πε·-

2154 4084 2451 4141 πτωκότων
2500 4090 2695 4161 αἵματι
2744 4095 2945 4163 φιάλας
2992 4099 3447 4174 πεπληρωμένας,
3493 4089 3746 4179 καθάπερ

2152 4175 2272 4228 τινὰ
2291 4178 2521 4251 σπονδὴν
2537 4183 2630 4237 ἐπὶ
2647 4183 2709 4237 τὸ
2733 4183 3138 4262 θυσιαστήριον.
3162 4194 3372 4249 Εὺωδία
3388 4197 3582 4271 γάρτῷ
3598 4175 3742 4271 Θεῷ,

2153 4267 2247 4319 καὶ
2285 4268 2447 4323 Θυσία
2482 4271 2646 4347 δεκτὴ
2680 4277 2786 4331 τῶν
2808 4281 2906 4334 οὐκ
2936 4283 3150 4339 ἐώντων
3182 4287 3450 4352 σώζεσθαι
3479 4293 3603 4355 τοὺς
3640 4310 3742 4346 πε-

2153 4353 2535 4425 πλανημένους
2573 4363 2600 4414 ὁ
2622 4361 2870 4430 Θάνατος.
2905 4370 2968 4424 El
3015 4373 3126 4444 γὰρ
3169 4375 3279 4430 τῶν
3313 4353 3596 4448 σωμάτων
3615 4383 3742 4446 τοὺς

2153 4446 2420 4512 φονευτὰς
2444 4450 2544 4504 οὐκ
2566 4451 2715 4519 ἄξιον
2744 4456 3034 4528 ἐλεεῖσθαι,
3063 4446 3432 4540 ὑποφέρεσθαι
3465 4471 3520 4524 δὲ
3539 4473 3740 4542 μᾶλλον

2078 4559 2124 4614 D
2153 4536 2274 4597 ταῖς
2329 4535 2529 4608 δίκαις,
2574 4543 2644 4597 τὰ
2678 4545 2766 4599 ἴσα
2804 4535 3191 4619 παθόντας,⁹τί
3217 4535 3283 4613 άν
3311 4578 3392 4623 τις
3431 4535 3577 4630 λέγοι
3609 4565 3740 4634 περὶ

2148 4625 2258 4678 τῶν
2289 4628 2338 4681 οἳ
2371 4629 2559 4702 ψυχῶν
2594 4636 2852 4710 ὀλετῆρες
2878 4645 3134 4713 γεγόνασι
3169 4650 3261 4703 καὶ⁵
3293 4625 3544 4723 φθορεῖς.

2216 4712 2340 4771 Εἶεν
2367 4719 2411 4770 δ’
2445 4721 2512 4774 ἂν
2543 4719 2688 4780 οῦτοι
2737 4730 2900 4785 πάλιν
2938 4712 2986 4788 οἱ
3043 4737 3309 4811 Ἐλλήνων
3354 4742 3599 4812 λογάδες,
3643 4750 3737 4802 καὶ

2141 4805 2242 4876 τῆς
2274 4810 2330 4862 ἐν
2357 4813 2551 4886 κόσμῳ
2584 4819 2778 4887 σοφίας
2810 4824 3048 4895 ἡμμένοι
3094 4805 3199 4901 τὴν.
3233 4833 3411 4898 δόξαν,
3428 4805 3489 4889 ὀί
3531 4805 3642 4892 ἄνω
3674 4858 3735 4893 τε

2144 4899 2238 4951 καὶ
2270 4902 2422 4956 κάτω
2457 4905 2613 4970 Θεοὺς
2636 4910 2732 4962 καὶ
2766 4912 2894 4978 θεάς
2926 4899 3304 4989 ὀνομάζοντες,
3341 4928 3434 4978 καὶ
3459 4929 3523 4998 τῇ
3557 4931 3734 4985 κτίσει

2142 4991 2294 5062 παρὰ
2344 4994 2434 5047 τὸν
2498 5001 2730 5072 ποιητὴν
2785 5005 3176 5077 ἀναπείθοντες
3223 5022 3584 5088 προσκυνεῖν,
3637 5025 3734 5077 καὶ

2140 5079 2355 5152 ἑκάστῳ
2380 5083 2490 5137 τῶν
2517 5092 2796 5161 στοιχείων
2827 5097 2925 5167 τὴν
2953 5100 3073 5171 Θεῷ
3105 5104 3421 5175 πρέπουσαν
3450 5111 3732 5166 ἀνατιθέν-

2139 5184 2230 5230 τες
2255 5169 2431 5238 δόξαν,
2468 5177 2642 5232 καίτοι
2669 5183 3050 5256 πεπλανήκασι
3080 5193 3180 5261 τὴν
3219 5194 3310 5246 ὑπ’
3339 5195 3586 5269 οὐρανὸν,
3635 5205 3731 5255 καὶ

2140 5259 2259 5330 οὐχὶ
2303 5261 2367 5332 δὴ
2419 5265 2580 5334 μόνον
2625 5273 2768 5327 κατά
2796 5291 2859 5344 γε
2897 5277 2988 5331 τὸν
3041 5259 3232 5352 χρόνον
3271 5285 3372 5357 τῆς
3403 5259 3477 5341 ⁷ἐν
3513 5259 3730 5360 σωματι

2140 5344 2321 5417 ζωῆςο
2364 5352 2500 5407 ἀλλὰ
2548 5358 2642 5410 καὶ
2689 5362 2771 5425 είς
2803 5344 3208 5435 χρόνουςητοὺς
3253 5344 3472 5445 ἐφεξῆς.
3523 5344 3728 5448 Μάριοι

2139 5437 2248 5510 γὰρ
2288 5441 2401 5496 ὅσοι
2446 5448 2584 5502 κατὰ
2625 5455 2852 5526 καιροὺς
2885 5457 3172 5515 διολώλασι
3201 5437 3307 5534 τῆς⁷
3338 5437 3562 5521 ἐκείνων
3594 5437 3725 5540 dieu-

2138 5527 2388 5596 δοεπείας
2419 5537 2744 5610 ἡττώμενοι,
2781 5548 2872 5599 καὶ
2902 5547 3128 5619 ψυχροῖς
3163 5554 3254 5607 καὶ
3297 5555 3568 5626 γραώᾰεσι
3617 5578 3719 5631 μυ-

2140 5616 2346 5688 θαρίοις
2375 5636 2832 5702 προσεσχηκὸτες.
2881 5639 3204 5712 Ἀνῄρηνται
3233 5645 3296 5717 δὴ
3330 5645 3423 5702 οὖν
3449 5653 3500 5704 οἱ
3529 5652 3723 5710 τοιοίδε
