4130 6476
339 429 438 484 157

1167 408 1728 478 (ῖοιιςὶΕΝτΑιιιυε
1768 417 1835 473 IN
1880 418 2290 476 ZACHARIAM
2332 413 2784 473 merueram.

3543 413 3647 469 l58

335 533 546 588 λοιπόν.
575 529 796 601 Οίχεται
831 527 940 598 γὰρ
972 529 1071 598 τῆς
1103 525 1330 579 ἐκείνων
1369 525 1698 596 συγγραφῆς
1725 527 1758 596 ἡ
1790 523 1946 596 βεὸή-
1975 578 1979 587 ,

2068 527 2228 583 ιεεοίι
2281 527 2428 582 enim
2486 527 2818 594 scriptorum
2885 521 3102 577 illorum
3153 522 3387 589 vanitas,
3452 523 3650 578 fabulae

335 627 526 692 λωσις,
556 623 936 696 ἀπρακτοῦσιν
969 622 1018 674 oi
1051 619 1233 690 μῦθοι,
1262 619 1358 673 καὶ
1383 613 1495 672 οἷον
1553 618 1856 673 ἐκπέποται
1884 619 1946 673 τὸ

335 713 480 788 αἷμα
509 715 713 768 αὐτῶν.
743 713 868 776 Τοῖς
896 710 1005 782 γὰρ
1029 712 1129 780 τῆς
1149 709 1407 779 ἀληθείας
1429 709 1666 779 δόγμασι
1691 707 1946 780 καθάπερ

333 814 449 868 τισὶ
477 811 653 871 λίθοις
698 807 813 867 τοῖς
860 805 926 856 ὲκ
970 801 1264 870 σφενδόνης
1298 801 1731 871 καταπαιόμενοι
1773 818 1948 854 κατα-

334 903 662 976 χὼννυνται,
693 896 789 949 καὶ
831 893 1078 962 γέγονεν,
1117 891 1192 954 ὡς
1235 890 1393 961 ἔφην,
1443 890 1641 943 εὐωδία
1681 889 1800 961 Θεῷ
1844 892 1948 961 τῆς

336 995 566 1050 ἐκείνων
596 985 1006 1058 ἀθυροστομίας
1037 985 1071 1054 ἡ
1098 981 1367 1046 ἀπώλεια,
1397 1001 1416 1035 ι
1449 985 1560 1037 Καὶ
1588 983 1798 1037 σέσωκε
1833 983 1947 1037 Κύ-

337 1103 454 1156 ριος
485 1085 564 1146 ὡς
595 1079 849 1150 πρόϐατα
877 1077 969 1130 τὸν
989 1077 1116 1129 λαὸν
1149 1074 1338 1129 αὑτοῦ.
1379 1095 1398 1126 ι
1443 1075 1664 1147 Ἐπειδὴ
1690 1076 1799 1148 γάρ
1830 1078 1948 1130 ἐστι

297 1219 309 1228 .
333 1177 445 1232 τῶν
472 1176 613 1228 ὅλων
642 1171 805 1234 αὐτὸς
829 1168 1081 1241 ποιητὴς,
1098 1167 1228 1231 λαὸς
1261 1167 1429 1220 αὐτοῦ
1456 1166 1699 1236 λέγοιντο
1728 1167 1794 1222 ἂν
1811 1169 1952 1222 είκό-

334 1288 443 1335 τως
472 1268 571 1322 καὶ
609 1269 659 1320 oi
692 1265 864 1318 πάλαι
899 1261 1270 1332 πλανώμενοι,
1292 1261 1386 1326 οὓς
1414 1261 1488 1326 ὡς
1514 1261 1716 1334 ἀγέλην
1739 1262 1950 1334 ἀπελη-

335 1364 585 1433 λαμένην
629 1359 734 1413 ὑπὸ
774 1355 989 1429 λῃστῶν
1029 1356 1270 1408 σέσωκεν
1304 1358 1332 1409 ὁ
1367 1354 1595 1425 Κύριος,
1639 1356 1768 1418 τοὺς
1811 1355 1948 1426 ψευ-

335 1456 674 1527 δοποίμενας
712 1449 982 1512 ἐκϐαλὼν,
1018 1449 1115 1502 καὶ
1161 1448 1267 1501 ὑπὸ
1300 1451 1459 1519 χεῖρα
1493 1447 1663 1511 τιθεὶς
1711 1447 1850 1501 ίδίαν
1890 1448 1952 1502 τὸ

336 1548 687 1622 ἀνθρώπινον
720 1544 898 1616 γένος.
936 1543 1090 1629 Ἔστι
1121 1541 1232 1612 γὰρ
1267 1542 1429 1604 αὐτὸς
1465 1542 1494 1594 ὁ
1548 1541 1755 1613 ποιμὴν
1790 1543 1818 1610 ῥ
1852 1558 1953 1593 κα..

337 1642 450 1704 1a,»,
482 1641 512 1692 ὁ
549 1637 721 1702 τιθεὶς
752 1636 852 1706 τὴν
881 1633 1062 1704 ψυχὴν
1102 1630 1266 1686 αὑτοῦ
1300 1633 1443 1704 ὑπὲρ
1490 1632 1598 1686 τῶν
1631 1632 1947 1704 προϐάτων.

409 1727 570 1781 Διότι
603 1726 761 1780 λίθοι
785 1722 942 1794 ἅγιοι
974 1721 1290 1775 κινλίονται
1322 1721 1419 1775 ἐπὶ
1456 1719 1568 1794 ζίῆς
1595 1721 1708 1792 γῆς
1734 1719 1947 1775 αὐτοῦ.

342 1823 475 1874 Ὀτι
516 1820 574 1873 εἴ
617 1836 673 1872 τι
706 1815 934 1886 ἀγαθὸν
971 1813 1181 1882 αὐτοῦ,
1227 1813 1324 1867 καί
1358 1816 1414 1868 εἷ
1456 1831 1511 1868 τι
1565 1815 1759 1868 καλὸν
1799 1813 1944 1881 παρ’

2054 619 2190 676 nihil
2220 627 2412 689 agunt,
2443 627 2493 674 et
2528 618 2751 686 sanguis
2786 630 2978 670 eorum
3011 614 3414 685 quodammodo
3453 624 3647 684 epotus

2051 721 2156 767 est.
2188 712 2445 766 Veritatis
2467 711 2669 780 quippe
2702 709 2980 777 dogmatis
3009 707 3174 763 veluti
3205 707 3531 778 quibusdam
3570 706 3650 761 la-

2051 804 2266 874 pidibus
2303 819 2334 858 e
2376 803 2541 857 ftinda
2593 802 2836 872 percussi
2885 801 3222 865 obruuntur,
3273 808 3330 855 et
3387 809 3648 870 tanquam

2050 897 2234 953 suavis
2269 897 2404 950 odor
2435 894 2601 948 Deum
2644 891 2847 946 aﬂlavit
2873 892 3142 946 exstincta
3175 907 3364 945 eorum
3402 889 3648 958 loquaci-

2053 998 2134 1044 tas
2166 1007 2179 1044 :
2209 1007 2226 1041 ι
2260 987 2324 1041 Et
2348 986 2582 1042 salvavit
2608 983 2873 1039 Dominus
2903 993 2961 1036 ut
2985 999 3114 1037 oves
3132 965 3597 1052 populum-suum.
3624 996 3670 1038 ι,

2051 1081 2322 1150 Quoniam
2370 1079 2513 1132 enim
2561 1078 2675 1149 ipse
2714 1086 2799 1130 est
2845 1076 3096 1130 conditor
3132 1074 3401 1138 omnium,
3449 1073 3649 1127 merito

2052 1174 2180 1229 item
2234 1172 2463 1242 populus
2507 1168 2624 1238 ejus
2663 1168 2935 1231 dicentur,
2972 1166 3063 1236 qui
3111 1165 3240 1220 olim
3289 1171 3646 1227 erraverunt;

2051 1281 2189 1338 quos
2217 1274 2274 1320 ut
2306 1278 2526 1334 gregem
2559 1277 2588 1316 a
2620 1260 2927 1316 latronibus
2960 1261 3213 1313 abactum
3253 1257 3502 1312 Christus
3531 1247 3645 1310 sali

2053 1355 2220 1419 vavit,
2254 1353 2406 1408 falsis
2451 1350 2764 1423 pastoribus
2802 1349 3014 1420 ejectis,
3057 1357 3112 1402 et
3149 1362 3350 1417 genere
3402 1345 3646 1400 humano

2054 1447 2107 1502 in
2136 1445 2359 1500 tutelam
2398 1460 2553 1500 suam
2599 1452 2843 1513 recepto.
2879 1441 3002 1510 Ipse
3029 1441 3173 1494 enim
3207 1445 3291 1494 est
3331 1447 3518 1508 pastor
3549 1440 3649 1492 bo-

2053 1554 2179 1603 nus,
2204 1538 2294 1608 qui
2327 1537 2480 1607 ponit
2517 1537 2760 1592 animam
2789 1550 2943 1591 suam
2975 1549 3073 1606 pro
3099 1535 3292 1591 ovibus
3322 1533 3537 1589 suis’°‘.

2126 1718 2292 1774 Vens.
2322 1715 2510 1784 16,17.
2557 1714 2702 1781 Quia
2735 1713 2937 1783 lapides
2969 1714 3141 1767 sancti
3173 1716 3456 1766 volvuntur
3488 1726 3646 1778 super

2055 1823 2251 1866 terram
2287 1809 2425 1880 ejus.
2463 1808 2602 1874 Quia
2638 1809 2686 1862 si
2734 1808 2864 1877 quid
2913 1808 3105 1860 bonum
3146 1803 3314 1870 illius,
3343 1815 3391 1856 et
3436 1803 3482 1854 si
3513 1801 3643 1870 quid

339 1911 553 1976 αὑτοῦ,
580 1910 752 1977 σῖτος
781 1909 1149 1972 νεανίσκοις,
1182 1906 1282 1960 καὶ
1314 1907 1480 1974 οἶνος
1503 1904 1833 1966 εὐωδιιίζῖυν
1860 1893 1950 1972 sig:

2068 1921 2247 1958 mnum
2289 1904 2354 1956 ab
2384 1919 2466 1967 eo,
2503 1905 2830 1971 frumentum
2867 1899 3174 1970 juvenibus,
3210 1907 3258 1951 et
3307 1898 3483 1952 uinum
3516 1896 3640 1949 boui

340 2004 532 2074 παρϐἐ
541 2022 711 2070 νους.

410 2092 530 2148 EA’.
572 2093 772 2157 Λίθους
819 2092 919 2164 μὲν
961 2092 1150 2162 ἁγίους
1184 2093 1314 2156 τοὺς
1355 2091 1412 2144 ὲν
1453 2091 1519 2161 τῇ
1563 2090 1634 2159 γῇ
1684 2085 1778 2140 τοῦ
1813 2085 1950 2140 Θεοῦ

341 2186 702 2256 κυλιομένους
737 2185 864 2248 τοὺς
897 2186 954 2240 ἐν
995 2188 1119 2248 ταῖς
1163 2183 1514 2254 Ἐκκλησίαις
1549 2179 1688 2232 κατᾶ
1724 2179 1953 2249 καιροὺς

342 2278 559 2349 ἁγίους,
585 2277 746 2348 οἵπερ
777 2275 842 2331 ἂν
871 2277 1113 2345 γένοιντο
1139 2274 1497 2347 μυσταγωγοὶ
1525 2274 1620 2326 καὶ
1641 2270 1954 2326 διδάσκαλοι

345 2368 776 2441 κατωνομάσθαι
808 2369 1008 2440 φαμέν.
1040 2369 1363 2439 Σύμμορφοι
1394 2366 1502 2440 γὰρ
1538 2365 1796 2434 γεγόνασι
1825 2381 1843 2414 ι
1875 2360 1953 2432 τῷ

344 2463 475 2534 λίθῳ
504 2462 584 2532 τῷ
612 2461 884 2532 ὲκλεκτῷ,
914 2461 1008 2514 καὶ
1033 2457 1437 2531 ἀκρογωνιαίῳ,
1485 2458 1579 2510 καὶ
1613 2455 1837 2526 ἐντίμῳ,
1879 2452 1956 2522 τῷ

347 2558 657 2630 τεθειμένῳ
687 2558 842 2628 παρά
865 2557 962 2610 τοῦ
995 2555 1132 2609 Θεοῦ
1161 2555 1256 2609 καὶ
1281 2553 1495 2624 Πατρὺς
1525 2554 1605 2615 εἰς
1629 2553 1699 2604 τὰ
1730 2549 1958 2621 θεμέλια

349 2651 509 2708 Σιών.
544 2671 564 2704 ›
599 2653 665 2705 Εἰ
689 2651 746 2704 δὲ
770 2649 916 2714 λίθος
949 2651 977 2704 ό
1002 2648 1275 2718 θεμέλιος,
1308 2647 1358 2700 oi
1386 2641 1957 2715 συναρμολογούμενοί

349 2763 407 2800 τε
449 2745 548 2799 καὶ
583 2742 1076 2814 συμϐιϐαζόμενοι,
1115 2740 1211 2794 καὶ
1263 2740 1345 2802 είς
1381 2738 1510 2792 ναὸν
1541 2736 1697 2805 ἆγιον
1735 2734 1959 2788 ἀνιστά-

356 2856 508 2908 μενοι
542 2837 622 2908 τῷ
653 2835 796 2908 Θεῷ,
825 2835 963 2890 λίθοι
992 2835 1087 2888 καὶ
1116 2832 1270 2886 αὐτοὶ
1305 2831 1547 2894 πιθανῶς
1577 2828 1956 2899 ὀνομάζονται.

355 2926 664 2982 Κυλίεσθαί
689 2943 756 2995 γε
789 2925 896 2998 μὴν
919 2925 1118 2987 αὐτοὺς
1142 2918 1200 2977 εὖ
1229 2922 1376 2994 μάλα
1402 2923 1558 2991 φησὶ,
1585 2919 1649 2972 τὸ
1688 2918 1825 2990 πρὸς
1852 2918 1960 2970 πᾶν

351 3020 534 3075 ὁτιοῦν
555 3021 668 3074 τῶν
708 3019 882 3089 ἁγίων
910 3016 1075 3070 οἱονεί
1103 3033 1221 3078 πως
1249 3014 1572 3087 εὔστροφον,
1613 3012 1708 3065 καὶ
1734 3010 1959 3082 γοργὸν,

353 3115 442 3169 διὰ
468 3113 669 3170 τούτου
711 3111 1016 3184 σημαίνων.
1045 3112 1111 3165 Οἱ
1145 3111 1255 3181 γάρ
1287 3126 1368 3162 τοι
1410 3109 1752 3179 περιφερεῖς,
1791 3105 1962 3175 ἤγουν

356 3207 724 3279 σφαιροειδεῖς
744 3204 854 3259 τῶν
886 3203 1071 3270 λίθων,
1095 3202 1256 3257 ὄκνου
1288 3200 1487 3264 παντός
1513 3199 1650 3252 εἰσιν
1677 3197 1958 3268 ἀμείνους,

2055 1995 2232 2048 odoris
2272 1997 2340 2048 ad
2372 1994 2615 2063 virgines.

2132 2087 2318 2146 LXIV.
2363 2087 2596 2156 Lapides
2627 2094 2846 2142 sanctos
2869 2084 2962 2155 qui
3002 2083 3055 2136 in
3093 2091 3234 2136 terra
3268 2081 3386 2151 ejus
3418 2079 3651 2135 volvun-

2061 2193 2186 2249 tur,
2245 2182 2552 2252 quibusque
2603 2179 2938 2248 temporibus
2988 2176 3356 2231 Ecclesiarum
3403 2186 3646 2237 saucios,

2057 2277 2151 2346 qui
2207 2284 2651 2345 mystagogorum
2731 2270 3224 2340 tnagistrorumque
3267 2265 3447 2320 cilicio
3497 2267 3649 2335 fungi

2059 2369 2289 2439 possint,
2346 2367 2656 2418 nominatos
2707 2375 2850 2421 esse.
2913 2359 3268 2415 aﬂirtnamus.
3325 2356 3652 2414 Cenformes

2060 2460 2206 2517 enim
2254 2467 2384 2514 sunt
2431 2474 2450 2507 ι
2496 2455 2657 2526 lapidi
2692 2453 2889 2519 electo,
2938 2461 2993 2507 et
3039 2468 3256 2508 summo
3289 2450 3562 2521 angulari,
3601 2457 3656 2501 et

2060 2553 2326 2626 pretioso,
2386 2549 2567 2620 posito
2619 2562 2648 2602 a
2706 2546 2817 2602 Deo
2881 2555 2938 2600 et
2983 2544 3146 2599 Patre
3201 2545 3253 2598 in
3301 2542 3653 2596 fundamenta

2064 2645 2194 2698 Sion
2221 2643 2289 2696 “.
2335 2660 2354 2694 ι
2393 2640 2547 2708 Quod
2579 2639 2623 2694 si
2657 2637 3076 2692 fundamentum
3117 2633 3278 2702 lapis.
3303 2629 3566 2700 coaptati,
3599 2637 3656 2681 et

2062 2731 2524 2798 coagmentati,et
2553 2729 2605 2782 in
2633 2727 2891 2797 templum
2923 2731 3174 2779 sanctum
3206 2719 3662 2782 Dominoerccti,

2063 2826 2225 2881 etiam
2276 2822 2374 2891 ipsi
2421 2836 2525 2876 non
2574 2821 2758 2888 inepte
2824 2817 3034 2887 lapides
3083 2814 3458 2870 nominantur.
3502 2809 3656 2864 Volvi

2063 2927 2242 2972 autem
2273 2915 2394 2970 illos
2439 2911 2850 2982 appositissime
2881 2909 3040 2974 dicit,
3074 2916 3134 2960 ut
3179 2906 3244 2960 ad
3288 2904 3504 2974 quidvis
3530 2918 3659 2958 san-

2064 3023 2277 3064 ctorum
2307 3005 2606 3078 agilitatem
2655 3003 3105 3070 celeritatemque
3133 2997 3396 3053 declaret.
3422 2994 3660 3064 Lapides

2065 3106 2211 3161 enim
2236 3099 2598 3163 orbiculares,
2652 3111 2748 3151 seu
2785 3094 3026 3157 rotundi,
3063 3092 3205 3147 citra
3238 3089 3402 3144 ullam
3435 3085 3664 3143 diﬂicul-

2071 3207 2237 3252 tatcm
2288 3188 2637 3248 mobilissimi
2683 3197 2832 3251 sunt,
2879 3187 2922 3240 si
2960 3185 3085 3254 quis
3119 3199 3216 3239 eos
3261 3180 3537 3250 impellere
3567 3194 3664 3234 vo-

355 3301 450 3356 καὶ
472 3300 584 3354 τῶν
619 3299 798 3354 ἄλλων
839 3299 922 3360 είς
947 3298 1163 3368 κίνησιν
1191 3294 1552 3365 έτοιμότεροι,
1589 3292 1642 3345 εἴ
1669 3309 1754 3354 τις
1788 3289 1962 3342 ’έλοιτο

2069 3289 2270 3345 luerit:
2309 3287 2389 3342 sic
2417 3285 2636 3339 animus
2667 3292 2980 3337 sanctorum
3026 3278 3093 3332 ad
3146 3276 3328 3330 omnia
3358 3275 3472 3330 Deo
3513 3279 3665 3342 grata

357 3395 532 3448 κινεῖν
552 3408 567 3420 ο
603 3390 889 3460 εὐάγωγος
918 3389 975 3442 δὲ
1010 3388 1131 3442 λίαν
1170 3388 1250 3451 είς
1285 3386 1348 3440 τὸ
1375 3385 1454 3456 τῷ
1488 3384 1607 3454 Θεῴ
1635 3381 1827 3437 δοκοῦν
1852 3380 1962 3435 τῶν

360 3486 532 3556 ἁγίων
581 3487 612 3540 ὁ
659 3483 808 3547 νοῦς.
835 3482 1024 3546 Οὕτως
1067 3476 1160 3535 οῦν
1197 3483 1330 3551 ἡμῖν
1364 3479 1598 3549 ἐχόντων
1637 3469 1747 3529 τῶν
1773 3473 1960 3537 λίθων,

358 3577 564 3649 πρέποι
602 3576 670 3630 ἂν
717 3575 868 3647 ἡμᾶς
913 3572 1220 3627 διακεῖσθαι
1257 3571 1354 3624 καὶ
1393 3569 1701 3640 ἀραρότως.
1749 3566 1870 3619 Ὅτι
1911 3563 1966 3618 εί

357 3668 658 3739 τιάγαθὸν,
682 3665 871 3731 αὐτοῦ,
902 3665 996 3718 καὶ
1025 3662 1078 3717 εί
1111 3681 1165 3716 τι
1214 3662 1401 3725 καλὸν,
1435 3660 1568 3732 παρ’
1593 3658 1783 3721 αὐτοῦ,
1806 3657 1964 3727 δῆλον

358 3763 417 3818 δὲ
444 3764 528 3817 ὅτι
552 3761 648 3816 τοῦ
677 3760 856 3815 πάντα
887 3759 1018 3829 ἡμῖν
1045 3756 1114 3811 τὰ
1141 3756 1282 3826 πρὸς
1309 3754 1594 3808 εὐσέϐειαν
1615 3751 1967 3822 διανέμοντος

359 3855 516 3912 Θεοῦ.
570 3856 710 3909 Ποῖα
740 3853 799 3908 δὲ
838 3851 1014 3908 ταῦτα
1054 3850 1210 3914 soci;
1252 3867 1270 3902 ι
1308 3849 1463 3910 Σῖτος
1507 3845 1834 3907 νεανίσκοις,
1875 3843 1969 3896 καὶ

359 3947 506 4015 οἶνος
540 3945 856 4013 εὐωδιὰζων
883 3946 965 4010 είς
1001 3944 1332 4017 παρθένους.
1365 3960 1384 3993 ι
1422 3941 1464 3992 Τ
1468 3941 1548 4003 οἷς
1588 3939 1689 4009 μὲν
1724 3936 1836 4008 γάρ
1875 3935 1969 3989 ἁνσ

359 4041 728 4115 ὁριζομένοις,
767 4039 862 4094 καὶ
898 4037 1135 4108 νεανικῷ
1181 4036 1492 4109 φρονήματι
1537 4031 1676 4102 πρὸς
1723 4030 1784 4083 τδ
1815 4027 1967 4098 αὐτῷ

360 4134 556 4189 δοκοῦν
583 4131 1002 4194 ἀπονενευκόσι,
1031 4130 1126 4184 καὶ
1158 4125 1405 4199 πληροῦν
1429 4123 1709 4194 ἑλομένοις
1741 4119 1802 4173 τὸ
1831 4120 1970 4188 ἁγα-

363 4227 477 4292 θὸν,
510 4225 806 4295 δοθήσεται
848 4223 981 4295 παρ’
1000 4219 1169 4276 αὑτοῦ
1202 4219 1296 4272 καὶ
1333 4217 1413 4270 ἔτι
1448 4215 1652 4287 μείζων
1694 4213 1870 4284 ἰσχὺς,
1895 4210 1972 4275 ὡς

364 4322 424 4374 ὲν
472 4320 610 4390 σίτῳ
653 4315 961 4387 νοουμένη·
1000 4332 1019 4365 ι
1070 4309 1328 4383 Στηρίξει
1377 4307 1488 4378 γὰρ
1529 4306 1694 4376 ἄρτος
1737 4301 1972 4372 καρδίαν

363 4407 688 4480 ἀνθρώπου.
739 4425 757 4458 ι
806 4406 931 4468 Τοῖς
983 4419 1049 4472 γε
1098 4400 1205 4472 μὴν
1254 4399 1356 4470 ἤδη
1401 4393 1828 4465 διηγνισμένοις,
1879 4389 1974 4444 καὶ

364 4501 674 4573 ἀμὸλυντον
722 4497 906 4569 ἔχουσι
964 4496 1058 4550 τὸν
1117 4492 1244 4547 νοῦν
1262 4531 1277 4556 ,
1343 4490 1392 4544 οἳ
1439 4490 1532 4544 καὶ
1581 4488 1808 4559 σεμναῖς
1881 4483 1974 4538 καὶ

2065 3381 2317 3436 obeunda
2349 3385 2435 3432 est
2476 3372 2782 3429 versatilis.
2819 3368 3092 3437 Quoniam
3141 3366 3306 3437 igitur
3349 3363 3559 3433 lapides
3590 3362 3665 3416 ita

2069 3488 2128 3528 se
2169 3471 2396 3534 habent,
2445 3467 2606 3521 docet
2660 3477 2760 3518 nos
2804 3469 3171 3531 congruenter
3201 3457 3474 3512 animatos
3520 3468 3664 3510 esse.

2072 3567 2208 3634 Quia
2253 3564 2298 3620 si
2332 3561 2461 3634 quid
2488 3563 2688 3615 bonum
2722 3556 2841 3624 eius
2870 3563 2974 3618 est,
3003 3562 3058 3609 et
3103 3551 3150 3608 si
3195 3551 3325 3620 quid
3357 3551 3666 3612 honestum,

2071 3659 2138 3711 ab
2162 3658 2280 3726 ipso
2309 3660 2414 3717 est,
2461 3664 2658 3720 nempe
2689 3663 2719 3702 a
2749 3647 2860 3701 Deo
2893 3645 3076 3700 omnia
3111 3643 3268 3697 nobis
3310 3641 3376 3695 ad
3411 3642 3666 3709 pietatem

2072 3748 2359 3817 largiente.
2391 3743 2524 3809 Qua:
2564 3747 2693 3795 sunt
2738 3747 2919 3792 autem
2949 3734 3097 3790 ista?
3132 3751 3153 3785 ι
3191 3732 3550 3786 Frumentum
3574 3728 3667 3798 ju-

2071 3839 2325 3901 venibus,
2373 3831 2541 3906 7M
2586 3840 2642 3887 et
2682 3831 2870 3884 vinum
2923 3827 3212 3882 odoratum
3243 3823 3311 3877 ad
3349 3821 3609 3890 virgines.
3643 3837 3663 3872 ι

2074 3931 2235 3986 Viros
2275 3928 2422 3983 enim
2453 3940 2512 3981 se
2547 3922 2939 3994 praebentibus,
2977 3928 3032 3973 et
3063 3917 3310 3972 animose
3337 3912 3460 3983 ejus
3505 3913 3670 3966 bene-

2073 4022 2335 4092 placitum
2367 4009 2810 4078 curantibus,'et
2835 4009 3028 4065 virtuti
3059 4009 3272 4064 servire
3296 4003 3671 4075 cupientibus,

2073 4113 2296 4169 dabitur
2335 4108 2406 4165 ab‘
2455 4123 2522 4164 eo
2576 4105 2756 4174 majus
2799 4104 2990 4158 'adhue
3039 4099 3230 4165 robur,
3277 4097 3421 4168 quod
3470 4097 3524 4151 in
3559 4093 3676 4149 fru-

2077 4215 2265 4262 mento
2315 4198 2685 4270 intelligitur:
2725 4214 2745 4248 ι
2787 4194 2952 4250 Panis
2977 4192 3252 4262 siquidem
3296 4205 3395 4246 cor
3435 4186 3675 4243 hominis

2087 4296 2383 4354 conﬁrmat
2420 4292 2490 4347 “.
2531 4309 2549 4342 ι
2582 4287 2836 4358 Purgatis
2869 4299 3020 4352 vero,
3070 4292 3126 4338 et
3161 4283 3400 4337 animum
3446 4278 3678 4350 gerenti-

2082 4393 2184 4444 bus
2233 4383 2752 4444 ineontaminatum,
2787 4379 2974 4448 quiet
3001 4373 3405 4430 venerabilibus
3455 4379 3514 4426 et
3558 4384 3681 4425 san-

2078 4483 2186 4538 ctis
2213 4477 2520 4551 virginibus
2548 4470 2861 4544 comparari
2895 4471 3022 4540 jure
3050 4475 3274 4538 queant,
3298 4467 3482 4520 vinum
3519 4462 3680 4519 dabi-

365 4556 555 4662 ἁγίαις
605 4556 900 4660 παρθένοις
941 4586 1368 4660 παρεικάζοιντο
1417 4583 1483 4636 ἂν
1532 4556 1784 4644 εἰκότως,
1831 4573 1975 4641 οἶνος

2082 4586 2192 4644 tur,
2229 4573 2376 4645 quod
2399 4566 2776 4640 intelligentia
2811 4571 2980 4634 patet,
3018 4563 3114 4617 Dei
3147 4561 3408 4616 nimirum
3442 4556 3600 4628 plena
3624 4564 3681 4611 et

365 4687 658 4760 δοθήσεται
705 4683 916 4756 νοητὸς,
956 4684 990 4755 ἡ
1041 4681 1172 4753 περὶ
1219 4677 1356 4732 Θεοῦ
1396 4675 1642 4748 δηλονότι
1691 4673 1873 4743 σαφής
1913 4687 1973 4724 τε

369 4777 466 4834 καὶ
505 4775 897 4847 ἀκιδδήλευτος
930 4772 1158 4844 γνῶσις,
1195 4793 1213 4825 ι
1246 4774 1279 4843 ἡ
1321 4767 1798 4840 κατευφραίνουσα
1835 4780 1972 4835 καρ-

369 4870 488 4925 δίαν
522 4869 840 4940 ἀνθρώπου.
885 4886 904 4920 ι
932 4865 1143 4921 Οὐκοῦν
1169 4865 1443 4920 νεανίσκοι
1477 4880 1537 4915 τε
1566 4861 1662 4914 καὶ
1690 4857 1973 4930 παρθένοι,

371 4963 422 5016 οἱ
450 4961 598 5017 κατά
628 4977 692 5029 γε
710 4962 837 5024 τοὺς
861 4957 1066 5029 ἀρτίως
1093 4958 1225 5028 ἡμῖν
1258 4952 1622 5014 ἀποδοθέντας
1648 4949 1863 5017 λόγους,
1895 4946 1974 5009 εἰς

285 5087 294 5096 -
372 5056 592 5126 εὐρεῖαν
613 5070 674 5107 τε
698 5051 797 5108 καὶ
821 5048 1115 5122 ἀμφιλαφῆ
1141 5046 1362 5119 μέθεξιν
1385 5045 1494 5100 τῶν
1525 5043 1734 5099 ἀνωθεν
1760 5037 1983 5107 ἀγαθῶν

373 5146 738 5220 κεκλήσονταί
785 5162 848 5199 τε
898 5143 1149 5208 εἰκότως,
1191 5141 1286 5195 καὶ
1327 5139 1651 5194 ἀκούσονται
1701 5131 1840 5189 Θεοῦ
1893 5130 1982 5185 λέ-

373 5260 569 5313 γοντος
589 5257 602 5271 ·
643 5259 666 5286 σ-
701 5239 932 5301 Φάγετε,
965 5237 1059 5290 καὶ
1094 5236 1270 5299 πίετε,
1300 5235 1396 5287 καὶ
1430 5230 1740 5304 μεθύσθητε
1766 5229 1816 5282 oi
1843 5225 1983 5296 πλη-

376 5336 512 5390 σίον.
556 5354 576 5386 ι
612 5335 848 5402 Πλησίον
869 5331 979 5402 γάρ
1009 5330 1060 5382 οἱ
1087 5327 1282 5382 τοιοίδε
1320 5324 1459 5379 Θεοῦ
1480 5342 1493 5355 ·
1539 5323 1632 5378 καὶ
1677 5322 1738 5376 οὑ
1765 5319 1983 5391 σχέσεσι

373 5429 634 5490 τοπικαῖς
659 5442 673 5455 υ
703 5424 871 5495 ληρία
899 5424 1008 5496 γὰρ
1042 5421 1206 5475 τοῦτο
1233 5421 1396 5480 νοεῖν,
1421 5417 1453 5488 ἢ
1490 5417 1787 5488 φρονῆσαι’
1817 5428 1994 5483 παρα-

375 5520 622 5588 στήματι
667 5515 726 5570 δὲ
759 5513 1000 5578 διανοίας
1050 5511 1132 5582 τῷ
1175 5511 1297 5564 λίαν
1347 5507 1738 5586 ἀλκιμωτάτῳ,
1781 5506 1879 5559 καὶ
1917 5505 1983 5575 τῇ

377 5609 520 5680 πρὸς
561 5610 673 5662 πᾶν
721 5605 900 5660 ὁτιοῦν
941 5604 1052 5657 τῶν
1097 5603 1338 5673 ἀρίστων
1387 5600 1596 5669 ἐφέσει,
1647 5599 1743 5652 καὶ
1796 5597 1986 5668 ἀγάπῃ

379 5703 446 5771 τῇ
477 5702 560 5762 εἰς
603 5698 792 5752 αὐτόν.
820 5699 1032 5769 ’Ὠσπερ
1079 5695 1187 5764 γὰρ
1220 5694 1499 5765 ἐξίστησιν
1539 5693 1707 5764 ἡμᾶς,
1745 5690 1839 5742 καὶ
1875 5684 1988 5741 οἷον

2084 4681 2342 4740 germana
2360 4663 2619 4734 c0guitio,
2645 4678 2664 4712 ι
2693 4657 2978 4714 laetiﬁcaus
3003 4669 3100 4711 cor
3120 4652 3357 4710 hominis
3375 4651 3441 4706 ³³.
3479 4669 3499 4702 ι
3529 4648 3680 4716 Quo-

2082 4761 2229 4816 circa
2261 4757 2637 4813 adolescentes
2667 4760 2724 4807 et
2750 4749 3016 4819 virgines,
3041 4746 3197 4815 juxta
3231 4744 3474 4799 rationes
3519 4741 3683 4796 modo

2085 4869 2114 4908 a
2149 4851 2306 4907 nobis
2326 4847 2655 4918 explicatas,
2687 4844 2756 4898 ad
2785 4841 3024 4909 amplam
3085 4847 3146 4894 et
3178 4838 3460 4908 copiosam
3509 4835 3683 4890 bono-

2085 4960 2204 5001 rum
2227 4955 2586 5013 supernorum
2613 4937 3061 4994 communionem
3083 4932 3281 4988 merito
3315 4929 3679 4992 vocabuntur,

2083 5038 2416 5105 audientqne
2446 5034 2616 5089 Deum
2640 5032 2914 5087 dicentem
2951 5046 2964 5082 :
3001 5045 3022 5080 ι
3061 5023 3372 5089 Comedite,
3397 5031 3454 5078 et
3486 5021 3681 5085 bibite,

2081 5141 2138 5184 et
2159 5124 2528 5189 inebriamini,
2554 5121 2847 5193 propinqui
2877 5118 2946 5175 “.
2979 5135 3000 5170 ι
3028 5115 3094 5172 Hi
3123 5115 3269 5171 enim
3300 5122 3430 5170 sunt
3460 5109 3685 5181 propin-

2083 5224 2175 5294 qui
2229 5221 2362 5277 Dei:
2402 5235 2508 5274 non
2560 5215 2850 5271 aliectione
2909 5211 3216 5270 secundum
3261 5207 3485 5264 locum:
3539 5200 3684 5272 quod

2085 5293 2205 5374 sine
2241 5316 2445 5383 ineptia
2480 5309 2708 5380 intelligi
2759 5315 2853 5364 aut
2902 5303 3136 5374 cogitari
3183 5315 3292 5357 non
3337 5305 3552 5368 potest;
3585 5293 3683 5349 sed

2087 5406 2257 5463 animi
2282 5402 2572 5475 praesentia
2601 5402 2762 5471 longe
2792 5394 3196 5458 robustissima,
3227 5399 3284 5446 et
3310 5385 3586 5444 desiderio
3613 5385 3682 5440 ad

2088 5498 2308 5570 quidvis
2329 5497 2621 5568 optimum,
2642 5503 2701 5550 et
2722 5491 2993 5548 charitate
3023 5501 3152 5556 erga
3187 5484 3362 5540 illum.
3397 5477 3687 5550 Quomodo

2090 5593 2236 5648 enim
2266 5589 2522 5645 deturbat
2575 5601 2696 5649 nos,
2745 5591 2802 5636 et
2840 5578 2998 5648 quasi
3042 5576 3256 5646 longius
3310 5572 3534 5630 abducit
3582 5570 3688 5625 im-

2087 5686 2384 5757 probitas:
2434 5682 2515 5738 sie
2566 5680 2739 5734 virtus
2782 5691 2882 5731 nos
2939 5674 3047 5729 Deo
3100 5669 3266 5739 sistit,
3310 5669 3366 5726 id
3408 5664 3554 5738 quod
3588 5677 3688 5720 nos

471 5871 721 5932 “'Joan.
753 5890 805 5933 κ.
845 5873 930 5936 ii,
968 5874 1050 5928 15.
1132 5871 1276 5928 “13a
1324 5886 1517 5935 xxvni,
1564 5868 1643 5924 16.
1705 5865 1920 5923 "i‘sal.
1956 5881 1979 5922 c

2068 5907 2074 5930 ,
2109 5863 2194 5920 15.
2273 5863 2318 5894 ’³
2350 5859 2516 5918 Εευίί.
2556 5875 2644 5926 xL,
2678 5856 2770 5914 ‘20.
2847 5854 2894 5889 ”
2917 5853 3074 5911 Catil.
3115 5851 3171 5917 5,
3202 5850 3252 5906 ι.
