4130 6484
504 458 606 513 159
1534 453 1589 510 ε.
1634 453 1910 512 εγιιιιιι
1950 450 2417 510 ΑιΕΧΑδυΜΝΙ
2456 447 2772 505 ΔΒΕΙΙΙΕΡ.
3661 446 3764 509 ιοο

501 570 779 640 dis-jungit,
801 581 852 626 et
881 572 1191 642 intercedit,
1225 581 1525 644 peccatum,
1569 573 1807 641 inquam.
1837 589 1867 629 ο
1895 571 2075 627 medio

2195 570 2444 640 ιποφέρει
2475 565 2693 638 μακράν
2726 570 2757 636 ή
2785 565 3056 637 φαυλότης
3083 583 3092 595 -
3118 567 3260 620 οὕτω
3287 565 3404 637 Θεῷ
3435 567 3762 638 παρίστησιν

505 675 812 716 removens.
2185 663 2220 732 ἡ
2259 659 2447 731 ἁρετὴ,
2476 659 2537 713 τδ
2576 659 2795 711 διιστῶν
2847 661 3018 729 ἡμᾶς,
3055 661 3149 712 καὶ
3193 658 3524 729 μεσολαϐοῦν
3557 661 3620 711 ἐκ
3666 659 3762 727 μό-

2185 768 2280 804 σου
2326 750 2576 819 γενέσθαι
2617 744 3133 820 παρασκευάζουσα,
3169 749 3311 819 φημὶ
3343 749 3409 820 δὴ
3448 749 3545 817 τὴν
3583 747 3762 817 ἁμαρ-

2181 858 2324 896 τιαν.

1164 965 1313 1021 CAP.
1357 967 1422 1019 Χ.

2803 967 3055 1021 ΚΕΦᾹΔ.
3109 969 3166 1020 l'.

578 1095 744 1152 Vens.
779 1099 797 1152 ι
855 1095 1025 1150 Petite
1065 1115 1098 1151 a
1141 1097 1363 1153 Domino
1391 1099 1624 1169 pluviam
1655 1117 1710 1156 sa
1747 1101 1927 1168 horas,
1963 1118 2078 1156 ma-

2253 1101 2524 1156 Αίτεῖσθε
2550 1099 2711 1169 παρὰ
2739 1101 2956 1170 Κυρίου
2995 1100 3176 1156 ὑετὸν
3215 1101 3346 1156 καθ’
3370 1098 3552 1168 (ἦραν,
3587 1100 3763 1169 πρώι-

511 1192 760 1253 tutinam,
787 1198 834 1240 et
865 1189 1178 1242 serotinum.

2195 1209 2318 1257 μον,
2357 1191 2455 1245 καί
2495 1193 2734 1261 ὄψιμον.

580 1275 737 1331 LXV.
771 1277 1234 1341 Quemadmodum
1267 1279 1413 1334 enim
1451 1293 1635 1352 neque
1661 1281 1992 1336 frumentum
2025 1282 2079 1337 in

2253 1280 2372 1336 EE'.
2415 1283 2627 1352 ’Ὠσπερ
2676 1281 2783 1352 γὰρ
2811 1278 2934 1333 οὔτε
2964 1282 3110 1344 σῖτος
3154 1283 3214 1334 ἐν
3246 1282 3435 1351 ἀγροῖς
3469 1281 3667 1350 γένοιτ’
3694 1282 3762 1336 ἂν

509 1367 655 1436 agris
698 1368 838 1422 citra
883 1366 1123 1423 laborem
1158 1372 1492 1439 provenerit,
1532 1345 1706 1442 neque
1747 1373 1907 1427 vinea
1939 1375 2082 1428 mul-

2195 1373 2348 1426 πόνου
2377 1373 2519 1442 δίχα,
2558 1372 2668 1424 οὔτ’
2707 1371 2774 1427 ἃν
2801 1371 3062 1446 εὖὸοτρύς
3111 1391 3168 1426 τε
3202 1375 3294 1427 καὶ
3338 1372 3544 1436 εῦοινος
3579 1375 3761 1444 ἀμπε-

501 1463 621 1509 tum
683 1471 747 1510 ac
789 1456 986 1511 bonum
1034 1459 1214 1512 vinum
1256 1461 1539 1529 protulerit
1574 1481 1587 1517 :
1639 1463 1710 1516 ita
1743 1473 1798 1518 et
1847 1464 1899 1518 in
1928 1466 2084 1521 nobis

2195 1460 2289 1514 λὼν
2308 1478 2320 1491 ·
2353 1461 2494 1515 οὕτω
2523 1462 2615 1514 καὶ
2641 1462 2698 1513 ὲν
2731 1463 2862 1531 ἡμῖν
2893 1463 2992 1514 οὐκ
3033 1461 3098 1515 ἂν
3139 1461 3348 1530 γένοιτό
3379 1478 3462 1525 τις
3489 1462 3764 1531 εὐκαρπία

507 1547 653 1602 nulla
678 1549 940 1604 exsistere
965 1549 1164 1618 poterit
1194 1550 1449 1606 fertilitas
1466 1552 1788 1621 spiritualis,
1825 1556 1926 1610 nisi
1943 1555 2084 1611 Deus

2195 1551 2546 1623 πνευματικὴ,
2580 1552 2653 1624 μὴ
2668 1552 2787 1622 ούχὶ
2823 1551 2958 1605 Θεοῦ
2978 1547 3258 1616 καθιέντος
3284 1552 3439 1605 ὑετοῦ
3483 1552 3636 1621 δίκην
3682 1554 3762 1615 είς

511 1641 688 1696 instar
718 1643 912 1711 pluvia:
955 1643 1293 1713 eloquiorum
1343 1661 1566 1702 suorum
1615 1648 1999 1703 revelationem
2030 1651 2080 1704 in

2195 1645 2328 1708 νοῦν,
2349 1645 2443 1698 καὶ
2461 1643 2686 1716 καρδίαν
2701 1643 2823 1697 τῶν
2837 1641 3028 1696 ἑαυτοῦ
3065 1642 3258 1711 λογίων
3283 1644 3381 1714 τὴν
3399 1643 3762 1711 ἀποκάλυψιν,

509 1734 718 1787 animos
777 1743 830 1788 et
903 1737 1060 1789 corda
1117 1746 1298 1792 nostra
1370 1737 1672 1803 demiserit,
1729 1741 2084 1810 notitiamque

2195 1733 2278 1785 καὶ
2325 1732 2526 1800 γνῶσιν
2559 1734 2690 1803 ήμὲν
2717 1732 2986 1804 οἱονείπερ
3021 1733 3370 1798 ὲνστάζοντος
3400 1732 3493 1786 τοῦ
3528 1749 3588 1786 τε
3640 1733 3767 1804 ’Δρο

509 1825 665 1879 nobis
721 1826 926 1880 Veteris
962 1841 1026 1879 ac
1059 1825 1194 1883 Novi
1228 1828 1586 1895 Testamenti,
1632 1831 1734 1885 hoc
1782 1843 1866 1886 est
1896 1833 2084 1901 legalis

2195 1824 2340 1892 χαίου
2373 1823 2468 1876 καὶ
2487 1823 2625 1876 Νέου
2652 1824 3002 1894 Γράμματος,
3019 1823 3265 1876 τουτέστι
3309 1823 3406 1877 τοῦ
3425 1822 3651 1894 νομικοῦ
3673 1825 3769 1878 καὶ

509 1922 566 1968 et
605 1915 924 1985 evangelici,
953 1920 1107 1987 quasi
1136 1919 1515 1974 instillaverit:
1563 1921 1644 1975 hae
1688 1937 1941 1992 namque
1969 1940 2083 1978 ma-

2195 1910 2278 1962 τοῦ
2295 1909 2647 1977 εύαγγελικοῦ
2668 1926 2683 1940 °
2724 1911 2868 1964 ὑετοὶ
2889 1911 2994 1980 γὰρ
3021 1911 3071 1964 οί
3090 1909 3281 1963 τοιοίδε
3312 1909 3560 1982 πρὼἲμός
3585 1929 3642 1965 τε
3673 1912 3768 1966 καὶ

513 2004 684 2058 tutina
738 2016 791 2060 et
826 2009 1062 2062 serotina
1104 2009 1297 2076 pluviae
1329 2010 1548 2065 fuerint.
1587 2011 1702 2066 Non
1735 2029 1855 2069 esse
1906 2025 2084 2070 autem

2195 2000 2382 2070 Βψιμος
2401 1995 2508 2052 εἷεν
2531 2000 2616 2054 ἄν.
2635 2000 2755 2054 Ὀτι
2783 2000 2839 2052 δὲ
2860 2003 2960 2053 οὐκ
2989 2000 3284 2072 ἀσυντελὴς
3312 2002 3393 2064 είς
3412 2003 3598 2072 ὄνησιν
3622 2003 3654 2071 ή
3672 2001 3768 2056 τοῦ

510 2090 901 2149 infructuosam
933 2099 1297 2167 cognitionem
1357 2112 1411 2155 et
1438 2103 1949 2159 commentationem
1976 2106 2088 2174 spi-

509 2182 762 2238 ritualem
807 2184 958 2254 legis,
1000 2189 1129 2255 quin
1159 2204 1276 2242 eam
1317 2191 1533 2244 erudire
1586 2208 1683 2246 nos
1727 2210 1822 2263 per
1876 2195 2079 2264 figuras

509 2285 564 2326 et
602 2275 820 2330 umbras
855 2277 921 2329 ad
959 2279 1273 2348 mysterium
1310 2279 1534 2347 Christi,
1571 2284 1763 2350 prohat
1800 2284 2074 2352 Salvator,

509 2361 713 2418 Iudaeis
762 2368 875 2434 ipse
919 2367 1194 2434 loquens:
1243 2387 1260 2422 ι
1302 2368 1376 2422 Ne
1431 2375 1628 2439 putetis
1672 2390 1756 2428 me
1799 2388 2082 2430 accusatu-

511 2467 632 2506 rum
663 2469 759 2509 vos
792 2457 931 2524 apud
974 2456 1189 2512 Patrem
1218 2477 1230 2512 :
1277 2470 1359 2514 est
1393 2463 1482 2529 qui
1513 2473 1734 2518 accusat
1782 2481 1875 2521 vos
1915 2466 2086 2523 Moses

512 2552 716 2610 vester,
775 2544 826 2598 in
868 2561 1026 2615 quem
1057 2563 1152 2601 vos
1197 2553 1477 2618 sperastis.
1517 2553 1572 2606 Si
1601 2555 1744 2607 enim
1792 2558 2087 2612 crederetis

515 2632 671 2699 Mosi,
709 2636 1005 2690 crederetis
1036 2637 1262 2694 forsitan
1296 2649 1351 2696 et
1378 2642 1509 2696 mihi
1538 2659 1550 2707 ;
1606 2644 1672 2696 de
1699 2660 1785 2699 me
1820 2646 1964 2700 enim
1998 2647 2089 2702 ille

512 2724 733 2794 scripsit
761 2727 829 2783 ”.
872 2745 891 2778 ι
933 2728 1020 2781 Ait
1054 2738 1108 2782 et
1135 2730 1330 2784 alicubi
1360 2732 1427 2786 de
1461 2733 1667 2789 Scribis
1695 2745 1748 2788 et
1774 2733 2085 2804 Pharisaais,

515 2825 573 2867 ut
601 2829 666 2870 ex
691 2816 843 2883 legali
874 2818 1214 2877 institutione
1245 2824 1310 2877 ad
1344 2824 1502 2896 745
1534 2826 1832 2892 meliorem,
1856 2829 1958 2885 hoc
2007 2841 2090 2887 est

512 2905 878 2974 evangelicam
912 2909 1157 2963 vocatis:
1189 2929 1206 2960 ι
1239 2910 1364 2964 ideo
1386 2914 1562 2968 omnis
1592 2916 1769 2969 scriba
1810 2918 2002 2974 doctus
2035 2920 2087 2973 in

516 3007 685 3064 regno
712 2996 972 3051 castorum
1007 2999 1203 3054 similis
1233 3011 1314 3056 est
1340 3003 1542 3057 homini
1570 3004 1971 3074 patrifamilias,
1996 3009 2087 3078 qui

513 3081 717 3149 profert
747 3088 810 3138 tle
838 3085 1095 3141 thesauro
1131 3106 1227 3142 suo
1256 3106 1392 3143 nova
1425 3102 1476 3146 et
1504 3104 1686 3149 vetera
1721 3098 1788 3149 ".
1833 3114 1851 3148 ι
1891 3096 2089 3152 Peten-

524 3178 613 3224 tes
647 3172 811 3240 igitur
837 3189 866 3226 ιι
897 3173 1006 3228 Deo
1034 3176 1255 3245 legalem
1305 3188 1357 3232 et
1383 3182 1743 3250 evangelicam
1770 3185 2078 3253 scientiam,

515 3270 572 3316 et
595 3276 693 3316 nos
719 3262 912 3331 dignos
934 3267 1252 3322 exhibentes
1277 3270 1366 3339 qni
1397 3273 1757 3338 obtineamus,
1788 3278 1972 3346 utique
2003 3291 2094 3332 ac-

515 3353 801 3422 eipiemus,
855 3369 908 3410 et
966 3358 1016 3411 in
1076 3359 1314 3413 animum
1379 3363 1666 3420 thesauros
1709 3381 2090 3437 congeremns,

515 3454 702 3500 vetera
756 3455 808 3500 et
865 3463 1001 3502 nova
1061 3450 1396 3522 colligentes,
1445 3466 1498 3509 et
1550 3465 1789 3512 mentem
1849 3459 2094 3515 ubertate

521 3533 756 3588 maxima
785 3537 1141 3594 cumulantes.

595 3704 752 3760 Vatis.
789 3707 842 3761 2.
885 3707 1132 3764 Dominus
1165 3713 1285 3778 fecit
1311 3713 1615 3780 phantasias
1633 3755 1648 3780 ,
1677 3725 1724 3768 et
1751 3716 1981 3784 pluviam
2008 3720 2094 3773 hi-

518 3799 731 3850 bernam
762 3798 905 3851 dabit
963 3801 1059 3864 eis,
1111 3803 1388 3871 unicuique
1435 3803 1645 3858 herbam
1687 3807 1913 3876 inagro.
1952 3808 2098 3874 Quo-

520 3888 664 3940 niam
696 3887 958 3958 loquentes
988 3890 1151 3944 locuti
1173 3901 1293 3945 sunt
1319 3893 1545 3958 labores,
1589 3906 1638 3950 et
1687 3897 1850 3950 divini
1874 3898 2096 3953 visiones

521 3980 711 4050 falsas,
748 3990 797 4035 et
824 3983 1084 4036 insomnia
1117 3985 1257 4054 falsa
1303 3988 1669 4057 loquebantur,
1703 4006 1830 4044 vane
1857 3995 2098 4046 consola-

521 4072 735 4127 bantur.
775 4072 900 4128 Ideo
928 4089 1244 4131 exaruerunt
1274 4089 1330 4132 ut
1363 4096 1464 4134 non
1488 4081 1732 4137 habentes
1765 4083 2017 4152 pluviam,
2047 4095 2096 4140 et

522 4167 700 4238 amicti
731 4179 852 4223 sunt
879 4172 1012 4224 sicut
1044 4187 1180 4238 ores,
1213 4176 1338 4245 quia
1361 4190 1462 4229 non
1492 4186 1604 4231 erat
1631 4181 1858 4231 sanatio.

593 4347 777 4404 LXVI.
848 4347 1069 4406 Occulta
1158 4354 1388 4422 quadam
1459 4356 1723 4410 sententia
1776 4357 1866 4412 hic
1947 4357 2098 4413 locus

523 4455 806 4511 pregnans
831 4453 932 4508 est,
957 4459 1118 4514 quam
1149 4446 1298 4514 prius
1338 4460 1368 4498 ο
1403 4460 1489 4501 me
1511 4447 1794 4515 perspicue
1818 4448 2100 4503 declaran-

2189 2089 2352 2158 νόμου
2377 2088 2595 2156 γνῶσις,
2611 2089 2706 2141 καὶ
2723 2087 2926 2159 θεωρία
2955 2089 3319 2159 πνευματικὴ,
3343 2090 3687 2157 παιδαγωγεῖ
3711 2090 3768 2142 δι

2193 2178 2391 2250 μᾶλλον
2422 2179 2570 2248 ήμᾶς
2595 2177 2684 2231 διὰ
2728 2178 2922 2244 τύπου,
2972 2180 3067 2233 καὶ
3115 2182 3274 2244 σκιᾶς
3315 2181 3407 2233 ἐπὶ
3443 2181 3501 2238 τὸ
3530 2179 3767 2251 Χριστοῦ

2194 2270 2516 2340 μυστήριον,
2560 2267 2891 2323 πιστώσεται
2935 2270 3111 2338 λέγων
3149 2272 3311 2335 αὐτὸς
3347 2275 3375 2325 ὁ
3414 2271 3606 2343 Σωτὴρ
3654 2274 3768 2334 τοῖς

2202 2360 2466 2413 Ἰουδαίων
2494 2361 2688 2430 δήμοις
2707 2376 2720 2388 ·
2762 2377 2780 2406 ι
2807 2361 2898 2430 Μή
2933 2361 3138 2413 δοκεῖτε
3162 2362 3241 2414 ὅτι
3269 2362 3378 2430 ἐγὼ
3407 2365 3771 2433 κατηγορήσω

2190 2449 2344 2519 ὑμῶν
2371 2449 2504 2519 πρὸς
2527 2449 2620 2502 τὸν
2655 2449 2906 2519 Πατέρα’
2932 2451 2960 2502 ὁ
3001 2453 3320 2522 κατηγορῶν
3349 2451 3501 2521 ὑμῶν
3540 2453 3766 2522 Μωσῆς,

2190 2541 2268 2602 είς
2289 2540 2346 2592 ὃν
2365 2540 2520 2609 ὑμεῖς
2539 2538 2825 2607 ἠλπίκατε.
2865 2540 2926 2591 El
2945 2539 3051 2610 γὰρ
3069 2540 3384 2593 ἐπιστεύετε
3418 2543 3622 2604 Musaei,
3649 2543 3770 2594 ἑπι-

2191 2631 2408 2684 στεύετε
2438 2631 2504 2684 ἂν
2533 2631 2654 2700 ὲμοί
2680 2647 2693 2660 ο
2726 2631 2855 2701 περὶ
2885 2631 2993 2702 γάρ
3039 2631 3173 2702 ἐμοῦ
3207 2634 3412 2695 ἐκεῖνος
3445 2632 3705 2703 ἔγραψεν.
3743 2652 3759 2683 ι

2192 2723 2339 2791 Ἔφη
2355 2723 2410 2775 δέ
2427 2738 2529 2774 που
2548 2722 2640 2774 καὶ
2662 2738 2729 2774 πε
2737 2723 2791 2791 pl
2805 2719 2914 2773 τῶν
2939 2722 3314 2792 Γραμματέων
3331 2724 3423 2776 καὶ
3437 2722 3767 2793 Φαρισαίων,

2189 2811 2265 2872 ὼς
2281 2812 2343 2864 ἐκ
2370 2812 2600 2881 νομικῆς
2629 2810 2966 2874 παιδεύσεως
2997 2811 3346 2882 καλουμένων
3376 2813 3467 2865 ἰπὶ
3489 2813 3770 2883 τὴνεύαγ-

2190 2902 2445 2972 γελικήν·
2482 2921 2500 2954 ι
2540 2901 2638 2955 Διά
2675 2902 2833 2955 τοῦτο
2873 2903 2984 2966 πᾶς
3021 2904 3381 2974 γραμματεὺς
3413 2902 3769 2972 μαθητευθεὶς

2189 2993 2248 3043 ἑν
2281 2994 2345 3062 τῇ
2379 2990 2622 3060 βασιλείᾳ
2647 2990 2755 3043 τῶν
2797 2989 3063 3058 οὐρανῶν,
3096 2990 3279 3060 ὅμοιός
3327 2990 3472 3042 ἐστιν
3503 2988 3770 3060 ἀνθρώπῳ

2190 3082 2562 3152 οίκοδεσπότῃ,
2596 3083 2744 3146 ὅστις
2771 3080 3024 3135 ἐκϐάλλει
3074 3083 3139 3133 ὲκ
3167 3079 3259 3132 τοῦ
3288 3080 3564 3152 θησαυροῦ
3605 3078 3774 3134 αὑτοῦ

2194 3171 2355 3224 καινὰ
2387 3171 2479 3224 καὶ
2511 3170 2736 3225 παλαιά.
2783 3188 2802 3221 ι
2843 3170 3052 3224 Οὐκοῦν
3068 3169 3344 3232 αἰτοῦντες
3362 3170 3510 3239 παρὰ
3527 3169 3660 3222 Θεοῦ
3674 3175 3774 3242 τήν

2193 3273 2253 3309 τε
2290 3259 2518 3327 νομικὴν
2535 3259 2626 3310 καὶ
2650 3257 3010 3327 εύαγγελικὴν
3031 3259 3338 3328 ἐπιστήμην
3365 3259 3545 3325 ἀξίους
3579 3277 3638 3312 τε
3676 3261 3774 3314 τοῦ

2194 3347 2376 3401 λαϐεῖν
2414 3349 2643 3412 ἑαυτοὺς
2692 3349 3166 3418 παραστήσαντες,
3199 3349 3484 3419 ληψόμεθα
3535 3352 3772 3417 πάντως,

2197 3439 2289 3492 καὶ
2321 3439 2445 3502 τοὺς
2478 3442 2556 3502 είς
2584 3439 2706 3490 νοῦν
2752 3438 2860 3492 ἔσω
2895 3439 3256 3510 πληρώσομεν
3301 3441 3626 3513 θησαυροὺς,
3678 3462 3778 3496 πα·

2195 3529 2324 3584 λαιά
2345 3547 2404 3582 τε
2434 3532 2526 3582 καὶ
2554 3530 2650 3584 νέα
2673 3529 3041 3598 συλλέγοντες,
3079 3531 3338 3602 πλείστης
3368 3550 3425 3586 τε
3455 3537 3586 3604 ὅσης
3621 3552 3778 3588 πνευο

2200 3623 2435 3692 ματικῆς
2462 3622 2767 3691 εὐκαρπίας
2793 3623 3224 3692 ὰναμεστοῦντες
3262 3625 3351 3678 τὸν
3381 3626 3520 3680 νοῦν.

2267 3715 2481 3782 Κύριος
2513 3714 2764 3781 ἐποίησε
2809 3715 3170 3783 φαντασίας,
3217 3716 3316 3768 καὶ
3364 3717 3542 3770 ὑετὸν
3589 3734 3781 3786 χειμε-

2189 3807 2366 3876 ρινὸν
2397 3806 2574 3860 δώσει
2609 3806 2836 3873 αὐτοῖς,
2887 3806 3124 3872 ἑκάστῳ
3171 3807 3446 3875 βοτάνην
3483 3809 3552 3861 ἐν
3595 3808 3778 3877 ἀγρῷ.

2198 3900 2351 3952 Διότι
2391 3902 2446 3952 oi
2493 3899 3006 3968 ἁποφθεγτόμενοι
3053 3899 3371 3963 ἐλάλησαν
3399 3903 3642 3966 κόπους,
3681 3902 3782 3954 καί

2199 3993 2253 4044 οι
2279 3988 2524 4058 μάντεις
2546 3988 2787 4058 ὁράσεις
2819 3989 3086 4058 ⁴ψευδεῖς,
3114 3991 3210 4042 καί
3250 3989 3322 4043 τὰ
3346 3990 3599 4044 ἐνύπνια
3628 3995 3785 4059 ψευ-

2197 4078 2276 4148 δῆ
2305 4079 2590 4142 ἐλάλουν,
2618 4077 2841 4148 μάταια
2877 4077 3284 4145 παρεκάλουν.
3314 4081 3416 4132 Διὰ
3447 4080 3622 4134 τοῦτο
3643 4081 3786 4150 ἐξη-

2193 4173 2511 4243 ράνθησαν
2535 4172 2614 4238 ὡς
2643 4175 2754 4225 οὐκ
2779 4171 3025 4239 ἔχοντες
3044 4170 3242 4232 ὑετὸν,
3269 4170 3366 4224 καὶ
3393 4170 3786 4240 ἐκακώθησαν

2199 4267 2279 4332 ὠς
2309 4266 2592 4332 πρόϐατα,
2621 4263 2770 4316 διότι
2799 4264 2910 4315 οὐκ
2939 4262 3020 4331 ἦν
3042 4262 3223 4328 ἴασις.

2269 4357 2405 4422 Ξσῑι.
2450 4353 2638 4407 Ὼδίνει
2667 4352 2787 4405 τινὰ
2825 4353 3216 4424 κεκρυμμένην
3243 4352 3448 4408 ἔννοιαν
3476 4355 3542 4408 τδ
3570 4358 3789 4426 προκεί-

2206 4461 2385 4517 μενον,
2421 4445 2489 4515 ἢν
2523 4443 2838 4510 ἀναγκαῖον,
2881 4440 3037 4514 οἶμαι
3082 4461 3208 4505 που,
3257 4446 3786 4516 προδιατρανοῦσθαι

520 4532 646 4585 dam
686 4533 980 4589 existimo:
1027 4536 1106 4589 sic
1131 4537 1273 4589 enim
1311 4535 1594 4590 consilium
1635 4547 1690 4590 et
1726 4551 1944 4606 scopum
1978 4553 2091 4608 pro-

2208 4535 2415 4604 σαφῶς,
2447 4536 2656 4587 συνεῖεν
2701 4535 2811 4604 γὰρ
2840 4533 2984 4588 οὕτω
3006 4535 3115 4588 τῶν
3145 4535 3250 4588 ’τοῦ
3299 4538 3576 4608 προφήτου
3607 4540 3788 4609 ῥημά-

523 4623 698 4693 phetae
741 4625 792 4678 in
823 4623 1001 4680 verbis
1041 4625 1282 4679 recitatis
1322 4625 1548 4680 studiosi
1597 4627 1920 4694 percipient.
1973 4629 2091 4683 Erat

2198 4645 2309 4682 των
2336 4627 2428 4680 τὸν
2477 4625 2678 4680 σκοπὸν
2726 4625 2777 4678 οἱ
2811 4625 3290 4696 φιλεπιστήμονες.
3318 4623 3426 4680 Ἦν
3461 4629 3559 4698 μὲν
3604 4629 3712 4700 γὰρ
3757 4633 3788 4683 ὸ

521 4712 667 4768 enim
703 4713 777 4769 illi
809 4729 988 4770 sermo
1017 4715 1082 4768 de
1113 4715 1335 4781 sanctis,
1367 4730 1502 4783 quos
1534 4726 1588 4769 et
1640 4716 1844 4785 lapides
1889 4729 2091 4776 sanctos

2197 4718 2354 4786 λόγος
2384 4716 2534 4787 αύτῷ
2582 4717 2712 4786 περὶ
2748 4714 2856 4767 τῶν
2899 4715 3089 4781 ἁγίων,
3122 4715 3215 4778 οὒς
3253 4715 3346 4769 καὶ
3385 4717 3568 4780 λίθους
3598 4718 3788 4786 ἁγίους

523 4804 839 4860 nominabat
871 4807 937 4871 ⁸⁷,
974 4805 1149 4874 iisque
1172 4805 1496 4860 frumentum
1517 4805 1781 4874 imprimis
1813 4809 2103 4865 convenire

521 4893 846 4958 affirmabat,
898 4903 956 4949 ut
1007 4896 1233 4970 viriliter
1273 4895 1580 4966 agentibus,
1628 4897 1750 4956 sive
1791 4896 2098 4966 juvenibus,

523 4995 687 5054 atque
719 4987 882 5040 etiam
913 4987 1432 5050 vinum:beneolens,
1462 4987 1604 5057 quod
1631 4999 1817 5044 essent
1843 4992 2098 5061 virgines,

522 5078 579 5134 id
609 5080 852 5144 est,ca.~ti
879 5088 934 5133 et
964 5080 1417 5134 incontaminatiu
1453 5080 1552 5146 Qui
1577 5082 1718 5135 enim
1749 5091 1874 5138 sunt
1901 5084 2100 5139 Christi

519 5167 670 5235 Jesu,
697 5184 912 5225 carnem
945 5185 1096 5225 suam
1121 5171 1506 5227 crucifiaerunt
1534 5187 1656 5227 cum
1677 5174 1842 5241 vitiis,
1877 5185 1933 5230 et
1967 5192 2098 5232 con-

525 5265 892 5336 cupiscentiis,
931 5284 950 5319 ι
973 5275 1034 5320 ut
1059 5265 1273 5321 divinus
1293 5265 1488 5322 Paulus
1519 5267 1709 5324 scribit
1729 5269 1792 5324 ³⁸.
1827 5269 2092 5340 Praecepit

528 5365 708 5413 autem
732 5357 865 5427 ipsis
887 5367 1069 5428 petere
1089 5357 1320 5427 pluviam
1349 5361 1668 5414 matutinum
1686 5369 1740 5417 et
1761 5360 2052 5416 serotinam
2079 5377 2092 5426 ;

528 5448 722 5503 deinde
746 5449 1044 5504 errantium
1067 5450 1341 5504 mentione
1371 5451 1672 5520 interiecta,
1706 5452 1850 5507 velut
1872 5466 2094 5506 causam

529 5536 765 5602 adducit,
811 5553 910 5593 cur
963 5553 1062 5594 nec
1112 5539 1460 5607 frumentum,
1505 5557 1605 5597 nec
1646 5542 1828 5595 vinum
1867 5543 2098 5596 habeant

530 5623 654 5700 ipsi,
683 5642 783 5684 nec
813 5627 1024 5699 pluviis,
1054 5645 1171 5701 quae
1223 5630 1495 5687 intellectu
1528 5631 1945 5702 perspiciuntur,
1973 5632 2097 5686 irri—

608 5801 649 5833 ¹⁸
667 5801 821 5858 Joan.
862 5818 909 5871 v,
943 5807 1029 5873 4'5,
1071 5808 1150 5863 i6.
1228 5809 1272 5840 "
1295 5807 1482 5863 Matth.
1520 5823 1639 5872 xnt,
1677 5808 1763 5862 5-2.
1841 5809 1884 5839 ²⁷
1914 5806 2138 5863 Zachar.
2184 5824 2258 5876 ix,
2304 5808 2383 5863 l0.

2196 4806 2469 4878 ὠνόμαζε,
2510 4805 2654 4858 σῖτόν
2683 4819 2742 4856 τε
2778 4805 2961 4867 αὐτοῖς
2989 4805 3072 4856 ὅτι
3113 4804 3347 4875 μάλιστα
3387 4805 3619 4876 πρέπειν
3650 4807 3786 4876 ἑφα-

2199 4917 2346 4961 σκεν,
2382 4899 2457 4959 ὼς
2496 4894 2922 4966 ἀνδριζομένοις,
2969 4896 3138 4965 ἦγουν
3181 4896 3502 4961 νεανίσκοις,
3539 4898 3633 4950 καὶ
3680 4899 3788 4969 μὴν

2207 4993 2300 5047 καὶ
2325 4987 2468 5044 οἶνον
2511 4987 2892 5050 εὐωδιάζοντα,
2928 4988 3016 5042 διά
3059 5005 3140 5041 τοι
3195 4989 3256 5042 τὸ
3275 4984 3416 5043 εἶναι
3462 4989 3786 5062 παρθένους,
3862 5015 3871 5025 ·

2205 5081 2486 5135 τουτέστιν
2541 5077 2738 5146 ἁγνούς
2781 5095 2840 5130 τε
2901 5079 2995 5132 καὶ
3034 5079 3359 5150 ἀδεϐήλους.
3397 5098 3415 5131 ι
3451 5083 3514 5134 Oi
3560 5082 3670 5151 γὰρ
3695 5083 3790 5135 τοῦ

2206 5172 2444 5246 Χριστοῦ
2488 5170 2684 5242 Ἰησοῦ,
2705 5170 2804 5241 τὴν
2833 5170 3014 5241 σάρκα
3041 5171 3392 5242 ἐσταύρωσαν
3416 5173 3516 5225 σὺν
3541 5175 3654 5236 τοῖς
3689 5190 3793 5225 πα-

2200 5266 2430 5336 θήμασι,
2462 5264 2556 5316 καὶ
2592 5265 2712 5326 ταῖς
2738 5261 3078 5332 ἐπιθυμίαις,
3115 5281 3132 5313 ι
3171 5262 3316 5316 καθά
3349 5280 3514 5333 φησιν
3536 5265 3564 5316 ὁ
3591 5262 3794 5316 θεσπὲ-

2202 5373 2316 5419 σιος
2352 5355 2581 5418 Παῦλος.
2617 5355 2799 5407 Αίτεῖν
2827 5353 2882 5406 δὲ
2907 5354 3089 5417 αὐτοῖς
3122 5355 3461 5425 προστέταχε
3495 5355 3591 5409 καὶ
3637 5356 3794 5408 ὑετὸν

2203 5448 2451 5519 πρώῖμον
2481 5447 2574 5501 καὶ
2594 5445 2822 5517 ὖψιμον·
2852 5441 2970 5500 εἶτα
3002 5445 3206 5518 μεταξὺ
3233 5449 3336 5517 τῆς
3363 5447 3491 5515 περὶ
3521 5445 3628 5499 τῶν
3658 5463 3792 5498 πλαο

2201 5539 2459 5608 νωμένων
2491 5535 2952 5609 παρεμϐαλούσης
2979 5539 3220 5608 μνήμης,
3253 5537 3352 5608 τὴν
3383 5538 3564 5592 αίτίαν
3597 5537 3792 5608 ὥσπερ

2202 5630 2524 5684 ἀποδίδωσιν
2565 5630 2625 5682 ἐν
2671 5626 2902 5693 τούτοις,
2936 5627 3028 5681 τοῦ
3081 5631 3218 5699 μήτε
3269 5631 3434 5695 σῖτον,
3492 5629 3629 5699 μήτε
3683 5628 3792 5697 μὴν

2478 5805 2522 5840 ³⁸
2549 5805 2721 5861 Calai.
2756 5821 2810 5873 ι’,
2834 5805 2926 5862 26.
