4130 6482
281 279 371 335 Ml

249 365 265 396 1

276 487 508 557 νοητοῖς,
541 484 619 550 ὡς
642 485 895 540 ἐντεῦθεν
924 483 1124 548 αὐτοὺς
1161 485 1236 556 μὴ
1265 485 1412 555 ἔχειν
1441 486 1499 538 έν
1529 483 1684 555 ἀγρῷ
1717 482 1878 554 βοτά-

274 592 391 649 νην.
420 577 536 630 Καὶ
569 580 599 632 ὁ
651 577 753 648 μὲν
801 577 961 646 λόγος
993 579 1069 642 ώς
1107 578 1200 630 ἐπὶ
1243 578 1588 649 πραγμάτων
1618 575 1878 630 ἐκπεποί-

275 687 394 742 ηται
421 669 537 724 τῶν
561 669 841 742 αἰσθητῶν
861 687 874 700 ·
903 671 937 740 ἦ
965 687 1027 737 γε
1054 670 1161 740 μὴν
1185 672 1243 722 ὲν
1266 671 1450 734 αὐτοῖς
1479 669 1683 739 Θεωρία
1705 667 1877 739 λεπτή

273 779 330 816 τε
357 762 500 830 ἄγαν
545 763 688 827 ἐστὶ,
732 763 830 816 καὶ
875 762 1012 816 πολὺ
1057 761 1177 815 λίαν
1208 762 1409 833 ἔχουσα
1448 761 1510 814 τὸ
1562 760 1877 832 εἰλικρινές.

273 853 408 909 Θεοῦ
462 853 595 926 γὰρ,
657 855 816 926 φησι,
872 854 1156 917 ποιοῦντος
1203 853 1530 922 φαντασίας,
1597 852 1879 905 τουτέστιν

272 947 586 1018 ἀστραπὰς,
620 947 716 1000 καὶ
767 947 923 1000 ὑετὸν
962 949 1027 1017 τῇ
1057 948 1126 1017 γῇ
1160 947 1252 998 τὸν
1296 945 1608 1017 χειμερινὸν
1636 944 1878 1015 χέοντος,

271 1041 330 1104 ὃς
357 1041 477 1094 ἔστι
496 1041 796 1111 χρήσιμος.
825 1040 920 1094 καὶ
951 1039 1059 1110 μὴν
1085 1038 1182 1092 καὶ
1212 1038 1451 1110 ἑκάστῳ,
1476 1037 1586 1090 τῶν
1609 1039 1666 1091 ὲν
1689 1038 1880 1107 ἀγροῖς

269 1133 543 1204 δηλονότι,
573 1134 810 1197 διδόντος
837 1132 1093 1204 βοτάνην,
1119 1132 1536 1203 πεπλανήκασιν
1562 1131 1804 1193 ἐκείνους
1830 1131 1879 1182 οί

271 1226 791 1299 ἀπο-φθεγγόμενοι,
849 1225 1156 1290 τουτέστιν,
1207 1227 1258 1278 οἱ
1304 1224 1620 1295 ψευδοεπεῖς
1665 1241 1725 1277 τε
1786 1222 1882 1276 καὶ

270 1317 627 1390 ψευδηγόροι,
670 1318 768 1372 καὶ
823 1320 1086 1388 μαντείας
1125 1318 1378 1388 λέγοντες
1400 1319 1499 1382 τάς
1528 1318 1636 1370 ἀπό
1664 1333 1729 1386 γε
1777 1316 1880 1388 τῆς

271 1405 424 1474 σφῶν
466 1407 719 1479 καρδίας.
753 1403 912 1461 Οὗτοι
943 1407 1274 1479 λελαλήκασι
1319 1407 1543 1472 κόπους,
1597 1406 1878 1460 τουτέστιν

271 1497 330 1550 ού
357 1496 431 1550 τά
465 1499 550 1562 είς
601 1499 913 1554 ἀνάπαυσιν
946 1502 1059 1564 τοῖς
1103 1500 1454 1553 πιστεύουσιν
1497 1498 1705 1565 αὐτοῖς,
1742 1497 1881 1552 ἀλλά

269 1587 334 1644 δι’
359 1583 440 1644 ὦν
467 1591 690 1660 ἀνάγκη
715 1595 936 1663 καμεῖν,
970 1592 1091 1662 Θεῷ
1119 1591 1590 1664 προσκρούοντας,
1618 1591 1713 1645 καὶ
1737 1609 1878 1664 παρα

269 1683 613 1754 ορωμένους.
661 1685 725 1737 Ui
756 1684 814 1738 δέ
848 1702 910 1754 γε
956 1685 1178 1757 μάντεις
1219 1686 1314 1740 καὶ
1346 1686 1415 1740 τὰ
1443 1687 1671 1740 ἐνύπνια
1706 1684 1878 1755 ψευδῆ

268 1772 524 1838 ἐλάλουν,
563 1773 896 1846 εὐηχοῦντες
933 1778 1120 1840 αὐτοῖς
1148 1776 1392 1848 δηλονότι
1430 1775 1498 1829 τὰ
1537 1775 1876 1847 καταθύμια,
1912 1769 1959 1830 Β

268 1865 365 1918 καὶ
397 1867 671 1936 χρησταῖς
702 1866 804 1936 μὲν
843 1867 1028 1920 ὲλπίσι
1066 1868 1537 1932 καταπιαίνοντες,
1578 1868 1880 1938 φάσκοντες

269 1957 323 2010 δὲ
354 1957 564 2028 ἀληθὲς
588 1958 774 2012 οὐδέν’
802 1959 918 2012 ἀλλ’
957 1960 1036 2023 είς
1067 1959 1287 2032 ἀπάτην
1318 1961 1412 2013 καὶ
1445 1959 1712 2030 πλάνησιν
1743 1962 1878 2013 ἀπο-

268 2049 562 2120 φέροντες,
604 2050 811 2121 ῆκιστα
838 2031 1450 2122 μὲν-ὶκαταδεικνύοντές
1477 2069 1627 2121 σφισι
1657 2051 1747 2105 τὸν
1770 2051 1880 2105 τῶν

268 2144 669 2214 πνευματικῶν
702 2145 910 2215 δοτῆρα
956 2147 1052 2200 καὶ
1090 2145 1329 2218 χορηγόν
1351 2160 1364 2174 °
1393 2145 1780 2210 ἀναπείθοντες
1825 2145 1881 2200 δὲ

268 2236 482 2308 μᾶλλον
515 2239 691 2292 αἰτεῖν
720 2238 821 2308 τὴν
849 2239 1155 2310 εὐημερίαν
1191 2237 1342 2308 παρά
1371 2237 1481 2290 τῶν
1507 2237 1882 2308 ψευδωνύμων

267 2328 436 2382 θεῶν.
475 2348 496 2379 ι
523 2327 712 2400 Ταύτῃ
734 2346 837 2392 τοι,
869 2331 1058 2400 φησιν,
1081 2321 1482 2403 ἐξηράνθησαν,
1507 2332 1582 2396 ὼς
1607 2332 1707 2385 οὐκ
1732 2332 1886 2403 ἕχον-

263 2439 355 2486 τες
394 2421 582 2484 ὑετὸν,
618 2423 715 2475 καὶ
765 2422 1131 2494 ἐκακώθησαν
1167 2424 1243 2488 ώς
1287 2424 1558 2496 πρόϐατα.
1604 2444 1622 2477 ι
1652 2426 1727 2479 Οὐ
1774 2427 1884 2496 γὰρ

264 2508 328 2584 ἦν
364 2514 602 2585 βοτάνη,
634 2532 652 2565 ι
687 2515 790 2568 ούκ
815 2508 883 2586 ἧν
911 2515 1075 2578 ίάσις.
1111 2535 1128 2566 ι
1163 2516 1235 2569 Οὐ
1265 2516 1375 2588 γὰρ
1409 2510 1478 2588 ἦν
1506 2517 1690 2580 αὐτοῖς
1726 2518 1752 2569 ὁ
1781 2533 1884 2570 κα.-

262 2607 565 2685 τᾶδεσμῶν
615 2607 678 2661 τὸ
717 2609 1208 2680 συντετριμμένον,
1258 2612 1286 2663 ὁ
1328 2609 1564 2663 ἁνιστῶν
1592 2609 1653 2662 τὸ
1683 2613 1885 2684 κατερ-

269 2699 580 2770 ῥαγμένον,
614 2701 644 2752 ὁ
672 2699 1063 2771 ἀνακτώμενος
1097 2703 1159 2756 τὸ
1184 2701 1594 2774 κεκακωμένον.
1635 2702 1884 2774 Προσεκ-

266 2791 388 2844 τέον
449 2789 517 2862 δὴ
562 2785 683 2855 οὖν,
711 2791 835 2861 οὐχὶ
883 2795 997 2855 τοῖς
1043 2793 1552 2868 ἀποφθεγγομένοις
1574 2799 1644 2855 τὰ
1669 2795 1892 2868 μάταια,

265 2883 605 2952 ψευδοεπέσι
629 2899 690 2936 τε
707 2882 802 2936 καὶ
825 2881 1183 2954 βωμολόχοις,
1211 2884 1302 2938 καὶ
1326 2887 1415 2936 ὲνυ
1425 2888 1710 2949 πνιασταῖς
1725 2903 1740 2918 θ
1765 2886 1884 2958 Θεῴ

266 2975 319 3028 δὲ
350 2973 572 3046 μᾶλλον
599 2974 678 3047 τῷ
713 2976 792 3040 εἰς
821 2973 947 3028 νοῦν
984 2977 1119 3047 ἡμῖν
1152 2976 1584 3047 ὲναστράπτοντι
1621 2978 1719 3049 τῆς
1750 2977 1884 3049 ἀλη-

266 3068 396 3134 θοῦς
422 3068 767 3138 Θεογνωσίας
798 3067 860 3122 τὸ
903 3067 1042 3138 φῶς,
1075 3068 1168 3123 καὶ
1204 3071 1430 3140 νοητοὺς
1479 3069 1670 3133 ὑετοὺς
1713 3088 1882 3124 κατα-

1098 270 1657 330 COMMENTARIUS
1695 267 1761 325 1N
1807 268 2210 325 ZACHARIAM
2256 269 2700 326 PRUPHETAM.

275 387 414 447 οῐνον
443 391 595 463 ἔχειν
624 391 823 458 αὑτὰς.
855 390 956 447 ἀλλ
1001 392 1124 446 οὐδὲ
1155 392 1332 456 ὑετοῖς
1361 390 1734 464 κατάρδεσθαι
1767 392 1882 453 τοῖς

1990 402 2202 459 geutur,
2247 403 2305 446 ut
2353 392 2474 447 inde
2521 393 2576 446 in
2614 390 2760 458 agris
2795 371 3026 470 .h‘erbam
3066 405 3169 444 non
3206 390 3462 447 habeant.
3516 391 3582 446 Et

3481 270 3584 326 €63

1989 487 2150 538 verba
2183 485 2398 554 quidem
2422 495 2682 552 tauquam
2707 483 2775 536 de
2803 481 2964 537 rebus
2990 498 3207 537 sensum
3236 484 3582 552 tangentibus

1990 575 2144 640 ﬁunt,
2201 577 2295 630 sed
2346 590 2508 644 quam
2566 575 2846 629 continent
2907 571 3193 639 theoriam,
3235 575 3448 627 subtilis
3496 587 3582 626 est

1987 669 2300 735 admodum,
2335 679 2388 723 et
2431 669 2738 737 purissima.
2791 665 3162 736 lnquitenim,
3194 667 3301 720 Deo
3351 666 3583 719 faciente

1989 761 2326 830 phantasias,
2363 762 2464 816 hoc
2511 771 2596 815 est
2634 759 2866 830 fulgura,
2917 771 2970 813 et
3021 758 3257 829 pluviam
3297 756 3580 811 hibernam

1991 855 2149 908 terris
2181 855 2366 908 utilem
2395 851 2726 920 eﬂ‘uudeute,
2768 862 2822 907 et
2849 855 3067 921 cuique,
3099 851 3392 920 agrestium
3432 850 3582 901 vidc-

1988 945 2134 1012 licet,
2189 947 2409 1001 herbam
2441 948 2841 1016 suppeditante,
2869 947 3206 999 seduxerunt
3227 957 3340 1000 eos.
3371 939 3461 1009 qui
3507 939 3582 994 lo-

1989 1052 2248 1111 quuntur,
2277 1043 2384 1096 hoc
2412 1050 2496 1095 est
2553 1040 2844 1110 falsiloqui,
2881 1048 2930 1094 et
2969 1041 3276 1106 tuentlaces,
3303 1049 3357 1094 et
3387 1039 3580 1093 vatici-

1991 1137 2080 1190 nia
2103 1136 2168 1189 de
2196 1135 2358 1190 corde
2385 1148 2485 1188 suo
2511 1131 2869 1202 proferentes.
2899 1131 2960 1186 lli
2994 1132 3154 1186 locuti
3188 1142 3313 1186 sunt
3342 1132 3581 1195 labores,

1987 1226 2094 1282 hoc
2122 1236 2218 1282 εει·
2269 1241 2378 1281 non
2413 1226 2481 1280 ad
2522 1224 2762 1295 requiem
2791 1225 3130 1280 credentium
3178 1224 3318 1289 illis;
3356 1226 3449 1279 sed
3484 1239 3583 1292 per

1989 1335 2110 1390 quae
2167 1328 2490 1390 cogerentur
2519 1320 2729 1373 versari
2759 1318 2812 1371 iu
2846 1317 3082 1380 miseria,
3126 1326 3183 1370 ut
3211 1315 3378 1370 Deum
3410 1315 3582 1370 uli‘en—

1988 1409 2202 1475 dentes,
2230 1421 2284 1464 et
2328 1409 2397 1465 ab
2419 1425 2482 1464 eo
2515 1411 2774 1478 despecti.
2815 1406 2980 1480 746
3010 1407 3180 1460 Porro
3231 1407 3383 1459 arioli
3411 1412 3580 1461 etiam

1989 1505 2200 1560 somnia
2242 1501 2375 1556 falsa
2402 1504 2794 1571 loquebantur,
2825 1502 3128 1554 mulcentes
3183 1514 3372 1553 eorum
3417 1514 3582 1554 aures

1989 1596 2243 1652 videlicet
2270 1597 2430 1650 rebus
2451 1595 2728 1666 jucundis,
2761 1601 2814 1649 et
2837 1592 2975 1647 bona
3000 1607 3095 1662 Spe
3119 1605 3425 1661 pascentes,
3447 1589 3582 1644 nihil

1990 1700 2172 1746 tamen
2204 1705 2392 1744 verum
2445 1687 2687 1744 dicentes
2714 1705 2725 1741 :
2759 1686 2854 1742 sed
2885 1687 2940 1741 in
2983 1685 3229 1740 fraudem
3251 1695 3305 1740 et
3334 1699 3580 1740 errorem

1985 1784 2336 1854 abripientes,
2392 1781 2726 1850 minimeque
2808 1778 3170 1850 spiritualium
3223 1779 3466 1834 datorem
3527 1785 3585 1830 ει

1984 1876 2442 1946 Suppetlitatorem
2467 1872 2573 1926 illis
2605 1871 2955 1927 ostendentes
2977 1886 2990 1935 ;
3011 1871 3138 1940 quin
3165 1870 3588 1940 persuatlentes,

1984 1968 2064 2023 uti
2100 1967 2416 2022 felicitatem
2465 1965 2645 2035 potius
2673 1981 2699 2016 a
2735 1963 2838 2017 diis
2870 1962 3260 2017 commentitiis
3320 1976 3582 2030 extiosce-

1983 2069 2127 2115 rent.
2163 2077 2184 2112 ι
2244 2059 2386 2125 Ideo,
2421 2058 2612 2126 inquit,
2659 2065 3012 2120 exaruerunt,
3065 2064 3123 2108 ut
3178 2069 3283 2108 non
3318 2053 3580 2108 habentes

1985 2155 2244 2225 pluviam,
2273 2161 2326 2205 et
2369 2149 2556 2206 amicti
2595 2161 2744 2215 sunt,
2806 2156 2865 2202 ut
2903 2161 3052 2202 oves.
3095 2166 3114 2200 ι
3149 2147 3264 2200 Non
3285 2147 3428 2202 enim
3462 2157 3582 2202 erat

1986 2250 2178 2312 herba,
2214 2269 2234 2300 ι
2283 2263 2388 2302 non
2413 2256 2532 2302 erat
2557 2246 2790 2302 sanatio.
2833 2263 2851 2296 ι
2899 2243 3081 2313 Neque
3115 2244 3259 2296 enim
3290 2252 3409 2296 erat
3439 2242 3582 2295 inter

1990 2356 2085 2397 eos
2107 2341 2199 2410 qui
2229 2340 2472 2410 alligaret
2499 2339 2639 2408 quod
2675 2338 2991 2398 contritum,
3027 2335 3118 2404 qui
3149 2337 3383 2401 erigeret
3438 2333 3582 2402 quod

1987 2432 2350 2497 confractum,
2407 2430 2499 2500 qui
2539 2438 2816 2483 recrearet
2882 2429 3023 2498 quod
3065 2423 3321 2480 amictum
3356 2434 3476 2480 erat
3513 2425 3581 2479 η.

1987 2522 2388 2578 Attendeudum
2423 2522 2610 2588 igitur,
2642 2535 2745 2573 non
2779 2517 3121 2586 loquentibus
3155 2532 3313 2580 vana,
3360 2515 3584 2569 menda~

1987 2614 2249 2681 cibosque
2297 2621 2354 2666 et
2398 2610 2829 2665 assentatoribus
2873 2619 2926 2662 et
2989 2607 3434 2669 somniatoribus,
3485 2602 3584 2659 sed

1988 2703 2100 2758 Deo
2128 2705 2332 2773 potius,
2368 2703 2576 2756 lumine
2606 2717 2746 2756 verte
2780 2701 3108 2772 cognitionis
3143 2699 3340 2752 divinae
3365 2699 3415 2758 in
3462 2698 3585 2751 ani-

1990 2811 2134 2849 mum
2188 2795 2522 2859 coruscanti,
2562 2803 2615 2848 et
2665 2794 2877 2863 pluvias
2929 2791 3292 2855 intellectiles,
3345 2789 3584 2858 Spiritus

1988 2886 2161 2942 sancti
2188 2886 2604 2952 consolationes,
2634 2886 2883 2955 inquam,
2925 2882 3232 2938 demittenti
3263 2892 3319 2936 et
3358 2883 3581 2936 herbam

1987 2979 2292 3051 agrestibus
2326 2979 2667 3050 producenti,
2703 2979 2844 3046 quod
2889 2985 2992 3040 est,
3032 2976 3170 3028 velut
3214 2975 3266 3027 in
3318 2971 3584 3027 viridissi-

1991 3088 2074 3124 tua
2097 3071 2285 3133 herba,
2313 3069 2364 3122 iu
2387 3071 2695 3139 cognitione
2713 3068 2841 3120 nulli
2870 3066 3276 3135 reprehensioni
3307 3065 3542 3119 obnoxia
3563 3103 3582 3129 ,

266 3162 478 3234 χέοντι,
525 3136 628 3226 τὰς
662 3159 750 3214 διὰ
779 3159 874 3214 τοῦ
918 3136 1079 3229 ἀγίου
1111 3136 1431 3233 Πνεύματος
1481 3162 1880 3234 παρακλήσεις,

1990 3179 2051 3217 ac
2107 3163 2367 3216 divinitus
2435 3136 2710 3230 inspirata:
2792 3159 3088 3229 Scriptura:
3143 3173 3240 3212 nos
3318 3161 3582 3226 pascenti.

266 3253 442 3325 λέγω,
479 3255 578 3307 καὶ
604 3252 840 3323 βοτάνην
870 3253 1168 3322 άναφύοντι
1198 3255 1312 3317 τοῖς
1341 3254 1399 3308 ὲν
1429 3253 1604 3326 ἀγρῷ,
1633 3255 1882 3308 τουτέστι

265 3347 464 3412 πάλιν,
496 3345 905 3416 εύανθεστάτην
934 3346 1126 3419 ῶσπερ
1155 3347 1305 3418 ἡμᾶς
1335 3348 1696 3418 κατανέμοντι
1722 3347 1900 3416 πόαν,

263 3438 362 3510 τῆς
421 3438 801 3492 θεοπνεύστου
864 3439 1088 3510 Γραφῆς
1142 3439 1242 3510 τὴν
1298 3438 1601 3511 ἀμώμητον
1653 3439 1876 3508 γνῶσιν.

271 3551 292 3584 ι
331 3529 676 3603 Ἀνθρωπος
721 3532 825 3603 μὲν
853 3530 964 3603 γάρ
1004 3535 1061 3586 ὲν
1095 3535 1230 3604 τιμῇ
1262 3530 1360 3597 ῶν,
1405 3534 1464 3586 ού
1515 3533 1739 3603 συνῆκε,
1771 3549 1875 3585 πα-

268 3624 664 3698 ραπνεόλήθη
691 3627 802 3688 τοῖς
825 3627 1046 3696 κτήνεσι
1072 3627 1187 3689 τοῖς
1205 3627 1472 3696 ἀνοήτοις,
1504 3626 1596 3680 καὶ
1623 3623 1882 3696 ὡμοιώθη

267 3721 486 3782 αὐτοῖς.
528 3737 550 3770 ι
597 3717 739 3770 Ἀλλ’
775 3720 824 3771 εί
867 3717 981 3772 ἕλοι
1010 3735 1128 3782 πως
1175 3719 1256 3782 εἰς
1288 3717 1415 3771 νοῦν
1455 3717 1562 3771 τῶν
1609 3717 1771 3771 θείων
1797 3717 1884 3770 λο-

268 3809 408 3880 γίων
429 3809 538 3882 τὴν
563 3809 792 3880 γνῶσιν,
821 3810 920 3864 καὶ
944 3811 1152 3882 τροφῆς
1201 3811 1463 3882 μετάσχοι
1493 3810 1594 3880 τῆς
1638 3826 1886 3880 πνευμα-

1993 3272 2012 3306 ι
2053 3255 2222 3308 ΙΙοιιιο
2247 3253 2392 3308 enim
2426 3268 2546 3308 cum
2599 3254 2652 3306 in
2687 3253 2892 3307 honore
2924 3261 3090 3314 esset,
3121 3267 3223 3304 non
3269 3249 3534 3306 intellexit
3567 3267 3581 3304 :

1989 3357 2336 3418 Comparatus
2387 3357 2471 3402 est
2512 3347 2779 3416 junieutis
2834 3345 3250 3414 insipientibus,
3286 3352 3341 3398 et
3390 3343 3588 3398 similis

1992 3441 2169 3496 factus
2195 3452 2281 3495 cst
2330 3440 2436 3494 illis
2469 3440 2537 3492 ".
2574 3458 2592 3493 ι
2629 3438 2737 3494 Sed
2770 3439 2814 3494 si
2845 3439 3095 3516 notitiam
3138 3437 3445 3492 divinorum
3479 3434 3588 3489 elo-

1989 3537 2238 3606 quiorum
2271 3536 2324 3589 in
2356 3547 2543 3604 pectus
2585 3532 2892 3596 admiserit,
2921 3541 2974 3587 et
3009 3532 3076 3585 de
3114 3529 3373 3585 alimento
3420 3528 3587 3598 Spiri-

1991 3627 2120 3680 tuali
2153 3625 2586 3695 participaverit,
2624 3635 2736 3679 tum
2775 3626 2990 3678 demqu
3039 3622 3258 3692 spurius
3282 3636 3405 3677 esse
3440 3620 3588 3674 desi-

1991 3732 2148 3782 nens,
2179 3717 2430 3790 prudenti
2462 3719 2672 3772 ratione
2699 3716 3054 3788 gubernatus,
3079 3723 3134 3768 et
3165 3711 3589 3780 cogitationibus

1992 3810 2216 3868 homine
2250 3811 2428 3881 dignis
2457 3809 2746 3878 susceptis,
2781 3823 2995 3862 rursum
3025 3809 3077 3860 in
3115 3806 3322 3860 honore
3359 3803 3485 3858 erit.

247 3908 460 3976 ·τικῆς,
503 3904 628 3958 τότε
650 3902 734 3975 δὴ,
795 3903 915 3957 τότε
951 3903 1050 3974 τὴν
1082 3903 1312 3957 νωθείαν
1350 3901 1663 3968 ἀποϐαλὼν,
1693 3903 1750 3956 ὲν
1778 3905 1914 3974 τιμῇ
1956 3904 2121 3960 πάλιν
2185 3903 2362 3970 ἔσται,
2393 3903 2640 3976 λογισμῷ
2685 3901 2765 3973 τῷ
2794 3900 3034 3972 σώφρονι
3069 3895 3460 3969 διοικούμενος,
3493 3897 3589 3951 καὶ

268 3997 367 4068 τὴν
399 3995 686 4068 ἀνθρώπῳ
711 3996 1032 4068 πρέπουσαν
1064 3996 1349 4051 ἀναλαϐὼν
1376 3996 1449 4069 (1)
1474 3996 1668 4068 φρένα.

351 4091 493 4146 Ἐπί
532 4090 682 4158 τοὺς
733 4091 1024 4162 ποιμένας
1062 4094 1424 4163 παρωξύνθη
1460 4095 1494 4146 ι)
1529 4094 1717 4164 θυμός
1739 4111 1882 4165 μου,

271 4185 371 4239 καί
407 4185 516 4239 ἐπὶ
549 4185 694 4250 τοὺς
722 4184 954 4258 ἀμνοὺς
977 4185 1406 4254 ἐπισκέψομαι.

341 4279 472 4333 ΞΖ’.
510 4277 812 4347 Ποιμένας
841 4280 898 4332 ἐν
933 4277 1169 4344 τούτοις,
1208 4278 1460 4351 καθάπερ
1495 4270 1730 4348 ἐγῷμαι,
1758 4277 1886 4344 τοὺς

268 4367 743 4440 ψευδοπροφήτας
771 4370 867 4423 καὶ
887 4369 1282 4441 ψευδομάντεις
1317 4371 1604 4436 ἀποκαλεῖ,
1637 4370 1733 4424 καὶ
1761 4371 1886 4435 τοὺς

269 4462 369 4532 τῆς
401 4461 630 4532 ἀπάτης
685 4459 1028 4531 καθηγητὰς,
1075 4461 1298 4534 δλεθρόν
1329 4480 1388 4516 τε
1439 4463 1534 4517 καὶ
1579 4462 1764 4534 πάγην
1795 4479 1888 4533 γε-

269 4554 512 4622 γονότας
546 4554 682 4616 τοῖς,
715 4552 764 4606 οἳ
794 4554 893 4624 τῆς
921 4553 1160 4624 ἀληθοῦς
1185 4557 1314 4626 περὶ
1343 4555 1480 4608 Θεοῦ
1514 4555 1672 4626 δόξης
1707 4557 1892 4627 ἡμαρ-

269 4645 538 4716 τηκότες,
571 4644 672 4716 τὴν
715 4644 866 4717 αὑτῷ
901 4649 1220 4716 πρέπουσαν
1267 4648 1454 4720 τιμὴν,
1508 4646 1604 4701 καὶ
1633 4648 1891 4720 λατρείαν

273 4735 676 4792 ἀνατεθείκασι
727 4740 794 4810 τῇ
841 4738 1037 4806 κτίσει,
1079 4742 1172 4793 καὶ
1208 4739 1625 4813 προσεκύνησαν
1657 4741 1771 4804 τοῖς
1800 4738 1892 4812 έρ-

272 4842 395 4894 γοις
427 4824 545 4878 τῶν
579 4825 729 4879 ίδίων
762 4827 986 4898 χειρῶν,
1023 4827 1170 4882 καθά
1195 4828 1529 4901 γέγραπται.

351 4917 476 4970 Οὐκ
510 4917 779 4971 ἀπίθανον
814 4919 870 4972 δὲ
901 4923 1013 4980 τοῖς
1045 4919 1444 4989 ψευδομάντεσι
1485 4920 1580 4974 καὶ
1624 4921 1750 4985 τοὺς
1783 4920 1892 4976 τῶν

287 5007 574 5080 ⁹Ελλήνων
624 5011 862 5081 συνάψαι
909 5012 1166 5081 λογάδας,
1199 5013 1248 5067 οἳ
1286 5012 1351 5085 δὴ
1401 5015 1557 5083 σοφοὶ
1607 5014 1890 5080 δοκοῦντες

277 5103 444 5168 ἄγαν,
483 5103 605 5167 ταῖς
637 5102 849 5156 ἑαυτῶν
878 5104 1238 5174 εύγλωττίαις
1263 5108 1387 5169 τοὺς
1415 5108 1600 5170 αὐτοῖς
1628 5124 1892 5180 προσκει-

281 5193 488 5260 μένους
524 5195 937 5268 πεπλανήκασι,
976 5198 1069 5252 καὶ
1097 5197 1288 5267 ὥσπερ
1315 5198 1458 5262 τινὲς
1498 5199 1760 5270 ποιμένες
1792 5201 1893 5253 οὐκ

280 5287 488 5352 ἁγαθοὶ
542 5289 961 5361 κατεὸόσκησαν
1005 5294 1062 5344 ὲν
1107 5292 1397 5357 ἀκάνθαις,
1431 5293 1526 5346 καὶ
1567 5295 1646 5358 εἰς
1689 5293 1892 5364 πολλὴν

284 5377 624 5450 ἀχρειότητα
667 5379 886 5454 σαθρῶν
926 5381 1168 5438 ἐννοιῶν.
1215 5383 1282 5436 Τί
1330 5383 1438 5455 γὰρ
1491 5387 1620 5454 παρ’
1661 5383 1892 5451 ἐκείνοις

2070 4092 2230 4148 Vens.
2263 4092 2314 4146 5.
2351 4090 2525 4157 Super
2551 4100 2784 4159 pastores
2802 4088 3096 4142 concitatur
3124 4097 3198 4142 eu
3233 4086 3388 4157 [uror
3420 4103 3590 4155 uicus,

1993 4198 2042 4244 et
2068 4204 2227 4254 super
2253 4203 2416 4258 agnos
2445 4185 2688 4240 visitabo.

2066 4279 2277 4336 LXVII.
2341 4277 2590 4332 Ραειονεε
2647 4275 2748 4329 hoc
2783 4274 2924 4340 loco,
2955 4281 3013 4328 ut
3041 4272 3304 4338 arbitror,
3357 4272 3589 4340 pseudo-

1996 4371 2288 4442 prophetas
2315 4377 2370 4423 et
2399 4367 2567 4422 falsos
2598 4373 2832 4428 vates,et
2861 4363 3155 4434 magistros
3175 4360 3591 4437 errorisappel-

1991 4463 2090 4528 lat,
2147 4474 2463 4533 pestemque
2505 4470 2560 4513 ct
2611 4458 2862 4529 laqueum
2897 4455 2987 4520 iis,
3048 4454 3140 4524 qui
3200 4469 3330 4509 vera
3363 4455 3428 4508 de
3483 4454 3592 4508 Deo

1991 4558 2246 4628 opinione
2279 4554 2490 4620 relicta,
2544 4553 2806 4607 honorem
2836 4558 2890 4603 et
2920 4548 3124 4604 cultum
3176 4547 3275 4615 ipsi
3308 4548 3588 4616 proprium

1993 4658 2260 4708 creatura:
2290 4649 2630 4706 dedicaruat.
2653 4655 2889 4716 etopera
2915 4656 3176 4697 manuum
3233 4655 3460 4696 suarum
3497 4641 3594 4695 ad-

1995 4749 2314 4810 Oraveruut,
2349 4739 2492 4793 sicut
2520 4738 2784 4808 scriptum
2808 4733 2979 4792 est".

2073 4921 2186 4976 Nec
2234 4922 2470 4976 alienum
2535 4925 2619 4974 est
2680 4917 2831 4973 falsis
2880 4915 3096 4971 vatibus
3155 4914 3320 4969 etiam
3377 4911 3599 4971 (ιι-ωεστ

1998 5017 2260 5086 quosdam
2309 4993 2463 5083 quasi
2514 5011 2779 5082 majorum
2827 5009 3070 5080 gentium
3130 5006 3450 5076 adiungere,
3503 5006 3596 5073 qui

1999 5123 2121 5163 cum
2176 5103 2564 5176 sapientissimi
2622 5111 3064 5168 numerarentur,
3112 5099 3427 5170 eloquentia
3493 5112 3597 5151 Stl‘l

2000 5201 2134 5271 ipsis
2167 5204 2510 5255 adhaerentes
2564 5198 2922 5261 seduxerunt,
2977 5206 3034 5250 et
3088 5203 3147 5249 ut
3184 5203 3432 5264 pastores
3488 5207 3592 5243 non

2002 5296 2126 5350 boni
2163 5295 2214 5348 in
2261 5294 2454 5364 spinis,
2487 5302 2539 5348 ct
2594 5295 2647 5347 in
2708 5292 2874 5348 multa
2915 5290 3157 5345 vanitate
3207 5287 3594 5358 cogitationum

2003 5388 2277 5443 inutilium
2317 5396 2599 5458 paverunt.
2635 5386 2773 5454 Quid
2801 5384 2947 5442 enim
2985 5382 3128 5454 apud
3160 5380 3280 5437 illos
3311 5378 3379 5434 ad
3404 5375 3592 5448 coqui-

361 5556 410 5589 ”
437 5556 640 5613 Ezeeh.
677 5571 864 5626 xxxrv,
907 5561 961 5615 4.
1041 5559 1085 5592 ³ο
1108 5559 1252 5616 Psal.
1285 5576 1473 5630 xum,
1507 5561 1594 5617 l5.
1673 5563 1714 5596 ³¹
1739 5561 1878 5618 Psal.

1990 5577 2063 5631 tu,
2096 5561 2126 5616 4
2156 5579 2306 5634 seqq.

361 5735 446 5808 (1)
476 5737 771 5809 Aubertus,
806 5742 1114 5798 ἀνασαλών.
1147 5741 1306 5801 Εοιτ.
