4130 6476
524 303 623 360 165

1516 287 1568 341 S.
1611 281 1886 340 CYRILLI
1926 275 2397 336 ALEXANDRINI
2437 272 2758 331 ARCHIEP.

3705 261 3801 322 ιιι

529 416 732 468 tionem
758 407 1004 464 veritatis
1052 402 1346 460 conducit?
1370 400 1434 455 lli
1465 398 1766 470 dignissimi
1801 408 1925 452 sunt
1957 395 2046 465 qui
2083 410 2110 448 a

2227 394 2278 446 τὸ
2303 393 2383 455 είς
2411 393 2706 459 ἐπίγνωσιν
2735 387 2993 460 ἀληθείας
3017 385 3293 456 ώφελοῦν;
3325 381 3482 437 Κατά
3508 380 3715 434 τούτων
3738 381 3802 434 ἂν

527 507 640 560 Deo
659 503 970 573 puniantur.
1003 497 1119 553 Non
1148 497 1294 552 enim
1346 491 1720 548 tantummodo
1749 503 1875 543 suas
1901 489 2113 541 animas

2227 487 2446 556 γένοιτο,
2489 485 2585 538 καὶ
2630 483 2699 536 τὰ
2728 484 2792 536 ἐκ
2837 482 2990 545 Θείας
3029 480 3222 552 ὀργῆς,
3267 477 3362 530 κα)⁸
3411 474 3556 546 μάλα
3586 473 3800 533 αἰσίως.

528 595 916 666 perdiderunt,
954 591 1048 646 sed
1085 590 1306 658 insuper
1335 587 1562 642 aliorum
1589 585 1643 639 in
1673 597 1916 637 errorem
1955 580 2114 635 indu-

530 691 750 747 xerunt,
802 691 862 735 ut
915 680 1049 744 dixi,
1103 679 1392 732 verberum
1452 673 1702 745 ampullis
1773 671 2113 726 mendacium

534 775 690 845 quasi
721 774 1052 836 inaurantes,
1087 769 1249 842 747
1283 779 1338 824 et
1368 768 1615 822 oratione
1647 765 1712 819 ad
1743 765 2113 832 deccptionem

537 865 845 920 abutentes.
878 861 1074 917 Visitat
1102 873 1280 915 autem
1313 875 1500 930 agnos,
1531 859 1816 912 miseratus
1845 855 2115 920 videlicet,

535 968 591 1012 et
616 971 679 1010 ex
717 953 928 1008 fallacia
957 953 1022 1004 ad
1050 951 1379 1019 agnitionem
1413 948 1656 1002 veritatis
1681 944 2034 1010 transferens,
2065 953 2120 1000 et

537 1060 605 1100 cx
628 1046 781 1113 vagis
811 1043 1087 1097 erroribus
1130 1043 1184 1096 in
1225 1042 1372 1095 viam
1403 1046 1604 1093 rectam
1635 1037 1935 1106 impellens.
1969 1035 2120 1090 Sicut

539 1138 680 1191 enim
718 1151 804 1189 res
860 1132 1136 1204 poscebat,
1173 1130 1543 1201 uginjuriosis
1582 1129 1634 1182 in
1664 1143 1759 1182 eos
1785 1143 1882 1198 pro
1910 1128 2120 1198 magni-

538 1229 725 1282 tudine
758 1227 1079 1297 injuriarum
1131 1223 1394 1294 supplicia
1438 1223 1847 1293 irrogarentnr;
1899 1221 1969 1275 ita
2004 1235 2125 1274 rur-

535 1334 653 1374 sum
707 1333 828 1371 cum
897 1317 1083 1372 divina
1130 1315 1568 1378 mansuetudine,
1612 1322 1665 1366 et
1708 1313 1856 1380 justo
1897 1310 2120 1380 judicio,

537 1410 1049 1478 coniunctissimum
1109 1409 1236 1470 erit,
1275 1408 1561 1477 benignam
1623 1407 1676 1459 in
1706 1420 1800 1460 eos
1849 1406 1938 1474 qui
1997 1406 2122 1458 talia

537 1505 681 1574 passi
729 1512 850 1557 sunt
885 1501 1028 1557 ferre
1058 1501 1408 1556 sententiam.
1445 1498 1742 1568 Oportebat
1768 1500 1933 1564 enim,
1965 1513 2127 1566 opor-

539 1597 702 1660 tebat,
737 1578 999 1664 .inquam,
1038 1595 1237 1649 salvari
1273 1593 1456 1662 inique
1510 1601 1790 1654 tractatus,
1824 1591 1932 1644 Deo
1971 1605 2032 1645 se
2057 1592 2124 1644 ab

2228 576 2584 646 Ὠλόορευσαν
2632 573 2740 645 γὰρ
2777 572 2897 642 οὐχὶ
2936 571 2999 642 δὴ
3030 571 3188 640 μόνον
3215 567 3314 630 τὰς
3352 562 3561 618 ἑαυτῶν
3601 561 3803 632 ψυχὰς,

2215 666 2354 721 ἀλλά
2378 665 2516 736 πρὸς
2541 662 2767 725 ταύταις
2789 663 2884 716 καὶ
2911 661 3009 724 τὰς
3037 659 3240 729 ἐτέρων
3263 654 3698 724 πεπλανήκασιν.
3733 651 3810 712 ώς

2217 758 2378 826 ἔφην,
2408 755 2488 824 τῷ
2519 754 2620 825 τῆς
2648 752 2846 818 λέξεως
2870 753 3067 822 κόμπῳ
3093 748 3377 820 μονονουχὶ
3410 741 3830 813 καταχρυσοῦν-

2217 865 2307 910 τες
2333 845 2395 899 τὸ
2433 843 2629 914 ψεῦδος
2655 845 2747 896 καὶ
2775 841 2874 912 τὴν
2900 840 2994 893 τοῦ
3039 839 3199 906 λόγου
3229 838 3419 908 χρείαν
3457 833 3815 893 δαπανῶντες

2219 941 2300 1004 είς
2325 936 2718 1010 φενακισμούς.
2753 931 3172 988 Ἐπισκέπτεταί
3201 946 3266 999 γε
3301 929 3407 999 μὴν
3433 928 3560 988 τοὺς
3578 923 3806 993 ἁμνούς,

2220 1030 2505 1101 οἰκτείρων
2557 1027 2821 1098 δηλονότι,
2873 1025 2966 1078 καὶ
3021 1022 3331 1094 μετατιθεὶς
3365 1019 3426 1083 ἐξ
3473 1017 3696 1085 ἀπάτης
3727 1015 3808 1076 είς

2221 1124 2320 1194 τὴν
2345 1123 2443 1193 τῆς
2475 1119 2732 1191 ἀληθείας
2770 1118 3089 1186 ἐπίγνωσιν,
3118 1114 3212 1167 καὶ
3247 1116 3312 1167 ἐκ
3341 1109 3439 1163 τοῦ
3470 1106 3811 1194 περιπλανά-

2225 1191 2349 1269 σθαι
2402 1191 2723 1284 μετασοόῶν
2765 1211 2845 1270 είς
2893 1208 3112 1260 εὐθεῖαν
3153 1205 3292 1258 ὁδόν.
3323 1203 3536 1270 Ὥσπερ
3582 1196 3691 1266 γὰρ
3739 1191 3810 1266 ἦν

2224 1309 2538 1369 ἀκόλουθον,
2593 1307 2703 1368 τοῖς
2745 1302 3063 1372 ἠδικηκόσιν
3102 1298 3296 1359 αὐτοὺς
3325 1295 3424 1366 τὴν
3461 1296 3574 1355 τοῖς
3617 1289 3809 1359 ἀδική-

2228 1419 2362 1474 μασι
2413 1399 2732 1470 πρέπουσαν
2781 1393 3091 1464 ἐπαρτῆσαι
3132 1390 3316 1458 δίκην·
3363 1385 3506 1438 οὕτω
3553 1382 3616 1453 δὴ
3645 1380 3812 1434 πάλιν

2226 1491 2565 1564 θεοπρεποῦς
2596 1487 2954 1559 ἡμερότητος,
2992 1483 3085 1537 καὶ
3109 1482 3293 1551 ψήφου
3323 1477 3537 1538 δικαίας
3575 1475 3813 1544 ἀμοιρή-

2228 1601 2371 1638 σειεν
2395 1584 2460 1638 ἂν
2482 1578 2754 1652 οὐδαμῶς,
2774 1579 2833 1631 τὸ
2860 1577 2952 1630 ἐπὶ
2975 1579 3084 1637 τοῖς
3110 1571 3402 1626 πεπονθόσι
3429 1566 3810 1638 φιλάνθρωπον

538 1690 619 1744 eis
654 1697 814 1742 antea
848 1687 1030 1742 laesum
1061 1687 1439 1748 obliviscente,
1466 1694 1520 1738 et
1543 1692 1822 1754 pastorum
1847 1682 2124 1736 fraudibus

2228 1680 2422 1748 κρῖμα.
2453 1674 2602 1728 Ἔδει
2629 1674 2758 1744 γὰρ,
2790 1671 2897 1723 ἔδει
2947 1667 3214 1730 σώζεσθαι
3254 1664 3382 1726 τοὺς
3423 1658 3809 1730 ἠδικημένους,

539 1781 816 1852 magis,ac
871 1787 1068 1849 praeter
1124 1779 1454 1833 voluntatem
1503 1777 1758 1832 subactos
1785 1787 1945 1845 poena
1991 1773 2124 1827 libe-

2228 1747 2738 1838 ἀμ’)ησικακοῦντος
2789 1760 2946 1824 Θεοῦ,
3000 1759 3095 1811 καὶ
3146 1756 3340 1826 ποινῆς
3378 1751 3814 1811 ἀπαλλάττοντος

539 1883 710 1929 tante.

613 2050 778 2106 Vens.
815 2051 871 2119 4,
909 2048 1052 2106 5.Ει
1074 2048 1304 2104 risitabit
1332 2046 1587 2101 Dominus
1625 2043 1764 2098 Deus
1800 2042 2122 2112 omnipotens

545 2162 747 2219 gregem
781 2160 932 2197 suum
978 2143 1192 2196 domum
1234 2139 1403 2202 Juda,
1431 2148 1480 2193 et
1522 2147 1673 2206 ponet
1713 2153 1800 2190 eos
1850 2145 1906 2188 ut
1937 2150 2125 2204 equum

539 2240 787 2292 decorum
817 2251 968 2289 suum
992 2235 1048 2288 in
1081 2233 1286 2302 pra'lio,
1315 2241 1361 2285 et
1379 2246 1444 2284 ex
1466 2235 1576 2300 ipso
1600 2229 1896 2294 respexit,et
1920 2242 1984 2280 ea:
2011 2226 2125 2294 ipso

543 2327 716 2396 posuit
755 2342 936 2378 arcum
971 2326 1025 2378 in
1053 2324 1240 2393 spiritu
1277 2321 1493 2392 furoris.
1522 2318 1588 2372 Et
1613 2333 1677 2372 ex
1700 2321 1811 2387 ipso
1834 2316 2126 2387 egredietur

546 2419 716 2472 omnis
764 2417 980 2471 abactor
1005 2419 1060 2469 in
1100 2417 1350 2484 idipaum,
1376 2423 1422 2467 et
1451 2421 1604 2466 erunt
1655 2411 1804 2482 quasi
1849 2409 2126 2464 bellatores

547 2509 916 2563 conculcantes
945 2507 1112 2561 lutum
1143 2508 1197 2561 in
1212 2506 1308 2560 viis
1339 2505 1391 2557 in
1426 2503 1583 2570 bello,
1609 2513 1656 2557 et
1677 2501 1960 2567 bellabunt,
1999 2499 2125 2570 quia

547 2598 804 2654 Dominus
838 2616 954 2655 cum
979 2601 1072 2654 eis.

614 2875 843 2931 LXVlll.
875 2875 1118 2943 Quonam
1162 2879 1320 2929 modo
1343 2887 1585 2944 pastores
1623 2876 1761 2931 male
1800 2877 2125 2932 inultaturns

546 2971 638 3036 sit,
693 2971 1115 3037 visitaturusque
1165 2976 1220 3022 et
1269 2977 1684 3037 recuperaturus
1740 2985 1929 3038 agnos,
1981 2971 2124 3023 clare

2225 1861 2353 1923 τοὺς
2386 1860 2505 1922 ταῖς
2528 1857 2752 1910 ἐκείνων
2781 1850 3117 1915 πλεονεξίαις
3141 1847 3283 1918 τάχα
3314 1859 3419 1898 που
3452 1843 3548 1896 καὶ
3572 1840 3812 1910 ἀδουλή-

2225 1963 2334 2016 τως
2358 1948 2849 2018 ὐπενηνεγμένους.

2301 2044 2408 2097 Καὶ
2437 2040 2835 2109 ἐπισκέψεται
2859 2038 3076 2104 Κύριος
3103 2037 3136 2088 ὁ
3166 2032 3312 2098 Θεὸς
3334 2031 3365 2084 ὁ
3387 2025 3814 2094 παντοκράτωρ

2229 2136 2296 2190 τὸ
2342 2135 2625 2204 ποίμνιον
2661 2129 2850 2186 αὐτοῦ
2899 2130 3006 2183 τὸν
3043 2125 3211 2182 οἷκον
3251 2122 3467 2184 Ἰούδα,
3510 2120 3607 2175 καί
3645 2117 3814 2181 τάξει

2227 2224 2448 2289 αὐτοὺς
2497 2225 2576 2290 ὡς
2615 2224 2804 2276 ἵππον
2858 2216 3133 2287 εὐπρεπῆ
3191 2214 3378 2269 αὐτοῦ
3431 2212 3502 2266 ἐν
3546 2209 3814 2277 πολέμῳ,

2227 2317 2327 2370 καί
2368 2315 2437 2379 ἐξ
2471 2314 2658 2368 αὐτοῦ
2691 2312 3010 2379 exaggam,
3054 2309 3153 2364 καί
3191 2307 3261 2371 ἐξ
3306 2302 3496 2358 αὑτοῦ
3538 2300 3715 2364 ἔταξε
3745 2298 3819 2352 τὸ

2228 2409 2409 2474 τόξον
2449 2409 2516 2462 ὲν
2547 2407 2839 2476 πνεύματι
2873 2401 3084 2472 θυμοῦ,
3114 2400 3209 2454 καὶ
3245 2398 3314 2463 ἐξ
3346 2395 3533 2450 αὐτοῦ
3578 2392 3822 2456 ἐξελεύ-

2227 2517 2396 2557 σεται
2422 2499 2539 2567 πᾶς
2569 2503 2601 2553 ό
2635 2497 2980 2562 ἐξελαύνων
3006 2495 3076 2547 ἐν
3103 2491 3183 2558 τῷ
3211 2488 3392 2554 αὐτῷ.
3429 2488 3542 2542 Καὶ
3569 2486 3821 2540 ἔσονται

2225 2597 2306 2662 ὡς
2333 2591 2597 2664 μαχηταὶ
2645 2590 2979 2653 πατοῦντες
3025 2586 3228 2654 πηλὸν
3271 2585 3342 2638 ἐν
3374 2581 3506 2645 ταῖς
3552 2576 3716 2643 ὁδοῖς
3744 2576 3822 2628 ἐν

2228 2685 2491 2755 πολέμῳ,
2543 2682 2640 2736 καὶ
2693 2679 3174 2750 παρατάξονται,
3223 2673 3376 2730 διότι
3424 2673 3639 2740 Κύριος
3685 2666 3817 2739 μετ’

2229 2776 2452 2833 αὐτῶν.

2299 2890 2427 2946 ΞΗ’.
2459 2889 2594 2944 Τίνα
2619 2887 2685 2960 δὴ
2711 2885 2911 2958 τρόπον
2960 2883 3170 2936 ἐποίσει
3219 2879 3318 2951 μὲν
3353 2879 3463 2943 τοῖς
3493 2874 3717 2947 ποιμέσι
3745 2873 3821 2929 τὰ

2230 2983 2290 3051 ἐξ
2322 2984 2515 3057 ὀργῆς,
2554 2979 2911 3049 ἐπισκέψεται
2939 2976 2993 3029 δέ
3018 2975 3112 3027 καὶ
3139 2970 3410 3027 ἁνασώσει
3432 2971 3557 3032 τοὺς
3587 2969 3820 3038 ἀμνοὺς,

545 3063 804 3116 ostendit.
835 3059 1114 3114 Productis
1139 3061 1282 3114 enim
1315 3073 1379 3115 ex
1419 3059 1617 3116 Judaeis
1656 3063 1841 3117 mundi
1882 3062 2122 3116 doctori-

2230 3077 2552 3146 καθίστησιν
2599 3070 2848 3143 ἐναργές.
2916 3064 3224 3129 Ἀναδείξας
3266 3063 3376 3134 γὰρ
3426 3061 3485 3126 ἐξ
3550 3059 3822 3112 Ἰουδαίων

552 3153 655 3207 bus
683 3154 884 3206 sanctis
908 3151 1164 3220 apostolis
1211 3160 1266 3205 et
1287 3153 1646 3223 evangelistis,
1671 3168 1765 3224 per
1790 3168 1882 3207 eos
1906 3153 2127 3207 Graecia:

556 3247 829 3314 sapientes
855 3244 1160 3308 debellavit,
1197 3252 1250 3298 et
1283 3247 1352 3299 ab
1397 3260 1583 3300 eorum
1608 3247 1927 3316 garrulitate
1959 3259 2128 3314 agnos

546 3339 768 3404 eripuit,
800 3336 1129 3407 fallaciasque
1157 3336 1364 3408 laqueis
1403 3339 1721 3404 extricatos,
1751 3340 1804 3394 in
1837 3352 2040 3404 veram,
2076 3345 2132 3392 et

548 3427 682 3482 nulli
725 3427 892 3495 culpae
927 3425 1141 3481 aﬂinem
1171 3427 1265 3482 Dei
1318 3429 1679 3498 cognitionem
1718 3428 2014 3484 transtulit.
2041 3429 2131 3483 Ait

545 3521 716 3587 ergo:
751 3537 769 3569 ι
807 3517 1062 3574 Visitabit
1089 3533 1306 3588 gregem
1337 3534 1491 3574 suum
1521 3524 1736 3575 domum
1761 3519 1918 3577 Juda.
1967 3541 1986 3574 ι
2021 3521 2128 3575 Fa-

547 3611 657 3663 ciet
679 3617 859 3662 autem
879 3623 1000 3662 eum
1021 3609 1163 3664 velut
1189 3624 1385 3679 equum
1413 3611 1690 3676 decorum,
1707 3620 1760 3665 et
1783 3612 2130 3668 bellicosissi-

549 3715 720 3764 mum,
753 3715 860 3769 quo
887 3700 1042 3768 quasi
1071 3701 1425 3770 spiritualiter
1453 3711 1660 3765 vectus,
1685 3701 1997 3758 Graecorum
2025 3705 2130 3759 Ιίι-

546 3807 733 3862 guam,
781 3801 841 3845 ut
867 3793 1002 3857 dixi,
1040 3793 1372 3863 oppugnabit
1404 3807 1696 3864 eorumque
1725 3795 2004 3865 sapientia:
2036 3797 2130 3854 de-

548 3882 904 3948 formitatem,
933 3892 988 3937 et
1011 3884 1193 3938 omnis
1223 3881 1435 3939 fructus
1461 3885 1784 3941 vacuitatem
1817 3884 2124 3953 patefaciet.

544 3972 686 4040 Quin
713 3973 854 4028 enim
884 3989 978 4043 per
999 3973 1309 4030 Graecorum
1359 3975 1730 4044 dispersiones
1759 3977 1927 4032 divini
1966 3979 2129 4036 disci-

544 4065 656 4137 puli
685 4075 940 4137 tanquam
971 4067 1096 4136 equi
1129 4068 1348 4136 quidam
1385 4069 1607 4134 fuerint,
1647 4070 1910 4126 adversus
1939 4086 2126 4128 eorum

547 4158 951 4227 loquacitatem,
988 4168 1044 4213 et
1091 4157 1199 4214 Deo
1227 4175 1447 4216 exesam
1481 4159 1748 4216 fallaciam
1782 4170 1988 4217 tantum
2021 4178 2128 4218 non

548 4248 884 4315 hinnientes,
942 4252 1067 4313 quis
1093 4249 1342 4304 dubitet?
1398 4264 1523 4304 eum
1561 4249 1814 4308 Christus
1867 4253 1935 4308 de
1969 4252 2129 4308 beato

551 4339 720 4394 Paulo
749 4341 892 4394 dicat
927 4339 996 4392 ad
1029 4339 1317 4405 Ananiam,
1356 4357 1376 4390 ι
1405 4337 1576 4404 Vade,
1604 4341 1860 4408 quoniam
1889 4357 1986 4397 vas
2019 4343 2128 4398 ele-

2233 3169 2359 3232 τοὺς
2391 3167 2490 3238 τῆς
2509 3163 2836 3234 οἰκουμένης
2868 3157 3283 3230 μυσταγωγοὺς,
3323 3156 3448 3216 τοὺς
3477 3151 3666 3221 ἁγίους
3690 3151 3825 3203 ἀποο

2235 3259 2454 3321 στόλους
2476 3255 2568 3308 καὶ
2597 3251 3010 3322 εὐαγγελιστάς,
3055 3247 3468 3318 κατηγωνίσατο
3499 3245 3599 3315 μέν
3634 3243 3702 3295 δι’
3724 3242 3822 3294 αὐο

2233 3351 2341 3406 τῶν
2374 3351 2501 3411 τοὺς
2543 3346 2810 3418 Ἐλλήνων
2839 3344 3059 3412 σοφοὺς,
3081 3341 3314 3406 ἐξείλετο
3341 3339 3397 3391 δὲ
3419 3336 3546 3399 τούς
3581 3335 3818 3404 ἀμνούς,

2231 3443 2330 3513 τῆς
2353 3439 2580 3494 ἐκείνων
2607 3435 3030 3508 ἀθυροστομίας,
3063 3433 3158 3486 καὶ
3189 3430 3298 3484 τῶν
3322 3429 3417 3498 τῆς
3442 3427 3655 3495 ἀπάτης
3688 3423 3822 3494 βρό-

2231 3550 2342 3604 χων
2406 3528 2744 3591 ἀπαλλάξας,
2805 3525 3146 3595 μετέστησαν
3198 3523 3278 3584 είς
3335 3517 3661 3587 θεογνωσίαν
3717 3514 3824 3584 τὴν

2231 3622 2408 3694 ἀληθῆ
2447 3622 2542 3675 καὶ
2580 3617 2901 3691 ἀμώμητον.
2935 3633 2953 3667 ι
3001 3612 3386 3682 Ἐπισκέψεται
3427 3609 3626 3670 τοίνυν,
3659 3605 3821 3677 φησὶ,

2229 3715 2290 3770 τὸ
2322 3713 2572 3784 ποίμνιον
2605 3710 2774 3765 αὐτοῦ
2803 3709 2892 3764 τὸν
2935 3703 3083 3762 οἷκον
3134 3704 3321 3758 Ἰούδα.
3363 3721 3381 3754 ι
3418 3702 3713 3771 Ποιήσεται
3758 3696 3820 3750 δὲ

2231 3807 2394 3862 αὐτὸν
2445 3801 2558 3860 οἷον
2596 3804 2761 3858 ἵππον
2799 3799 3051 3872 εὐπρεπῆ
3091 3798 3183 3851 καὶ
3227 3791 3696 3866 πολεμικώτατον,
3729 3791 3856 3882 ἐφ’.

2229 3893 2274 3970 ᾧ
2306 3897 2513 3970 νοητῶς
2542 3895 2826 3968 μονονουχὶ
2851 3895 2943 3948 καὶ
2968 3889 3355 3962 ἐποχούμενος,
3381 3886 3482 3956 τῆς
3524 3883 3819 3953 Ἑλλήνων,

2229 3993 2306 4056 ὼς
2335 3991 2495 4062 ἔφην,
2525 3984 3064 4059 καταστρατεύσεται
3103 3981 3370 4051 γλώττης,
3404 3978 3500 4031 καὶ
3527 3976 3626 4046 τῆς
3667 3974 3824 4028 ἐνού-

2233 4100 2332 4154 σης
2353 4083 2536 4144 αὐτοῖς
2568 4080 2760 4150 σοφίας
2800 4074 3145 4150 καταγράφει
3177 4073 3238 4126 τὸ
3277 4070 3533 4136 ἀκαλλὲς,
3573 4067 3668 4123 καὶ
3721 4069 3822 4120 ἀν-

2229 4176 2440 4245 όνητον.
2466 4175 2590 4226 Ὀτι
2613 4171 2722 4241 γάρ
2765 4169 2824 4223 ὲν
2848 4170 2971 4231 ταῖς
3009 4166 3278 4237 Ἑλλήνων
3309 4163 3632 4233 διασποραῖς
3658 4160 3707 4212 οἱ
3730 4158 3822 4211 θε-

2233 4267 2444 4320 σπέσιοι
2473 4263 2729 4334 γεγόνασι
2754 4259 2994 4330 μαθηταὶ
3033 4253 3123 4310 οἷά
3158 4272 3301 4318 τινες
3328 4255 3503 4315 ἵπποι,
3532 4251 3820 4322 μονονουχὶ

2231 4353 2790 4429 καταχρεμετίζοντες
2811 4351 2912 4421 τῆς
2927 4351 3052 4420 παρ’
3077 4349 3257 4411 αὐτοῖς
3277 4344 3704 4416 ἀθυροστομίας,
3719 4345 3819 4396 καὶ

540 4431 742 4487 ctionis
771 4431 901 4486 mihi
937 4439 1023 4484 est
1055 4430 1176 4496 iste,
1212 4440 1271 4485 ut
1305 4441 1482 4500 portet
1508 4446 1702 4486 nomen
1733 4447 1909 4487 meum
1943 4448 2124 4490 coram

2232 4423 2557 4515 θεοστυγοῢς
2583 4444 2820 4514 ἀπάτης,
2846 4442 2963 4504 πῶς
2995 4441 3062 4495 ἂν
3093 4437 3383 4492 ἐνδοιάσειέ
3426 4452 3546 4501 τις;
3573 4434 3814 4506 Χριστοῦ

543 4521 819 4593 gentibus,
861 4529 917 4576 et
961 4519 1199 4590 regibus,
1231 4529 1287 4574 et
1315 4520 1439 4576 filiis
1467 4520 1755 4577 Israel”.i
1789 4525 1853 4579 Et
1881 4524 2128 4583 Habacuc

541 4617 696 4684 quasi
717 4613 1001 4669 Dominum
1033 4620 1281 4666 nostrum
1319 4611 1787 4670 JesumCltristum
1813 4617 2122 4686 alloquens:

546 4725 568 4759 ι
600 4707 869 4773 Quoniam
901 4704 1158 4760 ascendet
1201 4719 1366 4772 super
1397 4719 1566 4774 equos
1592 4715 1734 4774 tuos,
1782 4718 1838 4764 et
1859 4711 2126 4780 equitatio

546 4810 636 4853 tua
670 4797 818 4854 salus
849 4815 869 4849 ι
903 4796 1086 4866 inquit
1109 4796 1274 4866 igitur
1304 4813 1318 4850 :
1349 4815 1370 4850 ι
1403 4797 1575 4853 Ponet
1605 4799 1802 4869 ipsum,
1833 4812 1894 4855 ut
1924 4815 2122 4872 equum

544 4889 802 4945 decorum
826 4889 880 4943 in
902 4888 1063 4957 bello,
1080 4896 1135 4946 et
1151 4906 1216 4947 ex
1237 4891 1353 4962 ipso
1383 4891 1620 4961 respexit
1640 4891 1705 4946 ³³.
1737 4909 1756 4944 ι
1788 4891 2025 4947 Proinde
2055 4907 2120 4946 ac

543 4982 587 5037 si
607 4980 750 5036 dicat
774 4996 788 5033 :
821 4977 988 5053 748
1017 4982 1394 5038 Consideravit
1423 5000 1528 5040 non
1550 4984 1767 5055 quidem
1795 4992 1854 5037 ut
1877 4983 2017 5038 Deus
2051 4983 2118 5040 ad

543 5072 904 5128 ministerium
936 5075 1337 5142 praedicationis
1365 5076 1692 5145 evangelicae
1721 5077 1973 5140 idoneos,
2005 5075 2119 5130 ele-

544 5161 621 5231 git
647 5170 825 5216 autem
867 5163 933 5216 de
986 5164 1125 5218 tribu
1151 5161 1309 5231 Juda,
1341 5174 1396 5220 et
1449 5180 1516 5219 ex
1562 5166 1694 5233 ipsis
1745 5164 2125 5232 praedicatores

523 5220 847 5328 Econstituit.
880 5255 1060 5311 Voluit
1086 5257 1232 5312 enim
1258 5273 1353 5313 eos
1375 5273 1488 5313 sua:
1508 5257 1802 5313 voluntatis
1830 5257 2123 5322 ministros,

541 5354 598 5402 et
625 5348 926 5418 adjutores,
972 5361 1027 5407 et
1055 5353 1244 5422 gratia:
1267 5353 1335 5407 ab
1375 5353 1492 5421 ipso
1521 5351 1784 5407 donanda:
1825 5350 1971 5407 velut
2013 5367 2126 5408 tne-

543 5439 783 5496 diatores
830 5451 884 5498 et
931 5443 1338 5512 dispensatores
1400 5443 1539 5498 fieri.
1594 5442 1858 5498 Praeterea
1899 5448 2123 5515 διείρεο,

544 5530 743 5600 inquit,
773 5534 876 5590 hoc
924 5544 1010 5590 est
1061 5533 1200 5590 Juda
1259 5535 1311 5588 in
1339 5532 1528 5591 furore
1563 5536 1804 5595 intentus
1837 5547 1924 5595 est
1964 5554 2125 5597 arcus

611 5711 656 5747 ιι
680 5713 801 5768 Act.
834 5721 910 5781 ιι,
939 5712 1028 5767 l5.
1103 5712 1147 5744 ³³
1169 5710 1372 5767 llabac.
1406 5727 1489 5780 ιιι,
1529 5717 1583 5776 8.

2227 4539 2479 4608 λέγοντος
2511 4537 2639 4606 περὶ
2663 4532 2758 4586 τοῦ
2798 4531 3068 4604 μακαρίου
3100 4529 3312 4584 Παύλου
3348 4528 3484 4596 πρὸς
3522 4526 3776 4580 Ἀνανίαν
3797 4540 3814 4556 ⁸

2232 4650 2251 4683 ι
2287 4629 2549 4700 Πορεύου,
2591 4628 2672 4681 δτι
2708 4625 2901 4690 σκεῦος
2931 4624 3159 4694 ἐκλογῆς
3191 4621 3281 4694 μοί
3326 4623 3474 4674 ἐστιν
3514 4613 3693 4686 οὗτος,
3715 4619 3815 4673 τοῦ

2228 4718 2496 4790 βαστάσαι
2528 4718 2590 4771 τὸ
2623 4717 2794 4787 ὄνομά
2831 4732 2930 4786 μου
2968 4714 3198 4767 ἐνώπιον
3231 4712 3400 4766 ἐθνῶν
3431 4727 3491 4765 τε
3532 4711 3625 4764 καὶ
3657 4709 3818 4780 βασι-

2226 4813 2361 4867 λέων
2391 4811 2483 4866 καὶ
2509 4811 2640 4864 υἱῶν
2696 4807 2931 4881 Ἰσραήλ.
2969 4825 2987 4859 ι
3026 4807 3173 4878 Ἔφη
3213 4805 3268 4858 δέ
3295 4822 3397 4858 που
3425 4803 3518 4857 καὶ
3545 4804 3574 4857 ό
3609 4802 3820 4873 Ἀμόα-

2229 4906 2375 4974 κούμ
2416 4902 2492 4966 ὡς
2532 4902 2669 4970 πρὸς
2704 4902 2795 4954 τὸν
2845 4900 3050 4972 Κύριον
3077 4898 3233 4971 ἡμῶν
3278 4897 3484 4970 Ἰησοῦν
3532 4897 3771 4966 Χριστόν
3796 4913 3811 4926 ·

2233 5015 2254 5048 ι
2299 4997 2418 5049 Ὀτι
2449 4995 2684 5066 ἐπιϐήσῃ
2713 4993 2804 5046 ἐπὶ
2833 4997 2960 5056 τοὺς
3003 4992 3204 5056 ἵππους
3231 5007 3346 5056 σου,
3387 4988 3480 5042 καὶ
3509 4989 3543 5060 ἡ
3576 4987 3815 5040 ίππασία

2233 5104 2351 5154 σου,
2399 5086 2663 5157 σωτηρία.
2718 5103 2737 5137 ι
2771 5082 2980 5138 Οὐκοῦν
3011 5102 3030 5135 ι
3073 5082 3226 5146 τάξει
3285 5081 3470 5146 αὐτὸν,
3515 5081 3700 5150 φησὶν,
3735 5080 3816 5143 ὡς

2231 5178 2397 5231 ἵππον
2426 5177 2677 5251 εὐπρεπῆ
2704 5179 2762 5230 ἐν
2793 5175 3035 5246 πολέμῳ,
3068 5174 3161 5227 καὶ
3183 5171 3242 5237 ἐξ
3258 5172 3422 5226 αὐτοῦ
3451 5169 3807 5239 ἐπέϐλεψεν.»

2227 5267 2452 5339 Ὅμοιον
2489 5268 2564 5332 ὡς
2589 5271 2638 5322 εί
2659 5269 2810 5337 λέγοι
2831 5282 2846 5297 ⁸
2881 5265 3276 5335 Κατεσκέψατο
3309 5265 3407 5334 μὲν
3431 5263 3507 5326 ώς
3529 5261 3659 5325 Θεὸς
3683 5262 3814 5323 τοὺς

2222 5359 2564 5431 ἐπιτηδείους
2591 5361 2669 5423 εἰς
2696 5359 2971 5413 διακονίαν
2994 5357 3104 5412 τῶν
3131 5355 3506 5426 εὐαγγελικῶν
3528 5351 3815 5424 κηρυγμά-

2222 5470 2351 5517 των,
2374 5452 2712 5529 ἀπολέκτους
2757 5467 2820 5520 γε
2859 5450 2965 5522 μὴν
3013 5451 3306 5521 ἐποιήσατο
3348 5448 3474 5507 τοὺς
3520 5444 3580 5510 ἐξ
3614 5442 3810 5508 Ἰούδα,

2223 5545 2317 5598 καὶ
2342 5543 2400 5610 ἐξ
2435 5542 2614 5598 αὐτῶν
2663 5541 2871 5608 ἔταξεν.
2904 5541 3091 5596 Εἵλετο
3129 5541 3237 5610 γὰρ
3286 5538 3484 5602 αὐτοὺς
3515 5534 3622 5590 τῶν
3663 5533 3815 5588 ἰδίων
3881 5587 3886 5589 _
