4130 6474
301 279 404 338 165

1119 276 1688 334 (ΣΟΜΪιΙΕΝΤΑΙὶΙΕΒ
1733 277 1797 332 ΙΝ
1841 277 2252 334 ΖΛΕΗΑΒΙΑΜ
2291 279 2745 340 Ριιοριιετιιιι.

3512 294 3616 350 106

296 397 625 469 θελημάτων
663 395 946 468 ὑπηρέτας
993 397 1270 467 γενέσθαι,
1315 400 1410 453 καὶ
1460 400 1792 470 ὑπουργοὺς,
1821 401 1916 452 καὶ⁴

2019 410 2210 456 contra
2248 401 2612 464 adversarios.
2650 404 2728 459 Ex
2765 403 2882 474 ipso
2915 405 3136 475 insuper
3167 428 3184 460 ι
3219 409 3536 479 egredietur
3562 429 3619 467 et

296 493 394 562 τῆς
439 490 574 561 παρ’
604 489 774 544 αὑτοῦ
823 490 1047 562 χάριτος
1092 492 1260 544 οἱονεὶ
1305 494 1556 562 μεσίτας,
1599 494 1692 546 καὶ
1725 493 1910 546 διακό-

297 600 437 646 νους.
475 582 601 635 Ἔτι
638 581 697 635 δέ
724 598 914 652 φησιν,
944 581 1014 645 ἐξ
1047 583 1260 646 αὑτοῦ,
1300 584 1550 637 τουτέστι
1599 583 1694 637 τοῦ
1737 583 1907 639 ’ἰούδα

2016 495 2245 550 abactor
2277 494 2333 548 in
2370 495 2623 564 idipsnm.
2657 514 2675 548 ι
2742 496 3091 565 Abactorem,
3147 510 3317 571 puto,
3376 502 3616 574 appellat

2015 587 2376 655 praedatorem
2415 597 2469 641 et
2489 587 2735 657 captivos
2761 589 3071 646 ducentem.

290 680 436 732 τὺοὲν
463 676 627 748 θυμῷ
665 678 980 748 τεινόμενον
1022 679 1174 745 τόξον
1206 678 1350 732 κατά
1388 678 1496 732 τῶν
1543 680 1903 736 ὑπεναντίων.
1959 681 2050 748 Ἐξ
2112 681 2283 736 αὑτοῦ
2344 683 2402 738 δὲ
2441 683 2608 738 πάλιν
2652 703 2671 736 ι
2711 685 3058 750 ἐξελεύσεται
3087 689 3186 744 καὶ
3228 689 3531 755 ἐξελαύνων
3561 694 3620 750 ἐν

289 769 367 837 τῷ
398 768 575 840 αὐτῷ.
617 787 636 820 r
678 767 1070 833 Ἔξελαύνοντα
1111 768 1191 833 δὲ,
1229 769 1306 832 ὥς
1335 786 1399 837 γε
1440 765 1619 841 οἶμαι,
1688 773 1822 841 φησὶ
1850 772 1942 827 τὸν
1979 773 2353 846 λεηλατοῦντά
2380 793 2438 829 τε
2469 778 2563 830 καὶ
2589 778 3091 849 αἰχμαλωτίζοντά.

359 861 676 931 Δεδράκασι
707 860 766 914 δὲ
795 860 956 914 τοῦτο
984 863 1034 915 nl
1065 861 1347 916 θεσπέσιοι
1399 863 1664 934 μαθηταὶ,
1695 868 1824 928 τοὺς
1852 866 1910 934 ἐξ

297 952 576 1023 Ἑλλήνων
604 953 970 1024 ἁρπάζοντες,
1005 955 1100 1008 καὶ
1134 955 1211 1026 τῷ
1242 956 1466 1027 μεγάλῳ
1509 959 1911 1030 προσκομίζον-

289 1062 377 1109 τες
407 1045 648 1115 βασιλεῖ,
685 1047 832 1118 φημὶ
857 1047 922 1118 δὴ
960 1047 1208 1120 Χριστῷ,
1237 1049 1326 1102 ἵνα
1367 1049 1459 1102 ὑπ’
1500 1050 1651 1122 αὐτῷ
1679 1068 1739 1104 τε
1774 1047 1906 1117 εἷεν,

287 1139 377 1192 καὶ
401 1138 474 1190 τά
502 1138 674 1192 αὑτοῦ
704 1141 926 1210 φρονεῖν
944 1139 1172 1207 ἳλοιντο,
1195 1145 1296 1213 τῆς
1320 1141 1412 1195 τοῦ
1436 1142 1685 1196 διαϐόλου
1710 1144 1904 1197 πλεονο

283 1233 434 1297 εξίας
497 1234 622 1304 ὀψὲ,
652 1237 749 1289 καὶ
776 1237 931 1306 μόλις
960 1238 1395 1308 ἀποσεισάμενοι
1425 1239 1516 1293 τὸν
1545 1239 1728 1308 ζυγόν.
1759 1242 1909 1295 Κατ-

283 1327 617 1398 ηνδρίσαντο
649 1328 707 1382 δὲ
743 1327 889 1382 οὕτω
929 1330 1042 1384 τῶν
1093 1331 1228 1403 παρ’
1255 1332 1483 1403 Ἕλλησι
1515 1333 1698 1403 σοφῶν
1727 1335 1775 1387 ei
1808 1334 1900 1388 θε-

283 1423 504 1475 σπέσιοι
566 1422 832 1493 μαθηταὶ,
888 1423 964 1488 ὡς
1007 1424 1110 1496 ἤδη
1170 1443 1288 1489 πως
1335 1425 1512 1480 δοκεῖν
1559 1427 1732 1498 πηλὸν
1782 1431 1902 1492 ταῖς

282 1516 524 1588 τριόδοις
547 1516 937 1590 διερῤιμμένον
962 1521 1292 1589 συμπατεῖν.
1319 1521 1430 1573 Kal.
1456 1521 1568 1593 γάρ
1591 1517 1661 1593 ἦν
1698 1521 1902 1592 Κύριος

284 1610 405 1681 μετ’
451 1608 655 1675 αὐτῶν,
698 1629 716 1661 ι
762 1610 820 1663 ’0
871 1610 1042 1665 ποιῶν
1077 1612 1311 1684 μεγάλα,
1349 1613 1444 1666 καὶ
1491 1615 1899 1686 ἀνεξιχνίαστα,

2083 869 2354 924 Fecerunt
2379 870 2484 926 hoc
2508 874 2684 927 sancti
2712 873 3060 945 discipuli,de
3084 875 3294 932 Grecis
3319 878 3616 946 rapientes.

2009 975 2147 1030 quos
2174 975 2369 1029 magno
2399 964 2530 1033 regi,
2597 963 2839 1032 Christo,
2890 967 3130 1036 inquam,
3173 967 3509 1035 obtulerunt,
3558 981 3618 1026 ιιι

2009 1053 2111 1108 sub
2151 1054 2269 1122 ipso
2300 1065 2509 1120 essent,
2557 1065 2613 1111 et
2652 1072 2774 1126 quae
2813 1058 2932 1128 ejus
2975 1070 3104 1114 sunt
3167 1076 3363 1134 sapere
3393 1063 3615 1128 vellent,

2010 1145 2288 1202 diabolicae
2311 1148 2592 1204 servitutis
2619 1148 2751 1221 jugo
2816 1165 2960 1220 sero,
3000 1159 3056 1209 et
3094 1153 3182 1209 vix
3245 1157 3463 1210 tandem
3513 1171 3618 1212 ex-

2008 1253 2189 1294 cusso.
2257 1240 2411 1296 Adeo
2472 1248 2656 1297 autem
2717 1252 2907 1299 contra
2959 1244 3274 1301 Graecorum
3337 1248 3617 1318 sapientes

2009 1339 2233 1387 strenue
2260 1333 2431 1388 divini
2480 1334 2728 1404 discipuli
2751 1351 2810 1390 se
2843 1348 3150 1407 gesserunt,
3180 1349 3240 1394 ut
3301 1341 3417 1411 jam
3471 1359 3612 1412 quo-

2011 1424 2302 1479 dammodo
2333 1424 2500 1480 lutum
2543 1428 2596 1482 in
2657 1429 2834 1484 triviis
2853 1429 3042 1497 jacens
3088 1435 3412 1490 conculcare
3464 1436 3617 1491 vide-

2009 1526 2220 1574 rentur.
2257 1517 2472 1574 Etenim
2503 1519 2767 1577 Dominus
2792 1531 2913 1578 erat
2944 1537 3068 1578 cum
3096 1525 3250 1594 ipsis,
3299 1546 3318 1578 ι
3348 1526 3452 1594 Qui
3482 1527 3615 1584 facit

2011 1623 2230 1679 magna,
2273 1619 2329 1665 et
2361 1611 2762 1678 inscrutabilia,
2801 1614 3061 1684 gloriosa,
3086 1623 3141 1670 et
3177 1617 3434 1688 ingentia,
3469 1634 3612 1691 quo-

280 1704 472 1770 ἐνδοξά
502 1721 562 1758 τε
594 1704 688 1758 καὶ
718 1703 965 1771 ἐξαίσια,
992 1698 1069 1759 ὧν
1106 1707 1208 1759 οὐκ
1239 1704 1389 1759 ἔστιν
1420 1707 1672 1779 ἀριθμός.
1715 1725 1735 1758 ι
1775 1709 1904 1762 Ἐπο

2008 1717 2127 1756 rum
2158 1718 2264 1758 non
2293 1713 2379 1759 est
2418 1705 2774 1762 numerus“.
2819 1727 2838 1761 ι
2899 1707 3201 1779 Compellat
3255 1721 3312 1766 et
3359 1712 3616 1771 Christus

279 1797 481 1867 εφὼνει
503 1797 560 1850 δέ
577 1814 680 1851 που
704 1797 803 1850 καὶ
834 1800 862 1852 ό
883 1797 1141 1869 Χριστὸς,
1164 1804 1280 1863 τοῖς
1310 1799 1670 1853 πιστεύσασιν
1699 1799 1780 1864 είς
1804 1801 1902 1855 αὒ-

277 1893 405 1946 τόν·
448 1908 468 1944 ι
513 1890 646 1945 Ἰδοὺ
695 1890 910 1944 δέδωκα
941 1891 1070 1961 ὑμῖν
1119 1895 1315 1946 πατεῖν
1347 1893 1534 1946 ἐπάνω
1572 1892 1774 1962 ὄφεων,
1805 1893 1902 1949 καὶ

280 1983 592 2056 σκορπίων,
623 1983 720 2037 καὶ
756 1983 852 2036 ἐπὶ
890 1985 1074 2038 πᾶσαν
1104 1984 1204 2056 τὴν
1233 1984 1467 2057 δύναμιν
1496 1985 1591 2039 τοῦ
1617 1984 1839 2058 ἐχθροῦ.
1874 2004 1894 2040 r

287 2077 495 2132 Ἰστέον
531 2077 589 2132 δὲ
617 2077 699 2130 ὅτι
745 2077 1128 2149 πνευματικὴν
1163 2077 1265 2150 μὲν
1298 2080 1465 2149 ἡμεῖς
1514 2075 1902 2148 ἐξυφαίνοντες

276 2171 546 2242 θεωρίαν,
571 2171 642 2225 τά
669 2168 903 2225 τοιαῦτά
931 2185 1148 2241 φαμεν.’
1323 2176 1328 2182 ’

358 2264 644 2329 Ἰουδαίοις
668 2282 731 2335 γε
767 2264 875 2336 μὴν
897 2266 996 2336 οὐχ
1025 2259 1129 2320 ὧδε
1152 2265 1298 2338 ἔχειν
1325 2266 1387 2321 τὸ
1405 2266 1599 2339 χρῆμα
1615 2266 1782 2333 δοκεῖ,
1813 2265 1900 2321 δέ·

270 2377 464 2430 χονται
491 2358 550 2412 δὲ
583 2357 789 2430 μᾶλλον
819 2359 1132 2430 ίστορικῶς,
1166 2359 1260 2414 καί
1311 2377 1498 2431 φασιν,
1531 2361 1613 2414 ὅτι
1645 2361 1783 2432 μετὰ
1805 2362 1898 2416 τὸν

270 2453 370 2522 τῆς
404 2450 798 2522 αἰχμαλωσίας
832 2451 1028 2523 καιρὸν
1065 2451 1454 2524 πεπολέμηκεν
1477 2453 1684 2519 αὐτοῖς,
1718 2455 1746 2507 ό
1771 2454 1896 2508 ἐπί-

270 2544 412 2614 κλην
463 2542 770 2615 Ἐπιφανὴς
805 2542 1084 2615 Ἀντίοχος
1123 2542 1385 2613 πλείστην
1412 2561 1471 2597 τε
1493 2544 1628 2617 ὅσην
1659 2562 1898 2614 συναγαο

269 2636 383 2706 γὼν
448 2638 516 2690 ὲκ
570 2635 673 2706 τῆς
714 2635 988 2708 Ἐλλήνων
1036 2634 1224 2709 χώρας
1264 2636 1376 2690 τῶν
1426 2637 1758 2708 μαχομένων
1796 2637 1896 2710 τὴν

269 2730 551 2803 ἄθροισιν,
594 2729 689 2783 καὶ
727 2729 837 2800 μὴν
867 2729 964 2783 καὶ
997 2730 1120 2792 ταῖς
1151 2727 1282 2802 παρ’
1313 2729 1518 2800 ἑτέρων
1549 2730 1897 2800 ἐπικουρίαις

267 2821 676 2895 ὠφρυωμένος.
738 2820 881 2874 Ἀλλ’
938 2819 1014 2885 ὡς
1073 2820 1231 2875 αύτοί
1317 2838 1475 2890 φασι,
1531 2821 1822 2892 νενίκηκεν
1865 2821 1896 2874 ό

281 2913 533 2987 Ἰσραὴλ,
572 2913 796 2984 καὶτῆς
839 2913 1053 2966 ἐκείνου
1085 2913 1411 2984 σκαιότητος
1451 2913 1552 2984 τὴν
1575 2913 1785 2985 ἀμείνω
1809 2915 1896 2968 δό-

271 3009 365 3074 ξαν
412 3008 797 3078 ἀπηνέγκατο.
837 3006 974 3060 Τότε
1003 3007 1113 3079 γὰρ
1155 3006 1472 3077 συμϐέϐηκε
1528 3006 1625 3060 καὶ
1672 3007 1800 3070 τοὺς
1829 3008 1896 3061 ὲκ

2010 1796 2208 1852 alicubi
2242 1799 2529 1856 credentes
2547 1800 2600 1855 in
2633 1800 2727 1872 sei:
2761 1802 2931 1858 «Ecce
2954 1803 3076 1858 dedi
3106 1804 3262 1860 vobis
3279 1813 3611 1874 potestatem

2009 1889 2254 1946 calcandi
2323 1906 2487 1962 supra
2531 1902 2815 1963 serpentes
2867 1905 2924 1951 et
2962 1897 3306 1965 scorpiones,
3360 1907 3412 1953 et
3443 1913 3610 1970 supra

2007 1997 2224 2038 omnem
2254 1983 2510 2038 virtutem
2538 1984 2744 2040 inimici
2773 1986 2845 2041 ³⁸.
2871 2005 2892 2040 ι
2943 1987 3238 2043 Sciendum
3261 2003 3447 2058 porro,
3487 2005 3608 2056 nos,

2007 2073 2345 2144 spiritualetn
2396 2075 2908 2148 interpretationem
2951 2090 3312 2137 contexentes
3359 2081 3477 2137 haec
3525 2082 3610 2138 "di-

2003 2180 2154 2223 cere.

2077 2260 2147 2316 At
2193 2259 2394 2318 Judaeis
2424 2261 2702 2318 diversum
2729 2261 2930 2334 placet,
2961 2264 3053 2336 qui
3080 2265 3198 2323 haec
3225 2265 3487 2322 historice
3509 2279 3610 2338 po-

2007 2353 2118 2409 tius
2152 2355 2446 2424 aecipiunt,
2473 2354 2880 2427 aliirmantque,
2913 2367 3035 2427 post
3078 2365 3292 2430 tempus
3319 2360 3609 2427 captivita-

2009 2446 2076 2501 tis
2105 2446 2380 2502 hostiliter
2413 2463 2508 2502 eos
2551 2431 2822 2504 invasisse
2856 2449 3185 2504 Antiochum
3245 2459 3609 2519 cognomento

2006 2538 2346 2608 Epipbauem
2413 2555 2537 2594 cum
2576 2541 2753 2610 copiis
2799 2555 2831 2597 e
2872 2539 3084 2597 Graecia
3132 2540 3380 2608 inﬁnitis,
3439 2553 3494 2598 et
3537 2541 3608 2597 ab

2003 2631 2126 2688 aliis
2153 2632 2404 2702 gentibus
2423 2633 2709 2688 auxiliaria
2735 2642 3012 2689 contracta
3039 2649 3224 2703 manu,
3251 2637 3394 2691 unde
3416 2651 3607 2706 super-

2003 2723 2188 2778 cilium
2218 2724 2464 2782 tollebat.
2499 2725 2606 2780 Sed
2631 2736 2689 2781 ut
2715 2727 2816 2797 ipsi
2846 2729 3205 2792 conﬁtentur,
3254 2730 3385 2784 vicit
3411 2727 3604 2798 Israel,

2002 2825 2058 2871 et
2082 2818 2148 2871 de
2192 2816 2337 2872 illius
2389 2817 2732 2873 immanitate
2782 2819 3012 2888 gloriam
3085 2821 3189 2876 sibi
3247 2824 3604 2894 comparavit.

2003 2907 2156 2962 Tunc
2179 2909 2324 2963 enim
2350 2909 2580 2979 contigit
2635 2909 2977 2967 Macltabzeos
3031 2914 3298 2983 martyrio
3350 2916 3603 2970 virtutem

2001 2999 2304 3066 confessos,
2335 3001 2667 3056 celebritatis
2728 3017 2932 3058 corona
2982 3005 3229 3060 redimiri
3267 3005 3335 3060 ³⁸.
3367 3008 3448 3062 Ad
3477 3021 3606 3076 pro-

268 3100 665 3157 Μακκαϐαίων
703 3099 1205 3172 μεμαρτυρηκότας
1235 3099 1326 3152 τὸν
1349 3099 1449 3169 τῆς
1484 3098 1898 3169 εὐδοκιμήσεως

2006 3092 2277 3147 bationem
2355 3094 2643 3149 sententia:
2709 3109 2822 3150 suae
2871 3096 3036 3152 modo
3078 3104 3134 3152 et
3163 3098 3326 3167 paulo
3371 3113 3536 3170 supra
3572 3115 3603 3153 a

267 3194 655 3266 ἀναδήσασθαι
692 3193 980 3263 στέφανον.
1010 3190 1466 3262 Παρακομίζουσι
1493 3189 1551 3244 δὲ
1583 3190 1694 3244 τῶν
1719 3191 1901 3256 αὐτοῖς

267 3286 585 3342 δοκούντων
611 3287 694 3349 είς
721 3283 1003 3352 ἀπόδειξιν
1035 3283 1106 3337 τά
1123 3299 1183 3336 τε
1213 3283 1420 3352 ἀρτίως
1451 3284 1586 3355 ἡμῖν
1609 3284 1900 3356 εἰρημένα,

267 3380 358 3434 καὶ
395 3378 477 3432 τὰ
513 3377 685 3446 ὀλίγῳ
710 3375 967 3438 κατόπιν,
993 3372 1179 3445 ἔχουσι
1205 3373 1264 3427 δὲ
1309 3372 1514 3437 οὕτως·
1557 3392 1576 3426 ι
1611 3375 1759 3428 Διότι
1815 3375 1904 3430 ἑν-

269 3470 467 3526 έτεινά
521 3485 582 3523 σε
641 3467 893 3539 ἐμαυτῷ,
927 3465 1130 3532 Ἰούδα,
1161 3466 1237 3531 ὡς
1293 3465 1482 3534 τόξον,
1539 3465 1906 3539 ἔπλησα.τδν

278 3563 558 3636 Ἑφραῒμ,
587 3562 684 3616 καὶ
731 3559 986 3632 ἐπεγερῶ
1025 3560 1097 3614 τὰ
1139 3559 1309 3614 τέκνα
1352 3576 1466 3624 σου,
1495 3558 1658 3627 Σιὼν,
1703 3561 1797 3614 ἐπὶ
1829 3559 1900 3616 τὰ

266 3660 444 3713 τέκνα
479 3657 591 3712 τῶν
628 3656 923 3728 Ἑλλήνων,
970 3655 1069 3710 καὶ
1091 3654 1406 3727 ψηλαφήσω
1435 3672 1496 3708 σε
1520 3652 1596 3718 ὡς
1619 3653 1898 3726 ῥομφαίαν

271 3751 560 3824 μαχητοῦ,
583 3750 678 3804 καὶ
711 3749 866 3802 ἔσται
893 3748 1101 3820 Κύριος
1137 3749 1226 3801 ἐπ’
1249 3747 1469 3811 αὐτοὺς,
1501 3747 1598 3800 καὶ
1619 3746 1899 3814 ἐξελεύσε-

269 3863 355 3899 ται
387 3845 476 3908 ὡς
509 3842 773 3914 ἀστραπὴ
800 3840 946 3912 βολίς
971 3838 1159 3894 αὑτοῦ.
1198 3840 1309 3894 Καὶ
1341 3838 1548 3911 Κύριος
1582 3839 1897 3912 παντοκρά-

2003 3185 2162 3242 nobis
2193 3187 2336 3242 dicta
2361 3191 2688 3256 producunt,
2749 3202 2870 3258 qua!
2923 3189 3070 3244 hunc
3120 3190 3173 3244 in
3235 3191 3456 3246 modum
3505 3193 3602 3244 ha-

2002 3277 2177 3334 bent:
2210 3297 2230 3331 ι
2269 3279 2542 3347 Quoniam
2581 3281 2784 3336 tetendi
2823 3282 2958 3337 mihi
2997 3290 3070 3347 te,
3119 3281 3279 3350 Iuda,
3333 3292 3392 3339 ttt
3417 3300 3604 3339 arcum

2003 3371 2224 3442 implevi
2257 3371 2545 3441 Ephraim,
2574 3381 2630 3428 et
2659 3373 2916 3430 excitabo
2947 3373 3091 3430 lllios
3111 3383 3232 3428 tuos
3275 3375 3410 3430 Sion
3442 3391 3608 3445 super

2003 3465 2144 3522 illius
2175 3465 2519 3534 Graecorum,
2551 3477 2606 3522 et
2629 3470 2985 3525 contrectabo
3023 3477 3080 3524 te
3127 3480 3187 3523 ut
3217 3469 3452 3539 gladium
3488 3471 3606 3525 bel-

2005 3559 2218 3616 latoris.
2249 3559 2316 3616 Et
2354 3561 2461 3615 erit
2483 3560 2746 3617 Dominus
2777 3575 2943 3632 super
2973 3576 3090 3627 eos,
3123 3570 3176 3618 et
3199 3564 3512 3634 egredietur
3547 3575 3609 3619 ut

2009 3651 2190 3721 fulgur
2216 3653 2462 3724 iaculum
2493 3652 2632 3722 ejus.
2664 3653 2732 3708 Et
2762 3652 3027 3709 Dominus
3071 3653 3418 3723 omnipotens
3477 3655 3607 3711 tuba
3676 3698 3680 3701 -

2005 3755 2187 3813 canet,
2225 3755 2281 3802 et
2320 3748 2421 3803 ibit
2450 3747 2502 3801 in
2531 3747 2895 3802 commotione
2936 3745 3210 3801 minarum
3251 3746 3392 3815 ejus.
3419 3746 3604 3802 Domi-

2004 3854 2109 3895 nus
2135 3841 2483 3910 omnipotens
2511 3849 2758 3912 proteget
2784 3853 2880 3894 eos
2901 3840 2968 3894 ⁸⁷.
3006 3858 3026 3892 ι

246 3909 382 4010 ’τωρ
432 3937 498 3989 ὲν
569 3909 838 4002 σάλπιγγι
906 3930 1151 3998 σαλπιεῖ,
1195 3929 1294 3985 καὶ
1337 3909 1670 4002 πορεύσεται
1713 3931 1771 3983 ὲν
1798 3909 1965 4004 σάλῳ
2001 3931 2232 4004 ἀπειλῆς
2287 3909 2475 3988 αὑτοῦ.
2514 3909 2746 4005 ⁷Κύριος
2804 3933 3205 4007 παντοκράτωρ
3267 3935 3604 4008 ὑπερασπιεῖ

267 4033 484 4092 αὐτῶν.
519 4048 540 4083 ›

337 4126 461 4183 Καὶ
492 4121 1147 4192 καταισχυνθήσονται
1199 4118 1491 4176 ἀναϐάται
1533 4119 1759 4184 ἳππων,
1794 4119 1892 4174 καί

269 4217 639 4288 κατισχύσω
666 4215 778 4271 τὸν
818 4210 990 4269 οἷκον
1029 4213 1245 4280 Ἰούδα,
1279 4212 1377 4266 καί
1426 4212 1538 4267 τὸν
1568 4208 1738 4267 οἶκον
1776 4215 1896 4269 ’Ῑωο

269 4313 402 4382 σὴφ
462 4308 670 4374 σώσω,
721 4289 820 4362 καὶ
854 4303 1134 4361 κατοικιῶ
1181 4304 1428 4372 αὐτοὺς,
1478 4304 1569 4359 ὅτι
1607 4303 1896 4376 ἠγάπηκα

271 4404 534 4470 αὐτούς.

339 4463 501 4551 539'.-
530 4493 672 4548 Φασὶ
717 4492 786 4565 δὴ
834 4463 1018 4546 πάλιν
1047 4491 1099 4545 οί
1149 4492 1262 4555 τοῖς
1309 4490 1620 4555 Ἰουδαϊκοῖς
1666 4506 1894 4559 συναγο-

272 4591 539 4665 ρεύοντες
574 4586 936 4659 διηγήμασιν,
969 4584 1052 4639 ὅτι
1086 4585 1607 4657 συγκεκροτημένης
1631 4586 1731 4654 τῆς
1753 4583 1894 4654 πρὸς

272 4683 560 4752 Ἕλληνας
612 4677 817 4750 μάχης,
851 4677 902 4730 oi.
939 4676 1038 4747 μὲν
1079 4676 1306 4729 ἐκείνων
1355 4675 1544 4738 ἱππεῖς
1581 4673 1891 4740 διολώλασι,

271 4769 671 4845 κεκρατήκασι
705 4786 772 4840 γε
818 4768 929 4840 μὴν
967 4769 1016 4821 oi
1052 4767 1112 4834 ἐξ
1149 4767 1381 4838 αἵματος
1419 4765 1661 4839 Ἰσραὴλ,
1695 4765 1769 4829 ὡς
1796 4783 1896 4856 και

271 4867 537 4938 τακῆσαι
565 4863 666 4936 τὴν
717 4861 904 4934 χώραν
946 4860 1167 4926 αὐτοὺς,
1205 4859 1366 4930 δῆλον
1402 4858 1458 4912 δὲ
1490 4859 1572 4912 ὅτι
1616 4859 1717 4928 τὴν
1757 4860 1892 4912 ἰου-

272 4958 462 5024 δαίαν,
512 4950 721 5020 παντὸς
767 4953 1094 5027 ἐλευθέρους
1136 4953 1418 5025 δείματος,
1455 4953 1550 5007 καὶ
1590 4953 1804 5018 οὐδενὸς
1837 4953 1900 5007 τὸ

276 5052 554 5122 παράπαν
599 5047 1039 5115 ἀποικισθέντας,
1080 5047 1252 5119 ἤγουν
1285 5045 1634 5118 αἰχμαλώτου
1669 5063 1899 5119 γεγενη-

282 5142 472 5213 μένου.
519 5143 715 5214 Ἡμεῖς
744 5141 802 5194 δὲ
831 5142 944 5204 τοῖς
987 5138 1232 5212 πρώτοις
1267 5138 1675 5210 συμϐαίνουσάν
1710 5155 1770 5191 τε
1804 5138 1900 5192 καὶ

277 5237 523 5308 ἀδελφὴν
566 5236 843 5292 ποιεῖσθαι
891 5233 1290 5300 σπουδάζοντες
1329 5231 1430 5304 τὴν
1456 5231 1564 5286 τῶν
1608 5231 1898 5303 νοημάτων

280 5330 567 5394 απόδοσιν,
597 5329 878 5394 ἀναϐάτας
911 5327 1096 5382 ἵππων
1123 5326 1252 5390 τοὺς
1277 5327 1778 5398 κατῃσχυμμένους
1800 5325 1899 5396 οὐχ

279 5421 510 5492 ἑτέρους
534 5416 680 5476 εἷναί
709 5437 924 5493 φαμεν,
957 5419 991 5492 ἤ
1029 5418 1158 5484 τοὺς
1179 5417 1289 5473 τῶν
1322 5417 1655 5490 Ἑλληνικῶν
1690 5417 1898 5489 δογμά-

279 5529 391 5568 των
418 5515 862 5586 προεστηκότας,
897 5514 992 5569 καὶ
1025 5513 1246 5584 ἀπάτης
1287 5512 1386 5579 τῆς
1411 5509 1704 5581 θεομισοῦς
1731 5512 1901 5582 ὑπερ-

1925 4352 1972 4409 D

2077 4118 2243 4174 Vsus.
2270 4116 2323 4173 6.
2355 4118 2426 4173 Et
2462 4101 2876 4188 confundantur
2941 4137 3243 4177 ascettsores
3325 4139 3597 4194 equorum,
3636 4123 3642 4129 ’

2004 4209 2179 4284 749
2208 4221 2257 4265 et
2285 4211 2601 4280 confortabo
2627 4211 2841 4266 domum
2870 4211 3038 4278 Iuda,
3065 4222 3114 4267 et
3143 4215 3358 4269 domum
3397 4214 3600 4284 Joseph

2000 4305 2238 4370 salvabo,
2309 4312 2363 4359 et
2424 4303 2668 4359 habitare
2733 4304 2931 4375 faciam
3002 4323 3112 4372 eos,
3204 4309 3331 4376 quia
3415 4310 3589 4364 deleri

1998 4411 2109 4450 808.

2074 4483 2264 4543 LXIX.
2299 4487 2628 4544 Asseverant
2655 4504 2872 4545 rursum
2903 4489 3144 4549 .ludaicis
3191 4495 3600 4554 narrationibus

1999 4581 2434 4650 patrocinantes,
2490 4595 2666 4652 pugna
2743 4595 2866 4636 cum
2923 4583 3129 4641 Grmcis
3186 4585 3344 4654 inita,
3381 4587 3599 4643 illorum

1999 4673 2214 4742 equites
2269 4673 2520 4742 periisse,
2565 4674 2765 4730 vicisse
2817 4673 3116 4743 lsraelitas,
3205 4685 3264 4734 ut
3319 4682 3598 4752 regionem

1999 4780 2180 4830 suam,
2211 4763 2453 4822 Judaaam
2485 4781 2699 4837 nempe,
2725 4768 3038 4824 habitarent
3065 4771 3214 4826 omni
3254 4780 3464 4828 terrore
3498 4789 3599 4828 va-

1999 4856 2110 4922 cui,
2145 4858 2364 4912 nemine
2385 4859 2880 4925 omninoabducw,
2911 4876 3006 4916 seu
3063 4865 3281 4933 captivo
3322 4864 3488 4923 facto.
3531 4871 3600 4924 At

2004 4965 2104 5005 nos
2138 4950 2412 5020 prioribus
2437 4954 2880 5022 convenientem,
2911 4967 2965 5011 et
3009 4972 3326 5030 germanam
3359 4962 3601 5030 explica-

2006 5045 2209 5100 tionem
2236 5061 2497 5102 sensuum
2529 5047 2728 5105 all'erre
2763 5051 3068 5118 studentes,
3094 5068 3416 5110 ascensores
3430 5071 3600 5124 equo-

2002 5152 2123 5192 rum
2172 5139 2430 5195 conl‘usos
2476 5155 2582 5195 non
2647 5141 2783 5199 alios
2848 5159 2974 5200 esse
3020 5147 3405 5202 contendimus
3434 5162 3598 5216 quam

1999 5227 2313 5285 Graecorum
2334 5232 2648 5302 dogmatum
2672 5233 2958 5306 prasides,
2985 5243 3042 5291 et
3100 5237 3436 5292 setlnctionis
3483 5232 3601 5292 Deo

1999 5335 2182 5376 exosa:
2211 5333 2670 5394 propugnatores,
2695 5325 2893 5397 quibus
2923 5328 3213 5395 prostratis
3237 5327 3366 5382 vicit
3404 5325 3596 5392 Judas,

1998 5423 2053 5469 et
2090 5414 2298 5469 salvata
2332 5425 2418 5470 est
2441 5431 2656 5486 Quoque
2693 5419 2888 5475 domus
2955 5419 3179 5492 Joseph.
3243 5418 3598 5489 Siguiltcatur

1997 5518 2177 5562 autem
2217 5523 2314 5578 per
2338 5509 2453 5564 haec
2488 5508 2822 5568 lsraeliticus
2869 5513 3114 5582 sanguis,
3168 5521 3222 5568 et
3250 5526 3443 5583 genus,
3477 5511 3596 5568 sive

280 5605 470 5661 ιθλεῖν
503 5606 787 5674 εἰωθότας,
833 5601 912 5663 ὧν
968 5604 1436 5678 κατερῤαγμένων
1480 5603 1828 5674 κεκράτηκεν
1869 5603 1899 5655 ό

2006 5601 2414 5669 institicatorum
2447 5601 2503 5658 in
2560 5603 2782 5661 Christo
2841 5603 3151 5673 multitudo,
3207 5605 3260 5660 in
3313 5604 3497 5662 animo
3538 5613 3598 5662 et

349 5783 398 5819 ³⁵
424 5780 528 5840 Job
563 5801 613 5853 v,
651 5783 707 5840 9.
788 5785 832 5819 ³⁸
850 5783 989 5841 Luc.
1023 5799 1080 5852 ι,
1123 5781 1206 5838 l9.
1285 5782 1329 5814 ³⁸
1353 5779 1394 5837 ll
1428 5781 1607 5836 Maeli.
1644 5793 1719 5846 Vl,
1751 5783 1805 5835 7.

1908 5779 1950 5814 ³⁷
1976 5778 2209 5838 Zacltar.
2246 5795 2326 5846 tx,
2357 5779 2444 5847 l3,
2479 5779 2566 5836 14.
