4130 6506
502 288 599 347 ιῦἺ

1491 277 1550 333 3.
1591 274 1871 332 CYRILLI
1913 269 2374 331 ALEXANDRINI
2418 267 2734 324 ARCHIEP.

3663 255 3764 314 MC

499 405 663 459 ιουιάο
688 400 925 458 Iudaeam
948 391 1480 461 circumferentium,
1506 405 1562 450 et
1607 394 2078 449 circnmcisionem

2197 391 2419 454 Ἰούδας,
2453 388 2720 441 σέσωσται
2769 385 2823 438 δὲ
2867 384 2959 436 καὶ
2987 384 3014 436 ὁ
3051 378 3197 446 οῐκος
3242 381 3460 452 Ἰωσήφ.
3507 379 3768 450 Καταση-

499 497 817 552 sortiturum
865 495 918 547 in
946 491 1161 559 spiritu,
1214 499 1269 545 et
1319 497 1556 543 mentem
1598 488 1923 557 gerentium,
1961 497 2081 553 quae

500 588 646 642 videt
668 585 834 639 Deum
866 583 931 648 ³⁸,
960 583 1062 636 hoc
1091 583 1233 635 enim
1266 579 1458 634 Latine
1511 588 1670 634 sonat
1713 576 1899 631 Israel.
1944 575 2077 641 Quia

499 691 630 732 vero
653 675 836 730 dilecti
860 682 986 728 sunt
1025 688 1055 726 a
1085 672 1218 736 Deo,
1259 671 1380 724 ideo
1410 679 1463 724 et
1488 669 1542 723 in
1580 667 1917 723 habitatione
1964 664 2076 720 τοι·

500 766 684 828 locati,
710 766 812 819 hoc
837 771 920 817 est
973 762 1183 816 ﬁrmam
1211 760 1266 815 in
1283 759 1538 814 omnibus
1565 757 1916 812 felicitatibus
1959 769 2082 826 per-

482 857 839 911 mansionem
871 853 1048 922 adepti
1083 860 1230 906 sunt.
1262 852 1536 920 Scriptum
1563 858 1648 904 est
1671 850 1815 904 enim
1854 868 1866 902 :
1910 866 1928 900 ι
1973 849 2078 901 Do-

500 950 682 1003 minus
703 947 954 1002 ha‘biure
979 943 1108 997 facit
1142 942 1426 996 unanimes
1456 941 1508 994 in
1546 941 1704 996 dumo
1739 940 1803 992 ³⁹.
1835 956 1856 989 ι
1913 938 2005 992 Ait
2026 946 2082 992 et

498 1038 696 1092 alicubi
727 1037 940 1090 divinus
964 1032 1132 1087 Isaias
1163 1032 1326 1087 deeo
1356 1030 1449 1100 qui
1501 1029 1670 1083 vitam
1719 1029 1831 1098 agit
1879 1025 2084 1081 virtute

499 1128 824 1199 singularem
852 1144 868 1180 ι
909 1143 928 1176 ι
957 1122 1258 1180 Ambulans
1279 1122 1333 1176 in
1357 1120 1569 1190 iustitia
1587 1119 1687 1189 qui
1721 1119 1839 1173 odit
1880 1117 2082 1185 iniqui-

505 1231 670 1275 tatem
705 1227 762 1273 et
820 1216 1168 1286 iniustitiam,
1209 1225 1266 1270 et
1304 1229 1497 1268 manus
1516 1211 1796 1266 abstinens
1823 1224 1854 1262 ιι
1889 1223 2080 1263 owne-

498 1312 667 1367 ribus.
689 1309 966 1365 Obturans
997 1322 1183 1372 aurea,
1223 1314 1282 1359 ut
1310 1321 1416 1360 non
1442 1304 1626 1358 audiat
1660 1302 1926 1371 judicium
1952 1316 2080 1356 san-

497 1402 697 1473 guinis,
728 1409 784 1454 et
804 1399 1063 1454 claudens
1091 1395 1300 1460 oculos,
1325 1404 1383 1450 ut
1411 1410 1515 1449 non
1534 1393 1712 1448 videat
1736 1392 2080 1460 iniquitatem

497 1494 585 1548 hic
615 1475 884 1549 habitabit
913 1490 967 1544 in
993 1488 1204 1544 excelsa
1247 1486 1507 1556 spelunca
1539 1494 1705 1554 petra
1765 1483 1923 1537 fortis
1947 1482 2012 1536 ⁸ο.
2053 1500 2073 1534 ι

496 1581 861 1638 Probabiliter
899 1581 1063 1634 etiam
1113 1579 1378 1643 dicemus,
1423 1577 1642 1630 domum
1681 1574 1860 1628 datam
1896 1589 1926 1628 a
1969 1573 2081 1628 Deo

2184 482 2432 553 μαίνεται
2481 479 2651 532 δὲδιά
2701 477 2906 530 τούτων
2934 476 2997 528 τὸ
3039 473 3099 539 ἐξ
3135 472 3344 544 Ἰσραὴλ
3389 466 3531 542 αἷμά
3570 488 3631 524 τε
3673 475 3766 524 καὶ

2180 573 2356 642 γένος,
2407 571 2572 641 ἣγουν
2599 572 2632 639 ἡ
2662 567 2772 622 τῶν
2814 568 2871 620 έν
2900 565 3116 638 Χριστῷ
3167 563 3602 632 δεδικαιωμένων
3629 562 3768 632 πλη-

2180 662 2298 725 οὺς,
2325 661 2414 714 τὸν
2445 662 2521 723 είς
2543 659 2666 712 νοῦν
2698 659 2792 712 καὶ
2821 658 3048 729 καρδίαν
3077 656 3459 727 περιφέροντες
3493 653 3763 714 Ἰουδαῖον,

2180 754 2276 806 καὶ
2309 753 2608 824 περιτομὴν
2649 750 2904 822 λαχόντες
2936 750 3035 819 τὴν
3069 751 3126 802 ἐν
3169 747 3466 817 πνεύματι,
3513 746 3609 800 καὶ
3642 745 3767 799 νοῦν

2181 847 2396 917 ἔχοντες
2442 846 2654 916 ὁρῶντα
2704 844 2870 896 Θεόνο
2928 840 3291 912 ἑρμηνεύεται
3364 839 3470 908 γὰρ
3517 837 3691 901 οὕτως
3741 839 3770 890 ὁ

2192 937 2429 1008 Ἰσραήλ.
2449 935 2667 1005 Ἐπειδὴ
2691 934 2748 988 δέ
2773 935 3086 1004 ὴγάπηνται
3113 932 3266 1003 παρὰ
3295 929 3453 996 Θεοῦ,
3477 929 3652 999 ταύτῃ
3684 945 3768 980 τοι

2179 1032 2275 1084 καὶ
2310 1027 2753 1098 κατῳκίσθησαν,
2803 1025 3086 1078 τουτέστιν
3146 1021 3548 1094 ἐρηρεισμένην
3590 1020 3770 1091 ἐσχη-

2179 1139 2310 1176 κασι
2339 1120 2436 1190 τὴν
2483 1122 2566 1188 ἐφ’
2611 1119 2784 1173 ἅπασι
2813 1118 2924 1180 τοῖς
2961 1117 3206 1188 ἀρίστοις
3235 1115 3518 1184 διαμονήν.
3559 1113 3599 1165 Γ
3602 1111 3769 1182 έγρα⁴⁵

2180 1231 2314 1268 πται
2348 1212 2480 1284 γὰρ,
2525 1212 2608 1265 ὅτι
2656 1231 2676 1264 ι
2713 1210 2917 1278 Κύριος
2963 1206 3261 1273 κατοικίζει
3310 1204 3674 1276 μονοτρόπως
3710 1204 3768 1256 ἐν

2179 1302 2333 1373 οἴκῳ.
2370 1303 2514 1373 Ἔφη
2540 1301 2596 1353 δέ
2625 1317 2728 1353 που
2752 1297 2847 1352 καὶ
2875 1300 2904 1351 ὁ
2937 1297 3221 1360 θεσπέσιος
3264 1296 3492 1358 Ἡσαΐας
3517 1292 3646 1362 περὶ
3672 1289 3769 1346 τοῦ

2179 1391 2457 1462 ἐξαίρετον
2490 1389 2784 1454 ἀσκοῦντος
2823 1388 2966 1460 βίον’
3009 1407 3026 1439 ι
3064 1387 3433 1459 Πορευόμενος
3477 1387 3536 1439 ἐν
3573 1384 3772 1438 δικαιο-

2183 1484 2338 1555 σύνῃ,
2384 1473 2561 1553 μισῶν
2625 1481 2857 1551 ἀνομίαν
2897 1481 2990 1534 καὶ
3032 1481 3266 1544 ἀδικίαν,
3310 1478 3406 1530 καὶ
3437 1477 3534 1542 τὰς
3579 1479 3770 1547 χεῖρας

2181 1574 2518 1645 ἀπεχόμενος
2567 1573 2676 1626 ἀπὸ
2713 1573 2921 1643 δώρων.
2972 1571 3229 1642 Βαρύνων
3272 1569 3339 1622 τά
3384 1563 3519 1634 ὦτα,
3568 1568 3656 1620 ἵνα
3694 1566 3774 1638 μὴ

497 1678 700 1733 sanctis
723 1675 1038 1738 Ecclesiam,
1071 1672 1186 1726 sive
1209 1683 1473 1738 supernas
1517 1667 1868 1731 mansiones;
1915 1680 2079 1733 quam

2188 1664 2391 1736 ἀκούσῃ
2423 1664 2604 1735 κρίσιν
2653 1665 2905 1734 αἵματος,
2937 1660 3032 1716 καὶ
3085 1661 3237 1732 μύων
3268 1661 3394 1722 τοὺς
3432 1656 3768 1729 ὀφθαλμοὺς,

499 1785 612 1824 rem
650 1767 799 1823 omni
857 1763 1214 1819 admiratione
1239 1761 1455 1827 dignam
1476 1768 1661 1813 censet
1682 1768 1738 1811 et
1761 1756 1947 1811 beatus
1975 1758 2078 1809 Da-

2188 1733 2389 1827 Eva~
2409 1733 2492 1827 ἴδη
2515 1757 2748 1821 ἀδικίαν,
2784 1747 2938 1818 οὗτος
2963 1754 3174 1825 οἰκήσει
3213 1754 3272 1805 ἐν
3304 1750 3492 1822 ὑψηλῷ
3522 1749 3773 1821 σπηλαίῳ

499 1861 611 1924 vid,
639 1859 718 1914 sic
749 1857 1124 1912 universorum
1157 1851 1500 1906 Salvatorem
1529 1848 1842 1916 alloquens:
1882 1865 1900 1898 I
1927 1846 2075 1900 Beati

498 1952 589 2021 qui
624 1950 868 2004 habitant
899 1947 953 2002 in
981 1947 1139 2002 domo
1169 1953 1282 2008 tua,
1305 1942 1364 1996 in
1395 1939 1592 1996 saecula
1614 1938 1932 1994 saeculorum
1959 1938 2076 1991 lau-

498 2044 701 2098 dabunt
735 2051 786 2094 te
810 2041 873 2094 “.
915 2057 932 2090 ι

2184 1847 2392 1918 πέτρας
2439 1847 2662 1916 ὀχυρᾶς.
2699 1865 2716 1896 ι
2763 1845 2875 1898 Ούκ
2921 1843 3181 1898 ἀπίθανον
3211 1844 3268 1897 δὲ
3316 1843 3408 1896 καὶ
3441 1837 3588 1895 οἷκον
3628 1841 3774 1895 δεδό⁴

2184 1937 2309 1990 σθαι
2342 1937 2522 2004 λέγειν
2572 1936 2724 2009 παρὰ
2759 1935 2890 1990 Θεοῦ
2923 1939 3036 1998 τοῖς
3067 1934 3242 2004 ἁγίοις
3284 1933 3384 2004 τὴν
3421 1931 3771 2002 Ἐκκλησίαν,

2183 2030 2351 2101 ήγουν
2393 2028 2493 2092 τὰς
2526 2029 2639 2082 ἀνω
2692 2029 2857 2099 μονάς
2879 2047 2891 2060 ·
2925 2029 3020 2082 καὶ
3059 2028 3123 2099 δὴ
3171 2029 3265 2082 καί
3308 2027 3506 2089 παντὸς
3538 2025 3682 2091 ἀξιοῖ
3711 2023 3774 2077 τὸ

497 2135 688 2206 χρῆμα
714 2133 989 2204 θαύματος
1016 2132 1044 2185 ὁ
1076 2129 1342 2201 μακάριος
1369 2127 1556 2194 Δαϐἰδ,
1581 2126 1723 2180 οὕτω
1779 2127 1956 2194 λέγων
1979 2124 2113 2194 πρὸς
2152 2123 2244 2178 τὸν
2277 2124 2414 2179 ὅλων
2461 2126 2688 2196 Σωτῆρα
2746 2127 2839 2178 καὶ
2913 2124 3078 2178 Θεόν⁶
3113 2144 3130 2174 ι
3170 2124 3447 2194 Μακάριοι
3495 2124 3544 2175 οἱ
3591 2138 3774 2175 κατοι-

498 2226 721 2290 κοῦντες
748 2229 805 2280 ὲν
833 2226 910 2295 τῷ
934 2224 1069 2295 οἴκῳ
1105 2241 1222 2286 σου,
1254 2227 1334 2286 είς
1353 2223 1481 2286 τοὺς
1509 2223 1712 2285 αἰῶνας
1739 2222 1848 2275 τῶν
1876 2221 2085 2275 αἰώνων
2122 2220 2396 2274 αίνέσουσί
2421 2237 2500 2274 σε.
2539 2239 2556 2270 ι

573 2317 738 2370 Vens.
765 2317 816 2368 7.
867 2317 934 2368 Et
992 2325 1140 2370 erum
1200 2315 1641 2384 quemadmodum
1707 2313 1920 2381 quando
1979 2328 2081 2366 ιιοιι

501 2408 798 2478 abjeceram
839 2423 948 2468 eos,
996 2405 1122 2474 quia
1199 2421 1291 2475 ego
1365 2398 1620 2458 Dominus
1693 2403 1829 2457 Deus
1878 2419 2080 2467 coruus,

501 2509 548 2554 et
579 2495 860 2552 exaudiam
885 2512 993 2561 eos,
1011 2507 1056 2550 et
1083 2505 1235 2550 erant
1264 2496 1415 2564 quasi
1440 2503 1757 2565 pugnatoriis
1785 2494 2064 2562 Ephraim.

579 2673 744 2730 LXX.
778 2673 1029 2728 Confusis
1059 2673 1283 2728 Graecia:
1310 2672 1664 2742 sapientibus,
1699 2671 1791 2741 qni
1845 2680 1902 2726 et
1932 2672 2084 2740 equi-

505 2776 587 2824 tes
619 2767 870 2835 appellati
918 2765 1528 2831 sunt,conl’ortaturum
1561 2780 1684 2820 sese
1708 2765 1995 2834 promittit,
2027 2775 2083 2819 et

505 2859 839 2914 habitatione
891 2859 1215 2912 donaturum
1276 2856 1648 2910 misericordia
1701 2857 1952 2927 gavisos,
1989 2858 2082 2910 ad-

504 2957 658 3011 dens.
692 2971 709 3003 ι
759 2951 894 3017 Quia
931 2949 1095 3004 dilexi
1125 2963 1240 3004 eos.
1280 2967 1299 3000 ι
1330 2948 1398 3002 Ει
1457 2949 1588 3018 quid
1617 2949 1964 3004 emolumenti
2015 2964 2082 3003 ex

502 3059 570 3099 eo
602 3041 906 3112 percepturi
938 3041 1070 3102 sint,
1102 3040 1244 3108 quod
1273 3055 1303 3094 a
1330 3040 1436 3105 Deo
1460 3039 1642 3094 dilecti
1674 3041 1804 3103 sint,
1839 3054 2082 3108 sequen-

506 3137 652 3189 tibus
675 3133 932 3202 explanat
967 3147 980 3184 :
1019 3131 1182 3202 750
1219 3148 1238 3181 ι
1264 3129 1437 3194 Sicut,
1467 3131 1663 3200 inquit,
1689 3145 1813 3186 cum
1846 3147 1950 3185 non
1987 3131 2084 3184 ab-

499 3225 737 3292 jeceram
767 3238 882 3278 eos.
916 3241 934 3273 ι
962 3221 1078 3278 Non
1114 3222 1258 3274 enim
1295 3236 1392 3276 eos
1421 3223 1634 3290 penitus
1693 3222 1928 3292 neglexi,
1993 3221 2086 3276 sed

504 3317 745 3380 visitavi,
777 3317 942 3370 etiam
1006 3313 1265 3384 periculis
1297 3311 1694 3381 conﬂictantes,
1767 3333 1786 3365 ι
1824 3315 1957 3378 Quia
1987 3327 2086 3383 ego

507 3407 770 3464 Dominus
801 3409 941 3461 Dens
984 3406 1246 3474 ipsorum,
1287 3425 1306 3460 ι
1336 3408 1437 3462 hoc
1462 3415 1546 3462 est
1597 3420 1786 3462 eorum
1818 3405 2089 3474 supplices
2115 3445 2122 3456 ..

509 3493 698 3568 preces
777 3499 1086 3564 exaudiam,
1151 3516 1170 3549 ι
1234 3507 1289 3553 et
1360 3509 1522 3554 erunt
1614 3506 1675 3553 ut
1761 3509 2090 3569 pugnaturos

509 3589 790 3656 Ephraim.
827 3606 845 3639 ι
875 3588 951 3642 Ac
977 3587 1023 3644 si
1061 3601 1274 3640 rursum
1297 3585 1462 3653 dicat,
1487 3586 1775 3656 aliquando
1809 3602 1904 3656 per
1923 3587 2087 3641 animi

508 3694 564 3739 et
594 3686 790 3736 mentis
818 3681 1238 3737 imbecillitatem
1265 3680 1408 3735 velut
1433 3679 1685 3736 dissoluti
1735 3689 1791 3734 et
1840 3679 2090 3748 jacentes

508 3788 574 3827 eu
597 3771 708 3839 jam
737 3771 1067 3826 fortitudinis
1107 3769 1406 3840 Spiritualis
1427 3769 1868 3839 progredientnr,
1914 3778 1974 3823 ut
2022 3768 2091 3824 de

507 3877 706 3918 caetero
740 3861 1108 3932 prraimitis,
1141 3877 1368 3932 quorum
1418 3875 1615 3915 nomen
1667 3861 1720 3916 in
1778 3859 1934 3916 laude
1981 3871 2089 3926 est,

507 3955 742 4024 aequales
773 3955 1078 4020 videantur,
1142 3955 1246 4008 hoc
1298 3961 1381 4008 est
1433 3952 1498 4008 de
1550 3968 1750 4022 genere
1781 3951 2090 4009 Judteorum

508 4046 788 4116 apostolis,
813 4053 865 4099 et
887 4044 1253 4113 evangelistis-
1281 4044 1344 4099 lli
1373 4044 1517 4098 enim
1540 4044 1827 4100 bellatores
1853 4044 2090 4110 fuerunt,

507 4138 871 4208 intelligentia:
894 4151 997 4191 non
1025 4138 1206 4192 sensui
1260 4144 1527 4206 patentes,
1565 4148 1940 4210 oppugnantes
1989 4138 2093 4192 ini-

513 4230 704 4292 micos,
729 4228 981 4283 ferientes
1011 4229 1374 4294 adversarios,
1401 4240 1458 4284 et
1524 4232 1798 4285 vincentes
1833 4247 1852 4281 ι
1885 4229 2092 4299 princi-

511 4330 691 4391 palus,
717 4327 1039 4389 potestates,
1093 4328 1148 4373 et
1211 4319 1632 4385 dominationes,
1685 4329 1741 4376 et
1789 4320 2090 4390 spiritualia

509 4411 762 4482 nequitiae
786 4411 852 4476 δ’,
891 4429 910 4463 ι
946 4418 1000 4465 et
1033 4425 1201 4465 sacra:
1224 4410 1628 4479 prtedicationis
1651 4410 1994 4466 adversarios
2014 4411 2097 4464 ci-

513 4512 593 4558 tra
628 4517 859 4573 pugnam
897 4510 1238 4570 superantes.
1262 4501 1507 4556 Fuerunt
1537 4503 1665 4556 item
1715 4515 1782 4556 ex
1854 4503 2097 4569 gentium

510 4594 720 4664 populis
747 4592 919 4648 vocati
940 4607 1035 4662 per
1065 4591 1222 4647 [idem
1246 4593 1312 4647 ad
1364 4592 1698 4662 agnitionem
1747 4589 1950 4646 Christi
1994 4591 2096 4646 viri

511 4686 710 4750 sancti,
741 4693 796 4738 et
835 4667 1026 4754 spiriiu
1056 4681 1173 4760 ‘Dei
1225 4682 1390 4753 pleni,
1435 4692 1488 4736 et
1524 4694 1780 4751 tanquam
1809 4681 2097 4738 bellatores

511 4773 789 4844 Ephraim.
811 4773 1108 4829 Bellatores
1134 4772 1276 4828 enim
1307 4772 1520 4826 fuerunt
1551 4787 1566 4825 :
1598 4786 1696 4839 pro
1712 4770 1914 4825 viribus
1939 4786 2093 4825 nam-

511 4880 616 4936 que
647 4864 1011 4934 apostolorum
1060 4863 1270 4918 vivendi
1335 4878 1524 4934 genus,
1569 4863 1892 4932 illorumque
1919 4864 2092 4917 virtu-

513 4966 619 5011 tem
648 4955 836 5009 iisdem
869 4954 1111 5024 vestigiis
1141 4953 1440 5010 incedendu
1459 4953 1803 5017 aemulantes,
1833 4953 1935 5024 ipsi
1961 4969 2092 5024 quo-

511 5060 618 5114 que
653 5044 916 5113 intrepide
935 5054 1122 5100 contra
1159 5045 1413 5100 veritatis
1465 5044 1735 5111 inimicos,
1795 5043 2093 5115 contraque

513 5135 642 5188 vitia
679 5141 730 5189 et
758 5143 978 5204 peccata
1013 5135 1379 5189 decertarunt.

585 5225 655 5279 Et
685 5226 952 5280 lwlabitur
969 5241 1058 5278 cor
1079 5241 1256 5278 eorum
1277 5227 1426 5295 quasi
1456 5224 1508 5280 in
1537 5226 1672 5291 vino,
1703 5236 1748 5278 et
1775 5224 1877 5292 ﬁlii
1909 5242 2088 5279 eorum

519 5319 780 5385 ridebunt,
805 5331 851 5373 et
885 5318 1228 5382 lavabantur,
1252 5331 1297 5371 et
1323 5319 1568 5390 gaudebit
1589 5333 1679 5372 cor
1698 5333 1880 5372 eorum
1912 5319 1968 5372 in
1990 5317 2092 5370 Do-

516 5412 678 5466 mirio.

599 5671 816 5728 "Rom.
849 5689 910 5742 ιι,
943 5673 1012 5728 εδ
1042 5687 1196 5742 seqq.
1311 5675 1356 5709 ⁸⁹
1382 5673 1520 5728 Psal.
1553 5689 1681 5738 esti,
1714 5673 1766 5727 9.

1867 5674 2030 5729 "lsa.
2067 5691 2256 5742 sum,
2299 5677 2383 5744 l5,
2426 5677 2504 5732 l6.

2254 2312 2365 2367 Καὶ
2393 2313 2562 2367 ἔσται
2605 2311 2678 2366 ὃν
2722 2312 2944 2380 τρόπον
2982 2313 3093 2364 οὐκ
3149 2309 3622 2379 ἀπεστρεψὰμην
3664 2310 3772 2366 αὐο

2183 2403 2348 2470 τοὺς,
2400 2405 2547 2458 διότι
2596 2405 2711 2474 ἐγὼ
2739 2406 2951 2471 Κύριος
2994 2405 3027 2458 ό
3071 2403 3216 2469 Θεὸς
3267 2400 3486 2466 αὐτῶν,
3517 2401 3616 2454 καί
3664 2401 3771 2453 ἐπ·-

2184 2497 2522 2567 ακούσομαι
2568 2495 2784 2558 αὐτῶν,
2813 2493 2914 2548 καί
2958 2494 3207 2549 ἔσονται
3250 2493 3332 2558 ὡς
3367 2489 3631 2562 μαχηταί
3667 2489 3773 2544 τοῦ

2203 2590 2470 2658 Ἐφραὶμ

2263 2685 2339 2735 0'.
2370 2677 2860 2750 Κατῃσχυμμένων
2890 2677 2999 2731 τῶν
3038 2677 3166 2748 παρ’
3195 2675 3422 2745 Ἕλλησι
3446 2675 3538 2728 καὶ
3569 2673 3771 2744 σοφῶν,

2187 2774 2238 2826 οἳ
2270 2773 2363 2826 καὶ
2391 2774 2577 2833 ίππεῖς
2607 2768 3023 2841 ὠνομάσθησαν,
3052 2767 3402 2838 κατισχύσειν
3433 2765 3772 2836 ἐπαγγέλλε-

2188 2882 2300 2928 ται,
2343 2863 2438 2915 καὶ
2485 2861 2819 2915 κατοικίσειν
2865 2861 2991 2924 τοὺς
3047 2858 3420 2931 ἡλεημένους,
3469 2857 3770 2927 ἐπιφέρων,

2195 2973 2212 3005 ι
2250 2954 2374 3006 Ὅτι
2427 2952 2691 3022 ἠγάπηκα
2737 2950 2950 3014 αύτούς.
2996 2967 3014 3000 ι
3061 2949 3172 3003 Καὶ
3215 2949 3267 3001 τί
3315 2945 3667 3018 κερδανοῦσιν
3711 2947 3778 2999 ἐκ

2186 3048 2278 3102 τοῦ
2329 3046 2645 3116 ὴγαπῆσθαι
2700 3044 2847 3116 ποιρά
2898 3042 3070 3107 Θεοῦ,
3125 3041 3544 3113 διερμηνεύεται
3589 3039 3774 3106 πάλιν,

2193 3158 2212 3190 ι
2250 3138 2481 3208 Ὥσπερ,
2526 3136 2714 3206 φησὶν,
2749 3137 2835 3189 ὅτε
2872 3136 2972 3189 οὐκ
3015 3134 3444 3205 ἀπεστρεψάμην
3487 3131 3706 3196 αύτούς.
3751 3153 3770 3184 ι

2189 3231 2264 3284 υύ
2288 3230 2395 3300 γάρ
2430 3230 2699 3300 περιεῖδον
2725 3231 2805 3292 εἰς
2829 3229 2996 3294 ἅπαν,
3022 3227 3413 3296 ἐπεσκεψάμην
3436 3225 3494 3279 δὲ
3525 3225 3776 3278 κεκινδυ-

2189 3321 2470 3385 νευκότας,
2501 3321 2636 3374 διότι
2673 3317 2782 3388 ἐγὼ
2828 3319 3031 3391 Κύριος
3055 3321 3083 3372 ὁ
3108 3319 3238 3383 Θεὸς
3275 3317 3477 3382 αὐτῶν,
3531 3316 3778 3370 τουτέστι

2191 3414 2491 3483 ποιήσομαι
2519 3409 2713 3474 δεκτάς
2740 3410 2838 3473 τάς
2870 3409 2998 3481 παρ’
3036 3409 3215 3463 αὐτῶν
3240 3408 3414 3472 λιτάς,
3441 3406 3533 3460 καὶ
3564 3407 3778 3459 ἔσονται

2192 3504 2268 3566 ὡς
2309 3504 2550 3574 μαχηταὶ
2577 3500 2670 3554 τοῦ
2716 3501 2975 3572 Ἐφραῖμη
3011 3520 3029 3552 ι
3062 3501 3288 3571 Ὅμοιον
3323 3500 3399 3563 ὼς
3419 3501 3467 3552 εί
3497 3496 3646 3567 λέγοι
3671 3497 3779 3552 ττὰ⁴

2191 3593 2306 3647 λιν·
2347 3593 2400 3646 οῐ
2449 3608 2580 3645 ποτε
2635 3590 2724 3644 διὰ
2757 3591 2850 3645 νοῦ
2892 3591 2988 3644 καὶ
3038 3589 3235 3660 φρενὸς
3281 3591 3566 3643 ἀσθένειαν
3614 3589 3780 3642 οἱονεὶ

2194 3683 2517 3754 παρειμένοι
2543 3699 2601 3734 τε
2625 3681 2719 3736 καὶ
2750 3682 3013 3752 κείμενοι,
3045 3680 3227 3752 ίσχύος
3255 3682 3335 3745 εἰς
3368 3682 3525 3732 τοῦτο
3551 3680 3650 3749 ἥδη
3677 3679 3778 3748 τῆς

2193 3776 2570 3847 πνευματικῆς
2601 3775 2981 3845 ἐνεχθήσονται
3012 3774 3085 3836 ὼς
3109 3773 3210 3844 ἤδη
3233 3789 3348 3836 πως
3375 3775 3431 3825 ἐν
3460 3771 3558 3842 ίσῳ
3581 3770 3784 3840 τετάχ-

2194 3871 2284 3925 θαι
2317 3870 2492 3924 δοκεῖν
2549 3871 2658 3932 τοίς
2689 3867 2746 3934 ἐξ
2791 3865 3031 3937 Ἐφραῒμ
3064 3865 3454 3936 ηὑδοκιμηκόσι
3475 3905 3488 3928 ,
3527 3864 3778 3917 τουτέστι

2191 3964 2306 4024 τοῖς
2332 3960 2392 4024 ἐξ
2437 3958 2704 4012 Ἰουδαίων
2752 3957 3071 4019 ἀποστόλοις
3113 3973 3172 4009 τε
3214 3957 3310 4009 καὶ
3339 3955 3776 4024 εύαγγελισταῖς.

2193 4051 2452 4122 Μαχηταὶ
2481 4049 2588 4119 γὰρ
2615 4049 2661 4102 oi
2691 4048 2882 4102 τοιοίδε
2912 4045 3170 4116 γεγόνασι
3210 4046 3411 4116 νοητοὶ,
3448 4044 3782 4099 καταθλοῦν·

2192 4160 2286 4206 τες
2319 4139 2549 4213 ἐχθρῶν,
2581 4139 2867 4210 βάλλοντες
2903 4139 3028 4202 τοὺς
3063 4137 3433 4201 ὑπεναντίους,
3458 4137 3553 4190 καὶ
3579 4135 3781 4189 νικῶν-

2193 4251 2285 4297 τες
2310 4232 2409 4303 μὲν
2439 4251 2458 4284 ι
2493 4232 2689 4303 ἀρχὰς,
2715 4231 2974 4302 δυνάμεις
3002 4247 3058 4282 τε
3087 4231 3180 4283 καὶ
3205 4229 3554 4301 κυριότητας,
3584 4229 3680 4282 καὶ
3709 4229 3781 4282 τὰ

2197 4323 2539 4393 πνευματικά
2583 4323 2684 4391 τῆς
2729 4313 3012 4391 πονηρίας,
3050 4341 3067 4372 ι
3109 4319 3438 4392 κρατοῦντες
3477 4321 3534 4374 δὲ
3568 4322 3781 4392 ἀμαχεὶ

2193 4414 2301 4476 τῷν
2335 4411 2747 4483 ἀνθεστηκότων
2778 4415 2892 4474 τοῖς
2931 4412 3098 4475 ὁσίοις
3133 4411 3472 4482 κηρύγμασι.
3511 4407 3778 4478 Γεγόνασι

2193 4504 2250 4558 δὲ
2293 4503 2388 4558 καὶ
2433 4507 2498 4558 ἐκ
2538 4503 2636 4573 τῆς
2685 4501 2794 4556 τῶν
2828 4501 2998 4555 ἐθνῶν
3043 4501 3282 4573 πληθύος
3332 4502 3660 4572 κεκλημένοι
3691 4502 3778 4556 διὰ

2195 4597 2431 4659 πίστεως
2461 4596 2540 4658 είς
2573 4594 2868 4663 ἐπίγνωσιν
2891 4592 2984 4646 τοῦ
3007 4593 3265 4664 Χριστοῦ,
3298 4594 3487 4660 ἄνδρες
3514 4594 3657 4662 ἅγιοι
3683 4594 3780 4647 καὶ

2198 4684 2656 4755 πνευματοφόροι,
2691 4685 2785 4736 καὶ
2815 4681 2890 4745 ὡς
2936 4683 3177 4754 μαχηταὶ
3206 4682 3299 4735 τοῦ
3353 4683 3611 4754 Ἐφραίμ.
3653 4685 3779 4736 Μα-

2195 4775 2358 4848 χηταὶ
2387 4775 2493 4845 γὰρ
2516 4775 2808 4844 γεγόνασι·
2833 4773 2975 4827 κατά
3008 4755 3115 4844 γάρ
3147 4773 3207 4826 τὸ
3233 4773 3510 4845 ἐγχωροῦν
3537 4775 3635 4846 τὴν
3667 4773 3779 4826 τῶν

2193 4866 2506 4922 ἀποστόλων
2533 4865 2828 4929 πολιτείαν,
2866 4865 2959 4918 καὶ
2988 4863 3085 4936 τὴν
3116 4863 3339 4918 ἐκείνων
3370 4865 3777 4936 ἰχνηλατοῦντες

2194 4958 2394 5028 ἀρετὴν
2417 4955 2838 5028 κατηνδρίσαντο
2867 4956 2963 5009 καὶ
2993 4957 3168 5022 αὐτοὶ,
3199 4955 3341 5009 κατά
3373 4956 3482 5010 τῶν
3511 4959 3610 5027 τῆς
3641 4957 3778 5028 ἁλη-

2194 5049 2344 5114 θείας
2381 5047 2614 5120 ἐχθρῶν,
2654 5049 2749 5102 καὶ
2788 5048 2998 5116 παθῶν,
3031 5047 3124 5101 καὶ
3161 5048 3457 5119 ἁμαρτίας.

2263 5224 2372 5278 Kal
2411 5224 2740 5294 χαρήσεται
2784 5228 2822 5296 ἡ
2868 5227 3080 5298 καρδία
3113 5228 3312 5284 αὐτῶν
3363 5227 3443 5294 ὡς
3493 5227 3562 5281 ἐν
3611 5227 3776 5292 οἵνιρ,

2193 5320 2291 5374 καὶ
2333 5319 2406 5372 τὰ
2460 5319 2643 5374 τέκνα
2696 5320 2896 5376 αὐτῶν
2950 5321 3223 5390 ὄψονται,
3280 5321 3377 5374 καὶ
3441 5322 3780 5389 εὐφρανθή-

2195 5423 2427 5471 σονται,
2486 5408 2584 5462 καί
2635 5409 2923 5480 χαριεῖται
2971 5409 3010 5477 ἠ
3059 5410 3272 5479 καρδία
3319 5408 3516 5464 αὐτῶν
3565 5408 3662 5462 ἐπὶ
3702 5407 3782 5472 τῲ

2197 5499 2408 5567 Κυρίῳ.
3415 5509 3418 5512 ’

2594 5679 2639 5771 _“
2668 5677 2811 5734 Psal.
2845 5695 3071 5747 uuln,
3109 5681 3164 5737 5.
3278 5682 3324 5715 δ’
3349 5681 3547 5752 Epiros.
3576 5697 3650 5750 v1,
3689 5681 3772 5736 l9.
