4130 6478
371 379 466 436 ιιι)

362 589 514 640 ἐστιν
545 588 572 639 ό
598 583 744 648 νοῦς,
795 585 887 636 καὶ
937 584 1216 654 φροντίδος
1258 591 1699 661 καταφρονητὴς.
1735 591 1966 661 Προσίε‹

359 697 451 732 ται
487 675 598 748 γὰρ
633 677 755 746 οὐχὶ
789 676 850 728 τὸ
881 676 1219 730 καταλιπεῖν
1268 679 1479 744 εἰωθὸς,
1514 681 1724 735 ἀνεῖται
1772 683 1828 736 δὲ
1857 684 1968 737 ὥσ·-

360 787 490 842 περ,
527 769 622 823 καὶ
659 769 935 841 μερίμνης
976 771 1196 842 ἀπάσης
1231 773 1647 842 κατευμεγεθεῖ.
1677 775 1738 827 ΕΞ
1789 775 1969 828 τοίνυν

359 863 633 930 γένοιντο,
664 862 850 932 φησὶν,
885 861 960 927 ὡς
1018 866 1260 935 μαχηταὶ
1293 863 1388 917 τοῦ
1435 865 1697 936 Ἐφραῖμ,
1728 866 1851 920 τότε
1881 868 1964 936 δὴ.

357 955 485 1008 τότε
518 955 610 1007 καὶ
636 953 735 1026 τὴν
772 955 864 1007 ὲπί
899 955 963 1024 γέ
1011 974 1193 1026 σψισιν
1233 957 1416 1022 αὐτοῖς
1457 957 1783 1022 εἰσδέξονται
1839 959 1972 1028 θυμ-

358 1048 522 1116 ηδίαν
544 1089 558 1112 ,
605 1047 682 1111 ὡς
711 1047 768 1101 δὲ
801 1047 1052 1121 λαμπροὶ
1095 1050 1190 1103 καὶ
1226 1051 1504 1121 εὐδόκιμοι
1534 1055 1598 1124 τῇ
1628 1052 1736 1104 τῶν
1777 1053 1971 1124 ἐσομέ-

359 1161 474 1197 νων
497 1141 723 1210 ἁγαθῶν
752 1141 925 1194 ἐλπίδι
958 1144 1557 1215 κατευφρανθήσονται,
1591 1146 1683 1198 καὶ
1707 1147 1804 1217 τῆς
1827 1145 1972 1212 ἐξαι-

362 1237 530 1309 ρέτου
559 1235 842 1300 πολιτείας
887 1237 1068 1303 ἕξουσι
1103 1237 1373 1310 μιμητὰς,
1411 1238 1539 1300 τοὺς
1569 1237 1628 1302 ἐξ
1670 1239 1852 1291 αὐτῶν
1881 1255 1974 1306 γε-

359 1330 599 1399 γονότας
635 1329 808 1395 υἱοὺς,
853 1331 1259 1400 πνευματικοὺς
1302 1331 1564 1401 δηλονότι.
1609 1328 1972 1402 Τοιοῦτοςνῆν

360 1427 461 1477 καὶ
491 1424 521 1475 ό
552 1422 842 1486 Θεσπέσιος
883 1422 1114 1488 Παῦλος,
1143 1426 1256 1486 τοῖς
1289 1423 1356 1476 δι’
1391 1422 1558 1476 αὑτοῦ
1609 1423 1972 1496 κεκλημένοις

361 1515 702 1569 ἐπιστέλλων
729 1533 788 1568 τε
822 1517 916 1568 καὶ
961 1515 1164 1584 λέγων’
1203 1535 1221 1567 ι
1263 1515 1380 1569 Κᾶν
1429 1517 1656 1588 μυρίους
1695 1517 1973 1586 παιδαγω-

360 1610 499 1676 γοὺς
529 1609 694 1677 ἔχητε
724 1609 781 1660 ἐν
816 1605 1060 1678 Χριστῷ,
1092 1605 1208 1660 ἀλλ’
1231 1607 1291 1659 οὐ
1321 1606 1550 1670 πολλοὺς
1586 1607 1844 1676 πατέρας.
1886 1607 1973 1660 Ἐν

361 1701 477 1771 γὰρ
513 1697 738 1770 Χριστῷ
786 1698 964 1769 Ἰησοῦ
1012 1698 1101 1752 διὰ
1146 1699 1242 1751 τοῦ
1290 1699 1626 1767 Εὑαγγελίου
1676 1698 1786 1767 ἐγὼ
1829 1700 1974 1770 ὑμᾶς

361 1792 661 1861 ἐγέννησα.
722 1808 740 1842 ι
795 1789 1005 1845 Οὐκοῦν
1057 1790 1125 1844 τὰ
1177 1791 1237 1858 ἐξ
1287 1790 1468 1844 αὐτῶν
1520 1790 1758 1861 ἐσόμενα
1807 1791 1972 1844 τέκνα

1195 380 1758 442 COMMENTARIUS
1801 385 1868 439 IN
1910 385 2319 441 ZACIIARIAM
2361 387 2808 444 PRUPIIETAM.

436 495 562 547 ΟΝ.
601 491 725 546 Τῶν
775 487 915 544 οἶνον
968 494 1374 549 ἐκπεπωκότων
1419 497 1655 568 ἐκμελὴς
1714 499 1799 553 ἀεί
1849 499 1966 563 πῶς
1999 505 2040 559 Α

3563 394 3663 448 I70

2142 500 2328 554 LXXI.
2364 500 2562 555 Eorum
2590 503 2680 572 qui
2705 503 2888 556 vinum
2952 502 3204 557 biberunt
3258 519 3409 560 ntcns
3447 521 3665 576 semper

2047 593 2226 662 -quasi
2257 597 2578 648 inconcinna
2605 604 2658 648 et
2707 595 2908 650 absinta
2969 604 3071 662 cst,
3123 597 3377 667 curisque
3431 600 3662 655 salutem

2073 684 2224 739 dicit.
2259 683 2367 739 Nec
2385 686 2529 740 enim
2558 688 2852 757 quidquam
2907 688 3218 744 tristificum
3253 691 3510 757 admittit,
3565 695 3658 746 sed

2075 777 2288 832 laxatur
2333 779 2749 847 quodammodo,
2799 789 2854 834 et
2912 781 3167 836 omnibus
3206 782 3666 839 sollicitudinibus

2072 870 2404 924 dominatur.
2475 871 2530 924 Si
2579 872 2743 938 igitur
2781 872 3004 938 fuerint,
3043 873 3241 944 inquit,
3282 883 3341 928 ttt
3367 874 3662 932 bellatores

2080 961 2360 1032 Epitraim,
2388 970 2537 1025 tunc,
2571 970 2700 1016 tunc
2739 963 2906 1017 animi
2936 964 3174 1032 ipsorum
3202 963 3402 1034 gaudio
3441 963 3666 1030 perfun—

2076 1055 2298 1119 dentur,
2327 1063 2382 1107 et
2423 1065 2483 1108 ttt
2514 1055 2756 1111 illustres
2796 1056 3123 1126 probatique
3157 1055 3465 1111 futurorum
3498 1057 3667 1110 bono—

2076 1163 2193 1201 rum
2226 1162 2320 1217 spe
2351 1147 2700 1211 Izmabtmtur,
2729 1157 2782 1202 et
2816 1147 3028 1202 eximiae
3059 1148 3181 1202 vitae
3219 1162 3332 1204 sua:
3363 1147 3667 1202 imitatores

2073 1255 2137 1294 ex
2178 1255 2236 1295 se
2263 1248 2418 1294 natos
2450 1241 2589 1295 lilios
2631 1256 2780 1303 suos,
2814 1241 3127 1310 spirituales
3170 1249 3320 1310 puta,
3366 1240 3662 1296 habebunt.

2076 1329 2225 1384 Talis
2243 1340 2358 1384 erat
2385 1341 2440 1385 et
2479 1331 2696 1385 divinus
2723 1331 2940 1396 Paulus,
2973 1346 3070 1400 per
3091 1346 3151 1386 se
3174 1331 3381 1386 vocatis
3429 1333 3499 1385 ita
3533 1334 3669 1386 scri-

2077 1423 2212 1478 bens
2241 1439 2304 1477 ac
2345 1425 2533 1478 dicens
2567 1442 2580 1478 :
2623 1442 2641 1474 ι
2677 1422 2788 1477 Etsi
2815 1424 3003 1478 decem
3034 1423 3201 1478 millia
3250 1424 3666 1494 paedagogorum

2081 1514 2328 1569 habeatis
2375 1515 2428 1569 in
2481 1515 2715 1575 Christo,
2761 1515 2854 1569 sed
2913 1531 3019 1568 non
3089 1514 3292 1570 multos
3364 1525 3574 1585 patres.
3613 1515 3668 1568 In

2075 1606 2296 1662 Christo
2313 1609 2454 1662 enim
2486 1607 2611 1662 Jesu
2650 1622 2744 1677 per
2770 1607 3118 1678 Evangelium
3148 1624 3248 1680 ego
3264 1625 3358 1663 vos
3384 1611 3544 1679 genui
3566 1609 3664 1662 ⁸⁵³.»

2076 1698 2349 1756 Nascituri
2377 1702 2540 1771 igitur
2561 1717 2625 1756 ex
2691 1701 2794 1756 illis
2830 1702 2919 1755 tilii
2949 1720 2967 1752 ι
3004 1702 3260 1756 videbunt
3317 1710 3372 1756 et
3418 1702 3673 1755 laetabun-

2081 1803 2188 1848 tur.
2223 1813 2241 1846 ι
2267 1792 2402 1847 Nam
2439 1794 2704 1864 progeniti
2735 1795 2786 1848 in
2827 1794 3274 1849 meditationibus
3302 1809 3484 1848 rerum
3505 1795 3662 1849 Chri-

369 1903 386 1934 ι
433 1882 660 1954 ὄψονται
711 1884 808 1937 καὶ
861 1882 1354 1954 εὐφρανθήσονται.
1413 1903 1430 1935 ι
1471 1883 1739 1951 Γεγονότα
1767 1883 1876 1955 γὰρ
1921 1885 1977 1936 ἐν

2085 1885 2172 1948 sti,
2211 1894 2264 1938 et
2295 1885 2492 1939 virtute
2541 1885 2783 1955 mysterii
2838 1895 3114 1955 percepta,
3189 1895 3244 1940 et
3295 1885 3672 1956 largitionibus

363 1977 630 2050 Θεωρίαις
672 1979 794 2041 ταῖς
843 1977 939 2031 ἐπὶ
981 1976 1224 2047 Χριστῷ,
1274 1978 1365 2030 καὶ
1395 1976 1487 2030 τοῦ
1535 1977 1840 2049 μυστηρίου
1871 1977 1970 2048 τὴν

363 2067 605 2140 δύναμιν
632 2067 1088 2139 ἐκμεμαθηκότα,
1116 2067 1208 2120 κα).
1232 2070 1351 2132 ταῖς
1379 2068 1471 2120 τοῦ
1496 2067 1814 2136 Πνεύματος
1846 2086 1971 2139 χορ-

363 2161 558 2231 ηγίαις
598 2159 1015 2229 πεφωτισμένα,
1050 2158 1318 2230 πράξουσι
1366 2157 1575 2224 δεξιῶς,
1605 2160 1700 2214 καὶ
1752 2161 1851 2231 τὴν
1882 2161 1970 2213 ἐπ’

365 2250 519 2322 αὐτῷ
541 2249 621 2321 τῷ
662 2251 876 2321 Σωτῆρι
909 2249 1134 2322 Χριστῷ
1183 2251 1452 2321 θυμηδίαν
1501 2251 1852 2315 εἰσδέξονται,
1879 2254 1972 2306 καὶ

366 2344 536 2396 αὑτὸν
582 2344 903 2414 ποιήσονται
962 2344 1140 2414 χαράν
1171 2361 1230 2396 τε
1280 2344 1372 2396 καὶ
1425 2344 1637 2416 τέρψιν,
1675 2345 1771 2397 καὶ
1803 2344 1972 2414 ἁγαλο

363 2437 547 2490 λίασιν
603 2436 783 2508 ψυχῆς
833 2437 928 2489 καὶ
967 2435 1215 2508 καρδίας.
1271 2435 1488 2489 Γένοιτο
1513 2437 1557 2487 δ’
1595 2436 1662 2490 ἂν
1693 2436 1972 2490 καὶτοῦτο

366 2530 551 2600 σαφὴς
602 2528 879 2594 ἀπόδειξις
911 2528 1005 2582 τοῦ
1055 2528 1154 2599 ζῇν
1185 2527 1399 2582 ἑλέσθαι
1450 2528 1735 2597 θεοφιλῶς.
1771 2532 1832 2582 Οἱ
1873 2532 1970 2600 μὲν

364 2624 475 2693 γὰρ
506 2625 619 2686 τοῖς
671 2624 728 2676 ὲν
776 2621 967 2692 κόσμῳ
1019 2621 1306 2693 πράγμασι
1343 2621 1442 2692 τῆς
1485 2621 1694 2675 ἑαυτῶν
1734 2622 1972 2686 διανοίας

363 2717 740 2786 ἀπονέμοντες
757 2716 857 2788 τὴν
881 2717 1076 2787 ῥοπὴν,
1097 2716 1191 2768 καὶ
1215 2717 1531 2779 νενευκότες
1550 2717 1629 2779 εἰς
1649 2715 1718 2768 τὰ
1747 2713 1966 2788 αἰσχίω,

365 2813 655 2883 χαίρουσιν
710 2809 797 2863 ἐπ’
843 2810 1051 2873 αὐτοῖς,
1104 2809 1202 2864 καὶ
1255 2809 1526 2880 θυμηδίαν
1583 2809 1863 2864 ποιοῦνται
1910 2809 1973 2863 τὸ

367 2907 583 2975 χρῆμα,
626 2903 720 2956 καὶ
750 2901 1052 2973 γεγήθασιν
1087 2900 1179 2953 ἐπὶ
1211 2899 1411 2970 σαρκὸς
1443 2900 1678 2971 ἡδοναῖς,
1730 2900 1824 2953 καὶ
1848 2901 1972 2962 ταῖς

365 2995 586 3067 ἑτέραις
612 2994 706 3047 τοῦ
735 2993 1003 3064 παρόντῆς
1027 2991 1143 3063 βίου
1167 2994 1397 3062 τρυφαῖς
1421 2991 1764 3062 ἐνσπαταλᾷν
1786 2991 1970 3044 εἰωθό-

363 3106 479 3150 τες,
515 3088 701 3156 ὀλίγου
755 3086 1033 3150 παντελῶς
1074 3085 1286 3152 ἀξιοῦσι
1335 3085 1495 3154 λόγου
1528 3084 1598 3137 τὰ
1634 3085 1786 3158 παρὰ
1828 3085 1968 3155 Θεῷ.

366 3182 429 3234 Οἱ
461 3180 520 3233 δὲ
568 3180 628 3245 ἐξ
677 3179 809 3250 ὅλης
849 3178 1076 3247 καρδίας
1134 3177 1425 3248 ζητοῦντες
1472 3176 1654 3239 αὑτὸν,
1716 3177 1811 3229 καὶ
1848 3179 1969 3241 ταῖς

2074 1978 2311 2048 Spiritus
2336 1979 2648 2044 illuminati,
2675 1979 2907 2033 feliciter
2942 1979 3242 2046 habebunt,
3276 1989 3330 2036 et
3355 1995 3477 2050 qua:
3497 1991 3585 2037 est
3617 1981 3669 2034 in

2074 2071 2288 2127 Christo
2318 2070 3034 2142 Salvatore,jttcunditatem
3072 2072 3346 2138 haurient,
3383 2072 3672 2143 ipsumque

2073 2165 2352 2232 gaudium,
2391 2164 2549 2235 751
2582 2176 2637 2218 et
2666 2164 3108 2230 delectationem,
3143 2173 3201 2220 et
3251 2165 3667 2220 exsultationem

2074 2258 2270 2312 animae
2324 2269 2489 2326 atque
2522 2259 2705 2313 cordis
2736 2258 2837 2313 sibi
2865 2258 3086 2314 facient.
3115 2257 3298 2314 Potest
3331 2267 3385 2312 et
3418 2259 3520 2312 hoc
3564 2273 3673 2310 ma-

2076 2347 2333 2402 nifestum
2366 2364 2486 2404 esse
2512 2349 2794 2415 indicium,
2820 2365 2916 2406 eos
2947 2351 3208 2406 statuisse
3233 2350 3399 2405 Deum
3451 2350 3559 2403 vita
3617 2359 3672 2403 et

2075 2441 2317 2496 moribus
2337 2441 2581 2512 diligere.
2609 2437 2709 2507 Qui
2743 2444 2885 2500 enim
2924 2444 3085 2499 rebus
3120 2442 3405 2496 mundanis
3430 2441 3672 2496 animum

2073 2547 2230 2586 suum
2258 2533 2557 2604 applicant,
2589 2548 2640 2591 et
2664 2537 2729 2591 ad
2764 2536 3052 2591 inhonesta
3084 2549 3145 2590 se
3215 2535 3498 2602 abjiciunt,
3539 2550 3670 2603 gau-

2075 2625 2206 2680 dent
2239 2628 2292 2681 in
2315 2628 2470 2697 ipsis,
2509 2637 2564 2684 et
2600 2644 2665 2685 ea
2691 2630 2795 2685 sibi
2841 2630 3126 2685 materiam
3159 2628 3544 2684 oblectamenti
3581 2631 3674 2682 de-

2075 2719 2270 2790 ligunt,
2310 2720 2678 2790 Imtanturque
2708 2722 2762 2775 in
2797 2721 3167 2790 voluptatibus
3199 2720 3400 2784 carnis,
3437 2729 3492 2776 et
3552 2719 3674 2773 aliis

2074 2812 2361 2882 prtesentis
2388 2812 2511 2866 vitae
2540 2811 2748 2867 deliciis
2772 2811 2996 2876 assueti,
3028 2812 3240 2866 divinas
3265 2825 3352 2866 res
3379 2811 3431 2866 itt
3457 2821 3674 2881 postre-

2074 2905 2181 2960 mis
2213 2913 2522 2958 numerant.
2556 2904 2656 2971 Qui
2681 2913 2865 2960 autem
2899 2920 2963 2959 ex
2992 2914 3105 2961 ιοιο
3134 2907 3300 2960 corde
3334 2905 3508 2974 ipsum
3525 2921 3674 2976 quae-

2076 3007 2223 3062 runt,
2261 3008 2316 3051 et
2347 2997 2901 3065 contemplationibus
2930 2997 2995 3054 de
3040 2999 3157 3068 ipso
3217 2997 3564 3069 saginantur,
3617 3011 3673 3052 et

2076 3090 2275 3143 mentis
2311 3089 2525 3144 oculum
2563 3090 2816 3156 dilatant,
2851 3090 3224 3160 voluptatibus
3281 3105 3402 3161 quae
3438 3091 3492 3146 in
3554 3090 3673 3160 ipso

2073 3189 2130 3233 et
2159 3179 2277 3234 solo
2303 3189 2452 3242 sunt.
2483 3181 2858 3251 perfruentur.

365 3275 455 3327 ἐπ’
479 3274 630 3345 αὐτῷ
661 3272 921 3345 θεωρίαις
981 3270 1487 3342 καταπιαινόμενοι,
1523 3271 1616 3324 καὶ
1647 3272 1743 3342 τῆς
1800 3269 2036 3335 διανοίας
2072 3271 2165 3326 τον
2211 3275 2489 3346 ὀφθαλμὸν
2539 3274 2878 3348 εὐρύνοντες,
2904 3277 3003 3337 τὰς
3047 3275 3136 3330 ἐπ’
3171 3273 3328 3345 αὐτῷ
3381 3274 3476 3328 καὶ
3526 3274 3676 3345 μόνῳ

365 3370 576 3435 παραδέ
586 3366 763 3434 ξονται
791 3368 1080 3441 θυμηδίας.

436 3461 696 3532 Etyma-c6
731 3459 961 3526 αὐτοῖς,
1007 3459 1107 3513 καὶ
1159 3459 1504 3530 εἰσδέξομαι
1545 3461 1790 3528 αὐτοὺς,
1822 3461 1972 3516 διότι
2001 3472 2042 3530 c

362 3553 749 3624 λυτρώσομαι
791 3552 1038 3619 αὐτοὺς,
1071 3552 1170 3607 καὶ
1204 3553 1742 3622 πληθυνθήσονται
1773 3555 1978 3610 καθότι

362 3645 531 3720 ἦσαν
579 3645 824 3700 πολλοί.
869 3644 977 3699 Καὶ
1019 3643 1228 3714 σπερῶ
1267 3645 1492 3712 αὐτοὺς
1525 3647 1596 3700 ἐν
1639 3647 1834 3713 λαοῖς,
1876 3646 1976 3702 καὶ

363 3746 442 3818 ol_
477 3741 721 3810 μακρὰν
755 3735 1230 3808 μνησθήσονται
1266 3756 1422 3808 μου,
1467 3740 1563 3794 καὶ
1607 3740 1976 3812 ἐκθρέψουσι

362 3835 436 3888 τὰ
472 3830 660 3886 τέκνα
689 3828 910 3894 αὐτῶν,
945 3830 1043 3883 καὶ
1077 3829 1544 3901 ἐπιστρέφουσι.

435 3925 557 3980 ΟΒ’.
600 3924 985 3996 Διαμέμνηται
1037 3925 1199 3977 πάλιν
1248 3925 1346 3994 τῆς
1393 3925 1665 3979 Ἰουδαίων
1712 3927 1972 3998 ἀγάπης,

361 4021 459 4072 καὶ
511 4017 577 4088 δὴ
609 4018 705 4070 καὶ
734 4018 1080 4086 ὑπισχνεῖται
1134 4014 1415 4084 συλλέγειν
1466 4017 1664 4080 αὐτοὺς
1713 4035 1976 4072 κατεσκε-

361 4111 692 4182 δασμένους,
726 4112 820 4163 καὶ
856 4109 915 4173 ἐξ
945 4109 1166 4178 ἁπάσης
1213 4108 1316 4176 γῆς
1369 4110 1709 4180 συναγείρειν
1744 4111 1825 4174 εἰς
1873 4111 1974 4182 τὴν

375 4202 660 4267 Ἰουδαίαν,
693 4199 768 4263 ὡς
801 4197 1262 4267 ἀπονοσφίζεσοαι
1304 4198 1585 4261 παντελῶς
1621 4199 1832 4254 οὐδένα.
1862 4200 1972 4254 Καὶ

361 4293 484 4346 τίνα
521 4292 787 4363 τρόπονή
823 4289 1071 4360 ἄθροισις
1111 4288 1287 4354 ἔσται,
1330 4290 1737 4360 κατασημαίνει
1785 4290 1968 4345 πάλιν.

363 4385 506 4448 To);
533 4383 634 4453 μὲν
656 4383 766 4454 γὰρ
793 4379 1221 4451 μελιττοκόμους
1245 4381 1380 4449 φασὶ
1403 4381 1606 4448 σημεῖά
1627 4397 1750 4432 τινα
1774 4383 1968 4446 ποιεῖν,

364 4480 398 4550 ἢ
434 4476 779 4549 συρίζολτας,
808 4475 979 4544 ’ἤγουν
1005 4473 1150 4544 ἕτερ’
1178 4473 1316 4527 ἄττα
1351 4471 1482 4545 δρᾷν
1518 4473 1799 4538 εἰωθότας,
1829 4473 1972 4527 οὕτω

362 4589 422 4625 τε
457 4571 741 4636 συλλέγειν
787 4566 857 4619 τὰ
898 4564 1009 4618 τῶν
1049 4561 1315 4636 μελιττῶν
1355 4564 1482 4635 ἔθνη
1506 4605 1520 4630 ,
1568 4565 1680 4618 τῶν
1729 4565 1972 4637 σίμόλων

364 4663 838 4732 ἀποεξοιτήσαντα.
866 4657 1097 4729 Εἴρηται
1124 4657 1182 4709 δέ
1205 4675 1257 4710 τι
1285 4657 1526 4710 τοιοῦτον
1550 4657 1645 4710 καὶ
1672 4657 1758 4710 διὰ
1788 4659 1971 4728 φωνῆς

375 4756 624 4808 ’ἕίσαῖου.
658 4772 676 4803 ι
703 4754 812 4804 Καὶ
837 4750 987 4804 ἔσται
1014 4749 1145 4822 γὰρ,
1171 4749 1356 4820 φησὶν,
1381 4751 1438 4801 ὲν
1463 4752 1530 4820 τῇ
1555 4749 1740 4821 ἡμέρᾳ
1762 4750 1968 4822 ἐκείνη,

2152 3461 2320 3517 Vsus.
2363 3462 2417 3526 8,
2453 3462 2505 3519 9.
2527 3462 2854 3534 Signi/icabo
2885 3481 2994 3528 eos,
3023 3474 3072 3518 rt
3099 3465 3387 3536 suscipiam
3406 3481 3522 3532 eos,
3546 3467 3673 3537 quia

2081 3558 2336 3610 redimam
2370 3573 2480 3619 eos,
2511 3567 2558 3611 et
2584 3556 3104 3625 multiplicabuntur,
3141 3559 3277 3611 sicut
3312 3568 3467 3612 erunt
3495 3558 3668 3614 multi.

2080 3649 2147 3702 Et
2175 3649 2446 3703 semiuabo
2472 3667 2560 3704 eos
2591 3653 2642 3703 in
2670 3650 2901 3719 populis,
2934 3661 2980 3703 et
3008 3651 3096 3720 qui
3130 3653 3193 3704 de
3228 3651 3398 3721 longe,
3425 3652 3674 3706 recorda-

2075 3747 2274 3801 buntur
2303 3747 2422 3812 mei,
2456 3758 2501 3800 et
2536 3747 2796 3803 cntttrient
2830 3747 2970 3816 ﬁlios
3017 3764 3162 3813 suos,
3202 3756 3250 3801 et
3283 3755 3668 3804 convertentur.

2149 3927 2358 3984 LXXII.
2405 3930 2650 3985 Meminit
2696 3945 2912 3985 rursum
2965 3929 3252 3984 cbaritalis
3311 3930 3364 3984 in
3410 3927 3666 3993 Judmost,

2075 4029 2128 4074 et
2158 4021 2379 4090 insuper
2409 4021 2765 4076 collecturttm
2790 4037 2884 4076 eos
2916 4022 3212 4090 dispersos.
3246 4029 3300 4077 et
3324 4036 3388 4075 ex
3417 4020 3672 4077 omnibus

2077 4116 2238 4171 terris
2263 4125 2726 4185 congregaturunt
2755 4116 2804 4168 in
2835 4112 3077 4168 Judazam
3112 4113 3398 4184 promittit,
3426 4123 3483 4166 ιιι
3509 4127 3669 4170 nemo

2074 4208 2235 4277 plane
2262 4208 2624 4262 desideretur.
2662 4206 2878 4261 Modum
2911 4219 3091 4261 autem
3129 4207 3288 4276 hujus
3315 4207 3508 4263 futura:
3535 4223 3666 4262 con-

2075 4303 2410 4371 gregationis
2469 4301 2730 4370 deinceps
2773 4301 3033 4355 ostendit.
3075 4301 3242 4354 Aiunt
3289 4301 3435 4356 enim
3481 4301 3670 4356 mella-

2076 4394 2186 4449 rios
2232 4393 2386 4462 signa
2434 4393 2683 4463 quaedam
2742 4395 2923 4460 edere,
2968 4406 3061 4447 aut
3113 4393 3356 4458 sibilare,
3385 4405 3508 4450 -aut
3562 4397 3666 4450 alia

2075 4487 2262 4541 nescio
2319 4502 2441 4554 qua:
2494 4486 2711 4552 solere,
2768 4496 2820 4542 et
2868 4487 2939 4540 ita
2987 4487 3239 4542 examina
3297 4488 3364 4542 ad
3427 4487 3668 4544 alvearia

2069 4579 2285 4632 deserta
2343 4592 2620 4632 revocare.
2686 4576 2818 4634 Tale
2864 4577 3142 4647 quidpiam
3207 4589 3263 4634 et
3319 4594 3416 4647 per
3475 4579 3667 4635 Isaiam

2066 4671 2278 4724 dictum
2318 4679 2420 4725 est.
2452 4670 2709 4724 Aitenim
2742 4687 2756 4724 :
2796 4687 2815 4721 ι
2849 4671 2914 4727 Ει
2947 4671 3054 4724 erit
3079 4670 3132 4725 in
3163 4671 3250 4726 die
3284 4671 3397 4734 illa,
3431 4673 3672 4725 sihiIabi-t

2075 4762 2338 4816 Dominus
2397 4763 2622 4825 muscis,
2671 4777 2792 4831 qua:
2842 4763 3192 4818 dominantur
3236 4764 3376 4832 parti
3431 4762 3669 4816 ﬂuminis

365 4850 545 4916 συριεῖ
579 4843 787 4915 Κύριος
832 4842 1040 4913 μυίαις,
1071 4842 1119 4896 οἳ
1145 4841 1464 4912 κυριεύουσι
1513 4843 1678 4912 μέρος
1721 4842 1967 4912 ποταμοῦ

2080 4850 2322 4922 .r’EgypIi,
2356 4863 2411 4905 et
2442 4853 2529 4920 api
2563 4868 2682 4921 quae
2717 4863 2800 4906 est
2837 4853 2886 4906 in
2923 4854 3143 4921 regione
3177 4853 3522 4923 Assyriorum
3549 4853 3613 4907 δι.
3643 4875 3665 4904 ι

361 4940 665 5006 Αἰγύπτου,
702 4937 796 4988 καὶ
824 4937 890 5004 τῇ
929 4933 1190 5006 μελίσσῃ,
1288 4937 1434 4988 ἐστιν
1481 4938 1536 4988 ἐν
1576 4935 1731 5006 χώρᾳ
1770 4937 1965 4988 Ἀσσυ-

365 5033 516 5104 ρίων.
546 5051 563 5081 ι
601 5030 822 5100 ’Έτεροι
857 5028 912 5081 δέ
951 5045 1105 5097 φασι,
1142 5029 1234 5081 καὶ
1267 5031 1380 5091 τοῖς
1426 5029 1520 5081 τοῦ
1572 5029 1807 5099 πολέμου
1843 5047 1964 5082 και-

363 5129 500 5197 ροῖς,
527 5127 576 5177 εί
607 5123 673 5195 δὴ
712 5122 1002 5194 συμϐαίνει
1030 5120 1443 5174 διασκίδνασθαί
1486 5139 1604 5185 πως
1632 5124 1758 5185 τοὺς
1789 5141 1965 5193 μαχη-

358 5214 478 5280 τὰς,
506 5216 539 5285 ἦ
572 5213 868 5277 διώκοντας
965 5213 1350 5283 διωκομένους,
1377 5213 1626 5282 αἴρεσθαί
1658 5231 1711 5266 τι
1739 5218 1964 5283 σημεῖον

362 5306 497 5376 ὑιιοῦ
549 5305 702 5378 παρᾶ
751 5305 859 5358 τῶν
898 5297 1246 5377 στρατηγῶν,
1289 5305 1368 5367 είς
1411 5303 1438 5357 ὃ
1484 5305 1574 5357 καὶ
1618 5307 1964 5374 ἀφορῶντες,

360 5399 811 5472 συναθροίζονταί
858 5417 918 5451 τε
965 5399 1059 5452 καὶ
1093 5399 1172 5461 είς
1212 5396 1304 5449 τὸν
1349 5397 1510 5449 αὑτὸν
1553 5397 1746 5451 ἀνόπιν
1795 5397 1966 5450 ἵενται

359 5494 557 5566 χῶρον.
600 5492 924 5560 ’Υποφαίνει
972 5491 1030 5543 δέ
1082 5509 1133 5543 τι
1169 5488 1408 5542 τοιοῦτον
1454 5489 1547 5541 καὶ
1584 5489 1644 5541 τὸ
1688 5489 1841 5560 παρὰ
1890 5489 1968 5560 τῷ

357 5589 617 5662 προφήτῃ
651 5586 905 5656 κείμενον
944 5583 1174 5654 Ἡσαΐᾳ·
1216 5602 1232 5634 ι
1267 5582 1376 5635 Καὶ
1410 5581 1556 5634 ἔσται
1593 5580 1667 5644 ὡς
1706 5583 1852 5644 ἱστὸς
1881 5583 1980 5636 ἐπ“-.

355 5679 539 5749 ὅρους,
588 5677 686 5730 καὶ
717 5677 793 5740 ὡς
842 5679 1069 5747 σημεῖον
1098 5675 1279 5747 φέρων
1311 5676 1403 5729 ἐπὶ
1438 5673 1650 5745 βουνοῦ.
1684 5695 1700 5726 ι
1755 5675 1966 5728 Οὐκοῦν

425 5859 471 5890 ⁸³
500 5862 516 5912 I
544 5860 675 5915 Cor.
713 5877 784 5924 tv,
829 5861 913 5914 ιδ.
993 5860 1036 5891 ⁵³
1061 5859 1161 5913 Isa.
1193 5874 1290 5920 vn.
1334 5859 1418 5912 I8.

600 5955 875 6014 PATROL.
927 5955 1043 6013 Gtt.
1095 5953 1303 6011 LXXII

1500 5859 1541 5889 ’⁸⁵
1570 5859 1670 5913 Isa.
1709 5875 1837 5926 xxx,
1872 5859 1957 5914 l7.

2077 4944 2181 4998 Alii
2210 4945 2363 4996 aiunt
2394 4953 2448 4997 et
2479 4944 2604 4998 belli
2643 4954 2909 5010 tempore.
2939 4943 2983 4997 si
3016 4944 3218 4998 milites
3249 4943 3502 5014 dissipari
3538 4960 3668 4998 con—

2077 5036 2270 5106 tingat,
2328 5037 2453 5089 dntn
2510 5046 2606 5090 aut
2657 5035 2924 5105 fugientes
2971 5035 3369 5105 insequuntur,
3421 5045 3516 5090 aut
3570 5037 3669 5103 ipsi

2076 5130 2429 5198 insequentes
2478 5128 2710 5198 fugiunt,
2765 5129 2876 5182 tolli
2917 5143 2982 5182 ex
3017 5129 3167 5201 edito
3219 5128 3338 5183 loco
3378 5129 3590 5198 signum
3640 5144 3666 5178 τι

2075 5223 2323 5286 ducibus,
2355 5223 2497 5290 quod
2534 5221 2806 5276 intuentes
2832 5235 3252 5292 congregantur,
3297 5231 3350 5276 et
3384 5223 3572 5276 eodem
3611 5236 3670 5276 se

2070 5314 2360 5383 recipiunt.
2395 5314 2744 5368 DetnOnstrat
2769 5315 2946 5368 simile
2976 5315 3230 5382 quiddam
3263 5325 3316 5368 et
3350 5313 3490 5381 quod
3525 5316 3666 5380 apud

2071 5407 2391 5473 prophetam
2456 5404 2646 5458 Isaiam
2711 5414 2910 5460 exstat.
2970 5404 3083 5458 «Et
3135 5407 3239 5459 erit
3297 5405 3436 5458 sicut
3489 5404 3668 5457 malus

2071 5497 2223 5549 navis
2265 5510 2431 5566 super
2460 5508 2724 5563 montem,
2764 5508 2817 5551 ct
2846 5498 3001 5567 quasi
3037 5500 3252 5568 signum
3287 5496 3470 5551 ferens
3501 5513 3665 5564 super

2067 5585 2262 5640 collem
2285 5585 2349 5639 W.
2387 5605 2405 5638 ι
2445 5588 2524 5642 Ex
2551 5602 2615 5642 eo
2639 5589 2806 5656 igitur
2828 5590 2969 5655 quod
2997 5589 3118 5643 'lieri
3148 5590 3370 5653 assolet,
3406 5587 3664 5666 similitu-

2070 5677 2249 5733 dinem
2284 5679 2468 5733 lraltit.
2502 5681 2590 5733 Ait
2636 5681 2780 5734 enim
2813 5699 2825 5732 :
2862 5699 2878 5728 ι
2911 5669 3240 5752 δῗέιιὶίῑοέιὶιο
3272 5686 3368 5749 eis,
3406 5667 3662 5737 et'sltst‘i-
