4098 6470
471 311 612 368 .115

1513 315 1572 371 S.
1612 313 1890 370 CYRILLI
1931 314 2396 369 Αιεχςιδυιιιλι
2439 313 2758 369 ΑΒΕΙΗΕΡ.

3675 313 3775 368 1ἷὸ

506 444 792 501 surgerent
832 433 1078 488 homines
1125 442 1312 492 contra
1356 449 1475 500 nos,
1526 434 1752 488 forsitan
1813 435 1961 489 vivos
1998 437 2077 489 de-

2192 434 2394 506 Κύριος
2435 429 2500 504 ἦν
2544 437 2606 487 ἐν
2647 437 2802 504 ἡμῖν,
2845 435 2901 486 ἐν
2935 433 3012 503 τῷ
3049 433 3418 502 ἐπαναστῆναι
3455 432 3775 503 ἀνθρώπους

505 527 794 594 glutissent
848 541 964 580 nos.
1029 527 1161 580 Dum
1223 529 1557 582 irasceretur
1601 527 1750 580 furor
1787 543 1974 583 eorum
2030 530 2081 581 in

505 633 624 682 nos,
688 617 911 673 forsitan
969 633 1107 686 aqua
1160 619 1532 675 absorbuisset
1589 635 1703 674 nos.
1765 618 2082 674 Torrentem

505 711 858 780 pertransivit
907 713 1094 765 anima
1147 721 1329 766 nostra
1359 753 1373 774 ,
1423 711 1652 765 forsitan
1701 711 2085 779 pertransisset

506 805 685 859 anima
718 813 902 858 nostra
927 820 1122 872 aquam
1160 803 1551 859 intolerabilem
1579 803 1642 858 ⁸⁷.
1677 822 1696 854 ι
1727 803 2084 869 Quemadmo-

504 899 632 948 dum
657 912 839 963 porro,
871 897 1067 964 inquit,
1101 896 1354 964 captivus
1383 894 1559 950 factus
1598 894 1780 960 Israel,
1814 905 1982 964 atque
2017 895 2082 947 ad

503 989 756 1060 Assyrios
790 999 844 1042 et
895 988 1077 1044 Medos
1131 989 1430 1052 abductus,
1480 987 1693 1042 illorum
1741 986 2080 1042 insolentiam

502 1084 617 1137 sive
647 1081 982 1136 dominatum
1022 1079 1232 1150 eil'ugit,
1277 1081 1369 1150 qni
1411 1094 1534 1135 eum
1575 1092 1826 1150 premere
1870 1094 2084 1147 semper

502 1176 777 1246 armisque
837 1175 1109 1230 lacessere
1163 1182 1561 1228 consueverant
1611 1190 1625 1226 :
1669 1173 1858 1227 eodem
1923 1173 2082 1226 modo

500 1265 711 1320 liberati
778 1281 874 1334 per
930 1263 1205 1320 Christum
1273 1263 1640 1334 praeralebunt
1691 1263 1922 1318 inimicis
1981 1264 2082 1318 sub

499 1368 778 1428 aspectum
815 1359 1160 1412 venientibus
1185 1365 1241 1411 et
1281 1371 1385 1409 non
1417 1354 1777 1416 venientibus,
1809 1364 1864 1409 et
1895 1355 1983 1424 qui
2015 1356 2081 1408 ad

498 1449 818 1504 servitutem
853 1450 1098 1504 nolentes
1127 1449 1433 1518 adigebant,
1465 1457 1520 1504 et
1545 1457 1601 1502 ut
1625 1447 1866 1514 captivos
1897 1448 2083 1500 vincu-

500 1543 565 1598 lis
613 1555 642 1595 c
684 1541 847 1598 stulta
905 1557 1091 1596 eormn
1144 1541 1414 1595 voluntate
1459 1540 1692 1609 sumptis
1731 1539 2077 1593 coercebant.

499 1635 606 1689 Sed
657 1643 711 1689 et
752 1633 838 1689 his
883 1633 1271 1701 pra-valebunt,
1319 1647 1617 1700 eormnquc
1665 1631 1971 1700 superbiam
2027 1639 2081 1685 et

496 1727 922 1780 dominationem
959 1723 1240 1792 effugient,
1273 1722 1378 1776 Deo
1407 1723 1772 1787 confortante,
1808 1723 1858 1776 in
1891 1737 1996 1790 quo
2024 1731 2076 1774 et

493 1818 890 1887 gloriabuntur.
942 1815 1222 1870 Placemus
1255 1817 1399 1869 enim
1450 1817 1606 1870 nobis
1647 1818 1698 1869 in
1738 1815 1978 1880 Christo,
2021 1827 2075 1869 et

491 1911 673 1980 ipsum
705 1911 868 1964 robur
907 1920 1152 1964 nostrum
1194 1906 1465 1970 ducimus,
1505 1917 1558 1962 et
1594 1907 1710 1973 ipso
1741 1906 1982 1972 nitimur,
2022 1916 2076 1960 et

496 2013 660 2057 totam
697 2003 822 2057 vita:
856 2012 1054 2058 nostrae
1082 2016 1231 2071 spem
1267 2000 1321 2054 in
1352 2015 1418 2054 co
1452 1999 1754 2070 deligimus.
1783 1997 1896 2052 Non
1929 1998 2072 2053 enim

490 2097 718 2162 legatus,
773 2110 878 2148 non
921 2093 1160 2164 angelus,
1211 2093 1306 2147 sed
1367 2092 1482 2162 ipse
1533 2091 1792 2147 Dominus
1848 2090 2075 2146 salvavit

490 2202 587 2242 nos
610 2187 688 2252 ";
723 2195 777 2240 et
807 2195 867 2240 ut
897 2185 1028 2240 dicit
1067 2184 1258 2238 beatus
1304 2181 1632 2245 Psalmicen,
1673 2200 1690 2232 ι
1724 2181 1864 2236 Deus
1890 2190 2076 2234 noster

489 2277 760 2349 refugium
813 2287 867 2334 et
917 2278 1130 2340 virtus,
1189 2275 1478 2330 auxiliator
1539 2274 1590 2326 in
1639 2273 2074 2328 tribulationibus

487 2387 611 2443 qua
651 2373 970 2427 invenerunt
994 2384 1094 2425 nos
1131 2368 1291 2424 nimis
1311 2368 1377 2420 ⁸³.
1411 2385 1430 2418 ι

1132 2687 1284 2746 CAP.
1332 2687 1421 2740 Xl.

563 2828 719 2880 Vsus.
767 2827 816 2891 l,
848 2826 903 2880 2.
947 2824 1131 2894 Aperi,
1171 2822 1396 2885 Libane,
1445 2831 1622 2890 portas
1661 2829 1804 2883 tuas,
1845 2826 1892 2872 et
1931 2832 2072 2869 com-

487 2925 606 2972 edat
632 2920 770 2988 ignis
800 2917 985 2971 cedros
1012 2925 1154 2968 tuus.
1189 2911 1363 2966 Ululet
1403 2911 1580 2980 pinus,
1608 2909 1733 2979 quia
1767 2907 1954 2961 cecidit
1991 2922 2072 2959 ce-

485 3019 640 3074 drus,
671 3010 794 3080 quia
841 3009 1170 3061 vehementer
1206 3004 1383 3058 miseri
1431 3002 1561 3072 [acti
1611 3008 1734 3055 sunt
1767 2997 2062 3066 optimates.

488 3100 728 3165 Ululate,
753 3113 976 3170 quercus
1007 3095 1353 3161 annuitidis,
1386 3095 1511 3164 quia
1545 3093 1779 3148 succisus
1797 3099 1871 3145 est
1903 3088 2070 3144 saltus
2099 3133 2143 3192 Ο

485 3193 644 3248 Cousit
655 3209 733 3246 us.

562 3371 774 3429 LXXV.
819 3374 1089 3428 Dictorum
1139 3370 1592 3442 significationem
1642 3379 1785 3420 nunc
1826 3365 1892 3420 ad
1940 3364 2072 3419 alios

490 3468 758 3536 quosdam
795 3480 984 3520 sensus
1025 3467 1420 3520 accommodat.
1455 3460 1587 3514 Nam
1619 3475 1740 3512 cum
1767 3458 1911 3527 quod
1943 3459 2072 3512 satis

487 3572 596 3626 est,
630 3571 685 3614 et
715 3560 992 3630 aptissime
1017 3567 1289 3614 narrasset
1327 3557 1393 3610 de
1427 3554 1711 3608 vocatione
1753 3551 1988 3622 gentium
2019 3551 2071 3605 in

489 3654 710 3708 Christo
750 3667 844 3722 per
890 3651 1072 3716 ﬁdem,
1125 3648 1364 3704 futuram
1415 3661 1579 3716 super
1616 3660 1682 3699 eo
1726 3642 2073 3697 incredulita-

492 3759 600 3802 tem
652 3744 1042 3811 lsraelitarum,
1073 3740 1236 3814 755
1273 3751 1517 3810 tempore
1563 3753 1672 3806 quo
1719 3737 1882 3792 homo
1933 3736 2073 3789 inter

491 3854 591 3894 nos
620 3836 720 3892 fuit
750 3837 1023 3902 videlicet,
1050 3835 1359 3891 luculenter
1396 3830 1756 3902 pra‘nuntiat,
1784 3838 1837 3885 et
1871 3830 1972 3885 hac
2007 3829 2074 3882 de

491 3947 655 3986 causa
702 3929 1096 3986 inccndendtnn
1148 3925 1411 3996 templum
1458 3925 1654 3994 ipsum,
1698 3931 1864 3992 atque
1907 3921 2071 3977 etiam

495 4023 946 4095 Hierosolymam,
997 4029 1054 4076 et
1103 4014 1324 4087 insuper
1361 4014 1688 4086 subigendas
1727 4016 1871 4085 ipsas
1911 4015 2074 4068 urbes

491 4118 681 4184 Israel,
730 4129 785 4172 et
827 4131 951 4172 cum
987 4113 1118 4183 ipsis
1149 4110 1344 4166 incolis
1378 4110 1666 4181 perituras.
1725 4108 1852 4164 [hec
1894 4117 2072 4162 autem

492 4225 588 4278 per
629 4223 824 4264 manus
854 4206 1224 4262 Romanorum
1271 4209 1482 4270 patrata
1523 4206 1668 4267 sunt,
1701 4197 1989 4267 aliquando
2019 4193 2073 4248 in

491 4303 731 4357 Judaeam
794 4298 1132 4368 Vespasiano
1164 4304 1217 4350 et
1248 4293 1373 4348 Tito
1401 4307 1550 4348 arma
1595 4290 1962 4347 moventibus.
2003 4287 2074 4342 Et

491 4407 566 4447 est
580 4403 658 4458 ,ut
677 4399 1385 4462 apparet,supervacaneum
1409 4384 1710 4439 minutatim
1727 4379 1933 4450 singula
1953 4393 2072 4446 per-

2190 526 2275 593 ὲιρ*
2300 527 2465 596 ημᾶς,
2495 525 2602 596 ἄρα
2630 524 2836 590 ζῶντας
2865 524 2931 579 ἂν
2962 525 3220 578 κατέπιον
3252 527 3422 596 ἡμᾶς.
3465 527 3551 579 Ἐν
3578 529 3646 600 τῷ
3685 529 3776 600 ὀρ-

2189 614 2442 686 γισθῆναι
2473 615 2563 668 τὸν
2595 614 2764 685 Θυμὸν
2790 615 2969 669 αὐτῶν
2996 616 3080 684 ἐφ’
3114 617 3276 686 ἡμᾶς,
3304 616 3410 686 ἄρα
3436 616 3498 668 τὸ
3529 615 3673 688 ὕδωρ
3707 619 3774 673 ἂν

2188 710 2571 762 κατεπόντισεν
2593 711 2760 779 ἡμᾶς.
2787 709 3101 781 Χείμαρρον
3122 710 3334 780 διῆλθεν
3359 713 3392 781 ἡ
3417 713 3563 783 ψυχὴ
3590 714 3622 783 ἡ
3632 712 3770 783 μῶν,

2187 798 2294 869 ἄρα
2318 796 2532 867 διῆλθεν
2560 799 2591 868 ἡ
2617 799 2763 869 ψυχὴ
2798 800 2829 868 ἡ
2839 797 2954 868 μῶν
2983 798 3044 852 τὸ
3075 797 3219 871 ὕδωρ
3245 801 3305 854 τὸ
3333 803 3725 860 ἀνυπόστατον.
3749 824 3766 854 ι

2189 891 2396 962 Ὥσπερ
2430 891 2486 944 δὲ
2507 929 2522 955 ,
2568 890 2753 961 φησὶν,
2802 892 3146 962 αἰχμάλωτος
3181 893 3422 963 γεγονὼς
3466 897 3496 948 6
3531 897 3768 970 Ἰσραὴλ,

2186 985 2281 1038 καὶ
2315 986 2395 1047 είς
2449 983 2764 1054 ⁹Δσσυρίους
2796 1001 2853 1037 τε
2901 985 2994 1038 καὶ
3036 986 3257 1056 Μήδους
3299 988 3769 1060 ἀπενηνεγμένος,

2183 1076 2368 1148 διέδρα
2419 1075 2519 1138 τὰς
2572 1076 2794 1130 ἐκείνων
2853 1076 3038 1148 ὕϐρεις
3101 1078 3218 1148 ἦτοι
3287 1079 3630 1148 πλεονεξίας,
3684 1084 3771 1137 ἀεὶ

2187 1169 2598 1241 προσκειμένων
2628 1170 2721 1222 καὶ
2778 1169 3035 1239 πολεμεῖν
3075 1171 3344 1225 εἰωθότων
3379 1174 3596 1236 αὐτοῖς·
3627 1177 3770 1230 κατὰ

2183 1260 2273 1311 τὸν
2308 1259 2419 1312 ίσον
2466 1261 2687 1330 τρόπον,
2736 1261 2920 1330 φησιν,
2968 1260 3018 1312 οί
3053 1260 3451 1333 λελυτρωμένοι
3496 1263 3588 1317 διὰ
3629 1265 3769 1336 Χρι-

2184 1351 2336 1415 στοῦ,
2374 1353 2656 1423 κρείττους
2687 1351 2901 1404 ἔσονται
2941 1351 3048 1406 τῶν
3067 1353 3299 1425 ἐχθρῶν,
3333 1355 3544 1425 ὁρατῶν
3578 1356 3770 1426 δηλον-

2183 1443 2264 1494 ότι
2311 1442 2404 1496 καὶ
2468 1443 2737 1514 ἀοράτων,
2779 1444 2830 1496 οἶ
2894 1445 3176 1516 μονονουχὶ
3238 1445 3334 1500 καὶ
3383 1446 3770 1513 κατεϐιάζοντο

2184 1534 2317 1604 πρὸς
2344 1533 2639 1604 ἀϐούλητον
2681 1533 2928 1588 δουλείαν
2969 1537 3188 1602 αὐτοὺς,
3221 1539 3314 1591 καὶ
3347 1532 3458 1591 οἷον
3487 1540 3768 1610 αἰχμαλώ-

2181 1641 2308 1688 τους
2355 1625 2648 1694 γεγονότας
2689 1627 2787 1695 τῆς
2834 1626 2892 1693 ἐξ
2951 1627 3088 1691 ἰδίας
3148 1629 3468 1700 σκαιότητος
3521 1636 3768 1704 συνεῖχον

2179 1717 2413 1788 δεσμοῖς.
2455 1717 2613 1771 Ἀλλὰ
2639 1718 2734 1772 καὶ
2763 1719 2968 1775 τούτων
2992 1719 3205 1776 ἔσονται
3235 1723 3534 1794 κρείττους,
3575 1725 3767 1797 ὕϐρεις

2175 1827 2236 1862 τε
2274 1809 2372 1873 τὰς
2414 1810 2545 1881 παρ’
2580 1811 2806 1865 ἐκείνων
2855 1812 3235 1882 διαφεύξονται
3275 1817 3369 1870 καὶ
3415 1818 3763 1885 πλεονεξίας,

2176 1901 2312 1956 Θεοῦ
2363 1902 2784 1973 κατισχύοντος,
2834 1904 2918 1973 ἐφ’
2959 1899 3003 1974 ᾧ
3036 1907 3130 1960 καὶ
3167 1909 3554 1979 καυχήσονται.
3604 1911 3767 1980 Μέγα

2176 1993 2284 2062 γὰρ
2316 1994 2625 2065 φρονοῦμεν
2653 1995 2745 2048 ἐπὶ
2770 1996 3011 2068 Χριστῷ,
3042 1998 3134 2051 καὶ
3161 1999 3324 2053 αὑτὸν
3357 2001 3508 2070 ἰσχὺν
3536 2004 3767 2073 πεποιή-

2178 2082 2317 2153 μεθα
2337 2122 2352 2147 ,
2387 2083 2480 2136 καὶ
2509 2085 2594 2136 ἐπ’
2634 2084 2786 2155 αὐτῷ
2819 2087 3264 2158 τεθαρρήκαμεν,
3294 2090 3390 2142 καὶ
3424 2090 3521 2160 τῆς
3552 2091 3764 2146 ἑαυτῶν

2176 2173 2322 2242 ζωῆς
2350 2173 2476 2237 ὅλας
2507 2173 2703 2245 ἔχομεν
2726 2177 2824 2239 τὰς
2856 2175 3098 2240 ἐλπίδας.
3126 2178 3200 2230 Ού
3233 2178 3342 2249 γὰρ
3369 2178 3632 2249 πρέσϐυς,
3663 2179 3765 2234 ούκ

2174 2263 2424 2331 ἄγγελος,
2467 2263 2582 2317 ἀλλ’
2621 2265 2783 2329 αὐτὸς
2816 2267 2845 2320 6
2883 2267 3086 2339 Κύριος
3130 2268 3335 2324 ἔσωσεν
3377 2271 3557 2340 ἡμᾶς·
3601 2265 3762 2343 κα.ὶῇ

2177 2371 2340 2426 φησιν
2366 2357 2394 2408 6
2434 2357 2703 2429 μακάριος
2726 2358 3050 2430 Ψαλμῳδὸς,
3084 2380 3100 2412 ι
3143 2361 3368 2432 ’0,Θεδς
3397 2362 3552 2433 ἡμῶν
3592 2380 3764 2419 καταος

2177 2448 2346 2519 φυγὴ,
2377 2450 2469 2503 καὶ
2496 2450 2744 2522 δύναμις,
2779 2451 2972 2524 βοηθὸς
2998 2453 3056 2506 ἐν
3085 2452 3295 2524 θλίψεσι
3322 2458 3444 2519 ταῖς
3471 2455 3764 2526 εὐρούσαις

2177 2540 2322 2610 ἡμᾶς
2361 2540 2587 2612 σφόδρα.

2764 2682 2994 2736 ΚΕΦΑΛ
3007 2725 3018 2736 .
3068 2682 3172 2736 IA'.

2245 2819 2574 2884 Διάνοιεον,
2626 2822 2658 2872 ό
2692 2821 2969 2886 Λίϐανος,
3020 2823 3130 2887 τὰς
3174 2821 3357 2889 θύρας
3404 2836 3543 2884 σου,
3583 2836 3764 2875 κατα-

2174 2910 2405 2979 φαγέτω
2442 2911 2562 2980 πῦρ
2611 2913 2716 2975 τὰς
2750 2910 3004 2979 κέδρους
3057 2926 3196 2966 σου.
3248 2910 3620 2975 Ὀλολυξὰτω
3667 2911 3767 2964 πί·-

2174 3021 2304 3070 τυς,
2346 3003 2494 3057 διότι
2546 3003 2820 3057 πέπτωκε
2859 3001 3088 3072 κέδρος.
3143 3004 3232 3058 ὅτι
3276 3003 3554 3074 μεγάλως
3595 3020 3767 3073 μετι-

2174 3094 2397 3162 στᾱνες
2437 3095 2957 3165 ἐταλαιπώρησαν.
3012 3097 3390 3164 Ὀλολύξατε,
3444 3097 3616 3166 δρύες
3654 3095 3766 3168 τῆς

2174 3187 2593 3255 Βασανίτιδος,
2643 3188 2731 3242 ὅτι
2775 3189 3167 3257 κατεσπάσθη
3220 3193 3253 3244 ὀ
3285 3189 3510 3260 δρυμὸς
3543 3193 3574 3244 0'
3608 3190 3763 3259 σύμ-

2173 3299 2383 3351 saetae.

2246 3375 2366 3430 UE’.
2411 3373 2716 3444 Μεθίστησι
2769 3375 2862 3429 νῦν
2913 3375 2997 3443 ἐφ’
3042 3376 3246 3446 ἐτέρων
3301 3376 3424 3428 τινὰ
3475 3375 3766 3446 νοημάτων

2174 3468 2292 3521 ὁδον
2320 3467 2426 3520 τῶν
2451 3467 2760 3538 λεγομένων
2788 3466 2884 3539 τὴν
2909 3467 3162 3540 δήλωσιν.
3201 3469 3555 3541 ’Λποχρῶσαν
3582 3471 3639 3524 δὲ
3664 3471 3766 3544 τὴν

2175 3562 2454 3630 ἀφήγησιν
2483 3554 2540 3612 εὖ
2577 3559 2722 3629 μάλα
2749 3561 3120 3630 πεποιημένος
3148 3561 3248 3631 τὴν
3277 3562 3405 3631 περί
3436 3579 3498 3630 γε
3532 3562 3632 3634 τῆς
3655 3561 3766 3616 τῶν

2175 3652 2346 3705 ἐθνῶν
2395 3652 2639 3721 κλήσεως
2694 3651 2794 3721 τῆς
2845 3653 2902 3704 ἐν
2941 3653 3161 3724 Χριστῷ
3215 3653 3303 3707 διὰ
3348 3655 3615 3719 πίστεως,
3667 3654 3766 3726 τὴν

2177 3742 2441 3814 ἐσομένην
2474 3744 2561 3794 ἐπ’
2593 3742 2742 3813 αύτῷ
2773 3743 3119 3798 δυσπείθειαν
3156 3743 3262 3797 τῶν
3285 3744 3346 3809 ἐξ
3381 3744 3596 3818 Ἰσραὴλ
3621 3747 3766 3800 κατὰ

2175 3836 2267 3888 τὸν
2309 3835 2408 3900 τῆς
2478 3833 2944 3906 ἐνανθρωπήσεως
2990 3835 3234 3906 δηλονότι
3286 3837 3501 3908 καιρὸν,
3551 3854 3768 3908 προαφ-

2177 3930 2393 3997 ηγεῖται
2429 3927 2636 3996 σαφῶς,
2678 3928 2772 3982 καὶ
2801 3929 2884 3980 ὅτι
2906 3927 3109 3998 ταύτης
3125 3927 3289 3983 ἕνεκα
3307 3929 3404 4000 τῆς
3431 3929 3611 3994 αἰτίας
3641 3948 3767 3986 κατ-

2177 4018 2560 4089 εμπρησοῆναι
2597 4018 2680 4071 δεῖ
2708 4019 2800 4073 τὸν
2829 4018 2954 4073 ναὸν
2986 4020 3146 4073 αὐτὸν
3168 4061 3182 4084 ,
3227 4021 3319 4074 καὶ
3351 4022 3532 4091 μέντοι
3560 4023 3766 4089 τά,’ῐεκ

2180 4111 2477 4182 ροσόλυμα,
2509 4111 2854 4182 προσαλῶναι
2881 4111 2938 4164 δέ
2974 4111 3069 4165 καὶ
3096 4111 3264 4175 αὐτὰς
3292 4110 3386 4166 τοῦ
3421 4112 3635 4184 Ἰσραὴλ
3665 4113 3767 4178 τὰς

2178 4200 2382 4266 πόλεις,
2413 4202 2506 4253 καὶ
2536 4199 2925 4253 συνδιολεῖσθαι
2953 4201 3064 4263 τοῖς
3107 4199 3408 4254 ἐνοικοῦσιν
3441 4201 3629 4264 αὑτάς.
3663 4201 3770 4255 [Ιέ-

2177 4310 2420 4365 πρακται
2457 4292 2514 4345 δὲ
2543 4291 2712 4344 ταῦτα
2745 4291 2835 4344 διὰ
2866 4292 3045 4362 χειρὸς
3073 4291 3183 4345 τῶν
3219 4293 3526 4363 Ῥωμαίων,
3563 4310 3758 4365 στρατ·

2178 4386 2456 4457 ηγούντων
2499 4384 2642 4438 κατὰ
2689 4385 2880 4455 καιρὸν
2919 4385 3328 4439 υύεσπασιανοῢ
3362 4403 3420 4438 τε
3451 4387 3543 4439 καὶ
3575 4386 3763 4440 Τίτου.

491 4503 736 4554 consere,
763 4501 882 4556 qua:
920 4480 1228 4536 Juda-orum
1265 4481 1509 4545 urbibus,
1543 4477 1656 4533 sive
1689 4475 1920 4544 populis,
1947 4486 2072 4542 pro-

2181 4477 2292 4531 Καὶ
2325 4476 2599 4546 περιττὸν,
2629 4475 2704 4539 ὡς
2735 4475 2932 4542 ἔοικεν,
2961 4477 3290 4548 ἀφηγεῖσθαι
3318 4477 3528 4540 λεπτῶς
3555 4478 3766 4531 ’ἕκαστα

487 4591 611 4647 pter
645 4573 1124 4632 debacchationem
1158 4571 1208 4624 in
1259 4571 1532 4626 Christum
1583 4572 1902 4629 evenerunt,
1949 4579 2071 4618 cum

494 4668 799 4724 volentibus
824 4663 1043 4730 Josephi
1085 4662 1364 4716 historiam
1412 4661 1594 4732 legere
1627 4657 1809 4722 liceat,
1846 4665 1898 4708 et
1950 4655 2075 4708 inde

493 4775 613 4827 qua:
656 4757 878 4812 libuerit
921 4755 1128 4824 singula
1180 4763 1433 4810 accurate
1463 4763 1812 4821 cognoscere.
1859 4745 2076 4801 Transit

496 4852 658 4919 igitur
689 4849 757 4901 ad
800 4860 896 4900 eos
924 4845 1012 4913 qui
1046 4855 1201 4900 erant
1247 4848 1313 4900 de
1361 4842 1623 4914 sanguine
1665 4837 1852 4894 Israel.
1898 4839 1961 4893 Et
1992 4838 2077 4892 Li-

495 4944 637 4994 bano
662 4937 879 5008 quidem
919 4945 1196 5008 comparat
1223 4935 1466 4992 Iudaeam
1495 4950 1511 4987 :
1541 4933 1937 5000 quamobrem?
1983 4929 2077 4985 Est

497 5033 642 5085 enim
686 5027 926 5084 Libanus
989 5047 1143 5086 m0ns
1197 5031 1411 5084 decoris
1479 5025 1763 5080 arboribus
1819 5033 1874 5078 et
1927 5025 2076 5079 silvis

497 5122 837 5177 densissimis
867 5124 1210 5192 conspicuus.
1249 5120 1560 5175 Iudaeorum
1589 5127 1771 5172 autem
1804 5118 1944 5187 regio
1978 5133 2077 5186 po-

497 5210 845 5281 pulosissima
875 5252 889 5277 ,
918 5221 977 5266 et
1009 5207 1504 5266 innumerabilibus
1543 5205 1735 5260 incolis
1770 5205 2073 5274 frequentis

495 5307 658 5370 sima,
693 5316 750 5361 .et
789 5307 942 5376 quasi
987 5306 1180 5361 cedrus
1214 5309 1306 5354 aut
1355 5299 1512 5367 pinus
1550 5299 1982 5369 proccrissimas,
2023 5310 2076 5353 et

499 5394 619 5449 aliis
662 5397 829 5466 magis
870 5395 1142 5456 visendas,
1195 5391 1528 5454 sacerdotes,
1581 5391 1820 5459 inquam,
1864 5401 1918 5444 et
1963 5392 2076 5444 suis

501 5489 831 5555 temporibus
865 5502 928 5541 ex
959 5483 1098 5538 tribu
1130 5480 1270 5536 Juda
1316 5492 1627 5551 regnantes,
1676 5491 1728 5535 et
1753 5483 1842 5552 qui
1881 5482 2080 5550 princi-

491 5588 652 5647 patus
698 5576 1034 5635 ornamentis
1083 5573 1422 5638 eminentes,
1474 5582 1581 5628 tota
1626 5574 1904 5644 provincia
1963 5574 2075 5627 noti

571 5751 615 5779 ⁸⁷
639 5760 785 5814 l‘sai.
815 5772 1005 5826 cum,
1027 5757 1138 5814 l-l’i.
1221 5756 1270 5789 "
1289 5756 1454 5815 Hebr.
1485 5771 1546 5822 ιι,
1583 5755 1662 5810 16.

2173 4567 2281 4620 τῶν
2311 4565 2732 4637 συμϐεϐηκότων
2763 4570 2880 4630 ταῖς
2915 4567 3022 4620 τῶν
3059 4569 3325 4624 Ἰουδαίων
3360 4569 3599 4632 πόλεσ;ν,
3644 4569 3767 4640 ἦτοι

2172 4659 2386 4729 δήμοις,
2415 4659 2516 4728 τῆς
2561 4661 2640 4722 εἰς
2684 4660 2918 4730 Χριστὸν
2954 4659 3117 4714 ἕνεκα
3149 4661 3460 4732 παροινίας·
3499 4659 3618 4726 ἐξὸν
3651 4663 3767 4726 τοῖς

2175 4750 2415 4804 ἐθέλουσι
2442 4754 2551 4815 τοῖς
2589 4752 2854 4822 Ἰωσήπου
2885 4752 3316 4823 συγγράμμασιν
3341 4753 3605 4822 ἐντυχεῖν,
3634 4754 3769 4806 ἀνα-

2177 4842 2369 4912 μαθείν
2405 4859 2463 4895 τε
2494 4842 2704 4911 σαφῶς,
2747 4842 2889 4914 ἆπερ
2921 4842 2986 4896 ἂν
3019 4843 3224 4897 ἕλοιντο
3250 4843 3481 4908 λεπτῶς.
3518 4845 3766 4897 Metam-

2187 4933 2332 5003 μίξει
2361 4931 2425 5002 δὴ
2451 4927 2544 4984 οὖν
2569 4933 2660 4984 τὸν
2699 4931 2853 5000 λόγον
2893 4933 2985 4985 ἐπὶ
3015 4933 3142 4995 τοὺς
3168 4930 3227 4996 ἐξ
3259 4931 3490 5002 αἵματος
3525 4932 3764 5002 Ἰσραήλ.

2185 5025 2294 5076 Καὶ
2326 5023 2543 5094 Λιϐάνῳ
2574 5022 2673 5093 μὲν
2702 5023 3023 5096 παρεικάζει
3051 5023 3148 5094 τὴν
3184 5024 3462 5090 Ἰουδαίαν,
3489 5024 3577 5078 διά
3607 5025 3770 5077 ποίαν

2186 5116 2399 5183 αἱτίαν;
2448 5114 2684 5182 Εύξυλον
2716 5116 2814 5185 μὲν
2857 5117 2966 5187 γὰρ
3001 5116 3126 5187 ὅρος
3151 5121 3179 5171 6
3211 5115 3471 5181 Λίϐανος,
3512 5117 3606 5169 καὶ
3641 5116 3769 5187 δρυ-

2183 5211 2302 5280 μοῖς
2355 5209 2696 5278 ἀμφιλαφέσι
2745 5209 3080 5278 κατάκομον.
3128 5209 3667 5279 Πολυανορωποτάτη
3710 5208 3767 5260 δὲ

2180 5302 2272 5354 καὶ
2304 5301 2336 5370 ἡ
2371 5301 2478 5353 τῶν
2515 5301 2785 5354 Ἰουδαίων
2829 5299 3017 5373 χώρα,
3063 5302 3156 5354 καὶ
3196 5299 3432 5373 ἀριθμοῦ
3483 5299 3769 5370 κρείττονα

2179 5392 2277 5463 τὴν
2311 5393 2421 5446 τῶν
2469 5394 2820 5447 ἐνοικούντων
2873 5393 3072 5464 ἔχουσα
3121 5395 3348 5464 πληθὺν,
3397 5393 3493 5447 καὶ
3531 5389 3644 5446 οἷον
3680 5395 3769 5445 κέ-

2179 5484 2338 5554 δρους
2371 5485 2403 5554 ἢ
2463 5486 2621 5549 πίτυς
2653 5485 3088 5556 εύμηκεστάτας,
3119 5485 3244 5549 τοὺς
3273 5485 3379 5538 τῶν
3411 5485 3585 5539 ἄλλων
3615 5501 3770 5553 περι-

2185 5578 2583 5647 φίκνεστὲρους,
2632 5578 2812 5647 ἱερέας
2861 5578 2919 5630 τέ
2971 5595 3111 5647 φημι
3163 5579 3255 5631 καὶ
3304 5578 3430 5640 τοὺς
3483 5579 3543 5629 ὲκ
3598 5575 3768 5644 φυλῆς

1746 5756 1948 5810 "Paul.
1982 5772 2102 5819 xcv,
2128 5754 2175 5808 l.
