4098 6476
301 345 401 401 193

1127 341 1686 399 COMMENTARIUS
1731 342 1795 396 IN
1839 341 2246 398 Z.\Cll.-\Rl.\?ll
2291 343 2756 403 PROPHETAM.’

3514 344 3613 401 i9!

294 463 385 516 τὸν
413 461 546 532 περὶ
583 458 819 531 Χριστοῦ
850 458 1033 527 λόγον,
1062 459 1182 529 ἦτοι
1209 458 1268 512 τὸ
1301 461 1564 530 κήρυγμα
1592 461 1652 514 τὺ
1680 461 1909 530 εὐαγγε-

2023 481 2038 513 ι
2083 463 2444 532 l)issipabitur
2480 465 2532 517 in
2565 466 2652 518 diu
2689 466 2834 532 ἰΙί.ι,›
2864 466 2964 521 ιιοι·
2991 466 3202 530 est,illo
3234 477 3475 537 tempore
3505 483 3612 537 quo

293 553 465 605 λικόν.
531 571 548 601 ι
581 548 1020 620 Σκεδασθήσεται
1071 550 1202 619 γὰρ,
1248 550 1446 620 φησὶν,
1497 553 1554 602 ἐν
1606 554 1670 622 τῇ
1725 553 1909 623 ἡμέρα

291 643 504 716 ἐκείνῃ,
541 661 560 692 ι
609 641 878 706 τουτέστι,
912 643 1036 695 κατ’
1071 644 1280 696 ἐκεῖνον
1313 644 1406 696 τὸν
1441 644 1652 714 καιρὸν,
1685 644 1818 711 ,καθ’
1849 644 1907 697 ὃν

291 738 359 790 ἂν
392 737 647 807 πατήσας
677 735 770 788 τοῦ
803 733 1036 790 θανάτου
1062 735 1123 788 τὸ
1148 735 1350 805 κράτος
1375 736 1622 806 ἀναϐιῴη
1650 736 1902 808 Χριστὸς,

291 831 422 901 εἴπῃ
445 847 506 882 τε
527 833 644 892 τοῖς
675 828 1032 892 ἀποστόλοις·
1068 849 1085 879 ι
1120 829 1488 900 Πορευθέντες
1523 827 1904 900 μαθητεύσατε

289 924 475 975 πάντα
509 922 576 976 τὰ
607 921 758 993 ἔθνη,
788 919 1144 992 βαπτίζοντες
1174 921 1375 984 αὐτοὺς
1400 923 1480 984 εἰς
1517 922 1576 974 τὸ
1613 921 1784 991 ὄνομα
1808 919 1904 974 τοῦ

287 1016 532 1082 Πατρός,
565 1015 661 1068 καὶ
704 1013 800 1067 τοῦ
839 1012 992 1078 Υἱοῦ,
1031 1014 1127 1066 καὶ
1173 1012 1270 1066 τοῦ
1319 1014 1476 1082 ἁγίου
1511 1013 1850 1084 Πνεύματος.
1879 1030 1898 1063 ι

284 1108 427 1159 Τότε
459 1109 572 1178 γὰρ
601 1106 705 1160 ἀνὰ
733 1107 915 1159 πᾶσαν
948 1105 1048 1174 τὴν
1087 1105 1180 1159 ὑπ’
1207 1106 1438 1177 οὐρανὸν
1464 1108 1494 1160 ό
1521 1105 1616 1159 τοῦ
1651 1106 1905 1177 Σωτῆρος

283 1199 450 1270 ἡμῶν
483 1198 882 1268 διαπεφοίτηκε
926 1198 1120 1267 λόγος·
1155 1197 1253 1251 καὶ
1301 1198 1538 1270 ἀτρεκὲς
1569 1199 1745 1251 εἰπεῖν
1776 1199 1903 1267 περὶ

280 1293 398 1345 τῶν
436 1293 614 1361 ἁγίων
647 1291 994 1346 άποστόλων’
1045 1309 1062 1343 ι
1094 1292 1190 1355 El;
1215 1292 1397 1346 πᾶσαν
1417 1291 1516 1363 τὴν
1545 1291 1648 1362 γῆν
1677 1289 1902 1361 ἐξῆλθεν

279 1389 308 1438 ό
337 1384 588 1454 φθόγγος
625 1384 826 1450 αὐτῶν,
865 1384 961 1438 καὶ
995 1385 1075 1447 εἰς
1103 1384 1173 1437 τὰ
1202 1383 1418 1456 πέρατα
1448 1384 1547 1455 τῆς
1576 1384 1902 1455 οἰκουμένης

278 1478 350 1530 τὰ
391 1478 623 1550 ῥήματα
653 1476 857 1532 αὐτῶν.
891 1477 1045 1530 »Ὅτι
1071 1476 1129 1530 δὲ
1154 1475 1256 1530 οὐκ
1286 1476 1548 1547 ἀνόνητον
1581 1477 1695 1538 τοῖς
1723 1474 1901 1528 ἔθνεσι

278 1573 342 1624 τὸ
374 1570 755 1642 ἀπορριφῆναί
794 1587 853 1624 τε
892 1570 989 1623 καὶ
1017 1568 1478 1640 διασκεδασθῆναι
1510 1569 1616 1622 ἀνὰ
1643 1568 1743 1640 τὴν
1773 1569 1899 1639 γῆν,

278 1666 458 1733 ἧγουν
499 1663 898 1734 διανεμηθῆναι
957 1663 1052 1717 καὶ
1085 1664 1143 1718 ὲν
1175 1664 1296 1726 ταῖς
1342 1661 1524 1717 αὐτῶν
1556 1661 1766 1733 χώραις
1802 1663 1901 1731 τὴν

279 1756 490 1827 ῥάϐδον
520 1757 616 1829 τὴν
645 1756 840 1826 καλὴν,
865 1757 984 1828 ἦτοι
1013 1756 1115 1828 τὴν
1136 1755 1437 1826 Διαθήκην,
1460 1754 1528 1826 ἦν
1554 1754 1740 1808 οὐκέτι
1764 1755 1902 1826 πρὸς

281 1849 454 1918 μόνον
481 1827 583 1902 τὸν
617 1849 854 1921 Ἰσραὴλ,
892 1827 1097 1902 διέθετο
1119 1848 1178 1902 δὲ
1216 1847 1420 1919 μᾶλλον
1458 1847 1597 1918 πρὸς
1623 1847 1803 1901 πάντα
1833 1846 1902 1900 τὰ
1937 1827 1976 1882 Β

277 1942 438 2012 ἔθνη,
473 1941 935 2013 καταθρήσαιμεν
969 1941 1062 2006 ἂν,
1106 1941 1204 1995 καὶ
1238 1940 1361 1994 λίαν
1396 1941 1656 2011 ἀμογητὶ,
1684 1940 1777 1994 τὸν
1801 1941 1901 2012 τῆς

279 2035 633 2105 προφητείας
655 2034 932 2097 συνιέντες
955 2032 1117 2102 λόγον
1138 2048 1152 2060 ·
1183 2053 1198 2084 ι
1225 2034 1264 2086 Γ
1267 2032 1532 2087 νὼσονται
1554 2033 1685 2106 γὰρ,
1709 2033 1897 2104 φησὶν,

276 2128 332 2179 οί
383 2127 688 2180 Χαναναῖοι
731 2125 810 2178 τὰ
857 2125 1269 2196 φυλασσόμενα,
1301 2124 1437 2178 διότι
1480 2124 1641 2193 λόγος
1692 2124 1898 2196 Κυρίου

277 2221 426 2276 ὲστὲ.
462 2240 480 2273 ι
522 2221 871 2283 Χαναναίους
905 2220 1004 2291 μὲν
1045 2221 1155 2293 γὰρ
1188 2220 1259 2274 τὰ
1288 2218 1416 2290 ἔθνη
1446 2218 1602 2290 φησί.
1632 2217 1899 2289 Νοηθεῖεν

275 2316 323 2367 δ’
353 2314 424 2368 ἂν
457 2306 607 2368 οὗτοι
635 2313 887 2384 πρόϐατα
914 2314 983 2367 τὰ
1017 2312 1404 2384 φυλασσόμενα
1428 2311 1504 2382 τῷ
1524 2309 1768 2383 Χριστῷ.
1795 2313 1899 2365 Τε-

273 2409 559 2479 τὴρηνται
612 2406 721 2477 γάρ
768 2404 952 2476 αὐτῷ’
987 2406 1082 2460 καὶ
1122 2405 1232 2475 γάρ
1276 2425 1294 2456 ι
1324 2406 1474 2458 ἐστιν
1521 2404 1684 2468 αὐτὸς
1721 2405 1754 2475 ἡ
1791 2403 1899 2458 τῶν

275 2497 459 2552 ἐθνῶν
489 2497 812 2569 προσδοκία.
852 2515 870 2546 ι
913 2497 1137 2568 Ἐπειδὴ
1175 2497 1231 2549 δὲ
1271 2495 1684 2568 κατεσκεδάσθη
1715 2495 1811 2549 καὶ
1841 2497 1898 2548 ὲν

274 2595 404 2655 ταῖς
456 2590 638 2646 αὐτῶν
671 2590 882 2662 χώραις
927 2592 960 2662 ἡ
1001 2590 1141 2662 προς
1188 2590 1398 2652 πάντας
1441 2590 1702 2662 διαθήκη,
1733 2606 1898 2643 πεπι-

278 2680 582 2735 στεύκασιν
614 2701 630 2733 ι
658 2683 740 2735 ὅτι
762 2682 918 2751 λόγος
946 2683 1151 2754 Κυρίου
1181 2683 1319 2736 ἐστί.
1353 2702 1371 2735 ι
1399 2683 1764 2754 Διατιθέμεθα
1788 2683 1898 2755 γὰρ

275 2779 326 2830 οἱ
363 2776 428 2842 ἐξ
459 2775 633 2829 ἐθνῶν
667 2774 998 2846 κεκλημένοι
1030 2774 1119 2828 διὰ
1153 2776 1255 2846 τῆς
1285 2775 1544 2839 πίστεως,
1576 2776 1657 2830 ὅτι
1693 2775 1898 2848 Κύριος

273 2871 372 2928 ὦν.
418 2871 516 2925 καὶ
561 2871 628 2924 ἐκ
679 2869 816 2923 Θεοῦ
870 2868 1012 2924 κατὰ
1059 2867 1223 2938 φύσιν
1260 2869 1661 2939 γεγεννημένος
1703 2885 1764 2921 τε
1807 2869 1900 2922 καὶ

274 2961 554 3033 ὑπάρχων
579 2963 606 3015 ὁ
631 2961 933 3032 μονογενὴς
962 2963 1057 3013 τοῦ
1083 2959 1220 3013 Θεοῦ
1248 2959 1445 3028 Λόγος,
1465 2959 1628 3022 αὐτὸς
1651 2960 1798 3029 ἡμᾶς
1820 2959 1901 3012 δι’

273 3053 484 3106 ἑαυτοῦ
512 3053 642 3116 τοὺς
682 3052 864 3114 θείους
898 3067 959 3103 τε
1007 3051 1102 3104 καὶ
1131 3049 1526 3117 εύαγγελικοὺς
1564 3048 1899 3117 προσπεφώ-

272 3161 414 3214 νηκε
448 3143 667 3211 λόγους.
703 3143 976 3214 Ταύτῃτοι
1022 3140 1556 3211 προσκεκυνήκαμεν
1599 3139 1770 3210 αὐτῷ,
1801 3141 1898 3194 καὶ

271 3235 431 3304 αὐτῷ
481 3233 847 3306 λατρεύομεν,
879 3233 978 3303 τὴν
1025 3231 1263 3302 ἀρχαίαν
1308 3231 1529 3303 ἐκείνην
1583 3231 1674 3284 καὶ
1723 3231 1897 3286 ἀκλεᾶ

274 3325 548 3397 μεθέντες
575 3324 813 3393 ἀπάτην,
833 3324 928 3376 καὶ
957 3322 1056 3394 τὴν
1087 3321 1352 3376 πολύθεον
1372 3321 1488 3387 ἕξιν
1514 3323 1897 3394 μεταδεδιδαγ-

275 3419 455 3489 μένοι.
501 3419 613 3471 Καὶ
659 3417 821 3470 τοῦτο
881 3413 950 3488 ἦν
995 3415 1104 3488 ἄρα
1150 3415 1212 3469 τὸ
1260 3415 1350 3469 διὰ
1383 3417 1568 3488 φωνῆς
1601 3417 1697 3470 τοῦ
1730 3417 1900 3471 Δαδὶδ

271 3515 418 3585 πρὸς
441 3513 609 3566 αὐτὸν
631 3511 972 3584 ὑμνούμενον
998 3526 1012 3540 ·
1052 3531 1070 3563 ι
1099 3509 1286 3564 Πάντα
1322 3511 1391 3565 τὰ
1422 3510 1551 3582 ἔθνη
1582 3511 1681 3564 ὅσα
1706 3510 1898 3580 ἐποίη-

2014 557 2328 610 toueuleato
2351 558 2556 610 .uiorlis
2590 559 2818 627 imperio
2857 560 2906 612 iu
2948 561 3112 614 vitam
3143 560 3396 614 Christus
3438 561 3611 615 redie-

2017 650 2102 710 rit,
2139 651 2586 719 maniluveritque
2615 654 2876 720 apostolis
2913 671 2924 706 :
2966 671 2982 704 ι
3029 653 3233 706 Euutes
3267 653 3455 706 docete
3489 669 3606 706 om-

2011 755 2110 794 nes
2145 751 2352 809 gentes,
2390 743 2736 812 baptizautcs
2764 762 2857 800 eas
2899 746 2952 799 iu
3023 746 3243 800 nomine
3307 744 3509 808 Patris,
3556 756 3610 797 et

2011 832 2156 892 Filii.
2187 843 2234 886 et
2281 833 2518 902 Spiritus
2551 839 2814 892 sancti”.
2854 858 2871 890 ι
2914 839 3065 893 Tunc
3116 838 3258 892 enim
3295 846 3462 890 totum
3513 838 3610 889 sub

2009 923 2124 978 sole
2161 926 2420 978 mundum
2462 941 2645 982 sermo
2677 929 2975 982 Salvatoris
3006 929 3175 982 nostri
3218 931 3458 998 pervasit
3493 947 3506 992 ;
3559 938 3611 981 et

2009 1027 2064 1070 ut
2102 1032 2290 1071 verum
2321 1017 2388 1071 de
2425 1020 2628 1074 sanctis
2660 1023 2918 1090 apostolis
2950 1022 3226 1077 dicamus:
3257 1041 3275 1072 ι
3313 1021 3368 1074 In
3393 1037 3608 1075 omnem

2012 1119 2211 1162 terram
2245 1110 2415 1163 exivit
2451 1127 2618 1165 sonus
2662 1129 2872 1181 eorum,
2903 1123 2957 1169 et
2985 1115 3037 1168 in
3078 1130 3268 1168 omnes
3301 1115 3434 1169 lines
3460 1115 3610 1168 orbis

2010 1209 2168 1251 terra:
2197 1199 2358 1252 verba
2398 1215 2586 1255 eorum
2623 1203 2696 1256 ί.»
2747 1203 2861 1258 Non
2897 1214 3074 1259 autem
3101 1205 3479 1275 siuegeutium
3503 1203 3609 1258 fru-

2007 1301 2122 1356 etu,
2153 1291 2449 1361 proiectam
2485 1303 2538 1346 ct
2586 1310 2682 1362 per
2719 1304 2918 1350 terram
2976 1298 3313 1366 dissipatam,
3365 1297 3479 1350 sive
3515 1312 3609 1364 per

2007 1397 2192 1437 eurum
2225 1386 2475 1454 regiones
2511 1387 2859 1442 distributam
2889 1405 3012 1444 esse
3069 1392 3274 1459 virgam
3323 1389 3604 1459 pulchram

2005 1476 2122 1530 sive
2141 1474 2572 1543 Testamentum,
2591 1483 2735 1550 quod
2767 1498 2871 1536 non
2900 1483 3128 1552 amplius
3144 1486 3209 1537 ad
3223 1483 3394 1538 solum
3415 1482 3601 1547 Israel,

2006 1569 2102 1623 sed
2132 1569 2198 1622 ad
2236 1585 2427 1623 omnes
2462 1583 2651 1639 gentes
2699 1573 2877 1642 potius
2909 1576 3195 1644 disposuit,
3217 1577 3364 1630 nullo
3392 1575 3606 1644 negotio

2005 1675 2072 1714 ex
2115 1661 2477 1732 intelligentia
2525 1665 2812 1721 verborum
2878 1669 3155 1736 propheta:
3195 1669 3602 1738 perspiciemus.

2004 1752 2094 1806 Ait
2124 1753 2268 1807 enim
2303 1771 2315 1806 :
2354 1773 2372 1804 ι
2416 1753 2481 1806 Ει
2512 1768 2842 1824 cognoscent
2865 1757 3158 1814 Chanantei
3188 1775 3318 1812 oves
3347 1776 3465 1828 quae
3497 1761 3599 1814 ob-

2005 1854 2223 1900 servant
2256 1862 2361 1912 me,
2393 1849 2518 1918 quia
2556 1849 2792 1918 'verburn
2833 1850 3039 1906 Domini
3065 1861 3168 1906 est.
3203 1871 3221 1904 ι
3264 1851 3604 1907 Οιιοηυιιαξοε

2003 1937 2146 1990 enim
2180 1951 2336 1993 vocat
2367 1951 2578 2007 gentes.
2615 1943 2792 2011 Atque
2831 1945 2882 1998 bi
2919 1955 3146 2014 possunt
3202 1945 3426 2012 intelligi
3471 1961 3603 2001 oves

2003 2030 2276 2084 Christum
2339 2033 2712 2088 observantes.
2775 2033 3149 2090 Observarunt
3203 2039 3346 2092 enim
3400 2039 3600 2104 illum;

2003 2125 2206 2178 etenim
2255 2143 2272 2174 ι
2305 2127 2418 2195 ipse
2453 2137 2539 2182 est
2572 2130 2911 2198 exspectatio
2940 2131 3270 2198 gentium’.»
3308 2130 3600 2200 Postquam

2003 2227 2184 2272 autem
2213 2219 2535 2289 dissipatum
2575 2235 2656 2275 est
2684 2223 2850 2277 etiam
2914 2223 2968 2276 in
3023 2239 3216 2278 eorum
3290 2225 3600 2295 regionibus

2005 2319 2393 2366 testamentum
2429 2314 2495 2368 ad
2534 2329 2744 2380 omnes,
2769 2315 3119 2370 crediderunt
3148 2336 3166 2368 ι
3199 2318 3323 2386 quia
3376 2318 3599 2372 verbum

2004 2404 2216 2459 Domini
2258 2417 2395 2459 est.)
2440 2406 2724 2462 Sensimus
2753 2409 2897 2463 enim
2937 2411 3079 2477 apud
3110 2411 3324 2463 animos
3359 2425 3421 2464 ex
3470 2426 3601 2481 gen-

2007 2498 2151 2554 tibus
2182 2500 2356 2555 voeati
2387 2515 2481 2568 per
2513 2501 2698 2564 (idem,
2742 2501 3028 2555 Dominum
3080 2517 3236 2568 esse,
3273 2514 3326 2557 et
3372 2519 3435 2557 ex
3493 2503 3602 2557 Deo

2004 2593 2301 2648 secundum
2335 2603 2584 2647 naturam
2621 2603 2828 2662 natum,
2876 2604 2931 2649 et
2968 2596 3302 2665 unigenitum
3338 2596 3430 2650 Dei
3462 2597 3600 2652 Ver-

2003 2681 2128 2737 bqu
2157 2682 2335 2751 ipsum
2396 2699 2492 2753 per
2549 2684 2768 2740 divinos
2825 2697 2878 2741 et
2931 2688 3270 2757 evangelicus
3321 2704 3602 2743 sermoites

2001 2789 2130 2829 suos
2157 2789 2254 2829 nos
2280 2775 2595 2831 allocutum.
2623 2777 2804 2843 Quare
2843 2777 3018 2847 ipsum
3053 2778 3420 2843 adoraviuius,
3440 2781 3601 2849 eique

2001 2865 2292 2929 servimus,
2330 2866 2504 2920 veteri
2538 2865 2629 2919 illo
2665 2877 2719 2920 et
2759 2867 2989 2934 inglorio
3014 2884 3205 2922 errore
3237 2870 3519 2932 derelicto,
3547 2853 3600 2922 et

2003 2956 2254 3012 aﬂ'ectum
2300 2960 2366 3012 ad
2412 2959 2610 3012 multos
2670 2960 2802 3013 deos
2835 2960 3092 3014 colendos
3131 2962 3370 3017 deducti.
3427 2962 3603 3032 Atque

2001 3048 2105 3102 hoc
2165 3050 2438 3118 esr,quod
2487 3065 2582 3106 ore
2637 3051 2859 3106 Davidis
2922 3053 2994 3106 illi
3051 3054 3300 3108 eanizur:
3340 3073 3357 3104 ι
3399 3054 3603 3108 Omnes

2002 3149 2189 3210 gentes
2216 3157 2354 3212 quas
2385 3141 2565 3196 fecisti
2597 3145 2841 3208 venient,
2870 3155 2925 3198 et
2961 3146 3267 3200 adorabunt
3303 3162 3489 3200 coram
3525 3157 3599 3210 te,

2005 3233 2230 3289 Domine
2258 3233 2298 3289 ³.
2318 3234 2458 3288 -Ιη
2497 3235 2714 3291 nomine
2755 3235 3039 3294 enimJesu
3061 3238 3261 3292 Chi-isti
3281 3254 3440 3292 omne
3461 3254 3602 3308 genu

2001 3325 2271 3392 ﬂectetur,
2305 3327 2608 3382 cmlcstium
2638 3368 2652 3391 ,
2684 3332 3028 3385 terrestrium
3059 3340 3114 3386 et
3151 3332 3487 3386 iuferuorum
3507 3371 3522 3396 ,
3551 3341 3606 3388 et
3689 3372 3696 3378 .

2001 3423 2180 3477 omnis
2215 3423 2396 3492 lingua
2423 3421 2735 3488 conﬁtetur,
2758 3425 2884 3493 quia
2901 3423 3331 3481 Doruiuuchsus
3353 3424 3606 3480 Christus

2003 3509 2056 3563 iu
2095 3509 2263 3578 gloria
2295 3522 2377 3564 est
2411 3509 2503 3564 Dei
2538 3509 2715 3565 Patris
2744 3512 2786 3570 ⁸.
2825 3529 2843 3563 ι

272 3632 398 3678 σας,
439 3612 656 3684 ἥξουσι,
690 3614 786 3666 καὶ
830 3611 1308 3684 προσκυνήσουσιν
1376 3611 1609 3666 ἐνώπιόν
1655 3629 1772 3675 σου,
1807 3611 2006 3684 Κύριε.
2039 3637 2111 3651 -
2163 3611 2253 3664 Ἐν
2283 3611 2393 3682 γὰρ
2416 3611 2496 3683 τῷ
2557 3611 2783 3682 ὀνόματι
2829 3613 3006 3685 Ἰησοῦ
3074 3613 3314 3684 Χριστοῦ
3345 3611 3452 3666 πᾶν
3474 3610 3601 3682 γόνυ

271 3707 512 3779 κάμψει,
543 3706 908 3777 ἐπουρανίων,
939 3707 1032 3759 καὶ
1059 3705 1342 3774 ἐπιγείων,
1368 3708 1463 3758 καὶ
1493 3701 1887 3775 καταχθονίων,
1930 3703 2025 3759 καὶ
2057 3705 2206 3758 πᾶσα
2271 3703 2496 3774 γλῶσσα
2527 3705 3005 3780 ἐξομολογήσεται,
3065 3707 3145 3762 ὃτι
3172 3705 3379 3778 Κύριος
3394 3707 3604 3778 Ἰησοῦς

269 3799 537 3874 Χριστὸς,
567 3799 648 3862 εἰς
677 3796 835 3863 δόξαν
869 3797 1006 3851 Θεοῦ
1043 3798 1277 3870 Πατρός.
1316 3817 1334 3850 ι

343 3895 460 3948 Kal
495 3892 608 3963 ἐρῶ
633 3893 787 3962 πρὸς
813 3893 1040 3959 αὐτούς
1058 3909 1072 3923 ’
1104 3895 1170 3947 El
1201 3892 1396 3946 καλὸν
1423 3891 1686 3945 ἐνώπιον
1716 3890 1886 3961 ὑμῶν

267 3988 431 4050 ἐστι,
459 3985 602 4038 δότε
637 3986 984 4054 στήσαντες
1017 3986 1122 4040 τὸν
1148 3985 1534 4055 μισθόν-μου,
1561 3983 1600 4052 ἢ
1627 3984 1886 4038 ἀπειπα·

268 4080 402 4130 σθε.
436 4075 550 4130 Kal
587 4074 867 4143 ἔστησαν
899 4077 1009 4129 τὸν
1029 4076 1255 4145 μισθόν
1276 4090 1398 4142 μου
1440 4072 1758 4142 τριάκοντα
1783 4074 1887 4142 ἁρ-

269 4167 522 4239 τυροῦς.
560 4168 667 4224 Kal
692 4169 824 4223 εἷπε
851 4170 1069 4236 Κύριος
1101 4167 1253 4234 πρός
1270 4181 1347 4234 με
1372 4180 1387 4196 ο
1430 4162 1622 4229 Κάθες
1661 4163 1888 4231 αὐτοὺς

270 4266 360 4328 εἰς
385 4263 456 4316 τὸ
485 4261 921 4332 χωνευτήριον,
941 4261 1038 4315 καὶ
1058 4259 1363 4328 σκέψομαι
1385 4259 1434 4311 εὶ
1457 4256 1707 4326 δόκιμόν
1730 4257 1885 4322 ἐστι,

271 4355 345 4408 ὃν
371 4355 608 4424 τρόπον
636 4353 1054 4424 ἐδοκιμάσθην
1081 4351 1236 4420 ὑπὲρ
1273 4349 1494 4405 αὐτῶν.
1526 4349 1636 4403 Kal
1668 4348 1890 4404 ἔλαϐον

267 4449 414 4513 τοὺς
453 4447 782 4516 τριάκοντα
826 4445 1148 4516 ἀργυροῦς,
1180 4444 1279 4498 καὶ
1330 4443 1622 4498 ἐνέϐαλον
1663 4441 1888 4508 αὐτοὺς

267 4546 355 4607 εἷς
385 4541 496 4593 τὸν
529 4537 703 4595 οἷκον
737 4541 962 4608 Κυρίου
987 4540 1076 4605 εἷς
1109 4537 1176 4591 τὸ
1208 4536 1635 4607 χίωηευτήριον.

339 4633 472 4688 ΠΒ’.
520 4632 620 4685 Διά
650 4631 760 4684 τῶν
788 4627 1168 4698 εὐαγγελικῶν
1199 4627 1616 4696 θεσπισμάτων,
1645 4625 1765 4696 ἤτοι
1799 4623 1889 4676 διὰ

263 4731 364 4797 τῆς
395 4725 602 4798 ῥάϐδου
634 4725 736 4794 τῆς
792 4723 988 4793 καλῆς,
1021 4721 1271 4774 τουτέστι
1302 4720 1397 4790 τῆς
1432 4717 1718 4789 ὲξαιρέτου
1757 4733 1887 4771 παι-

263 4821 434 4883 δείας,
465 4819 567 4887 τῆς
619 4817 758 4888 μετὰ
806 4816 1009 4886 σαρκὸς
1055 4813 1372 4883 οἰκονομίας
1417 4809 1513 4864 τοῦ
1543 4809 1886 4878 Μονογενοῦς

263 4909 693 4978 πεπαιδεύμεθα
738 4908 799 4961 τὸ
855 4908 1176 4978 μυστήριον.
1241 4903 1586 4975 Ἀκηκόαμεν
1631 4901 1739 4974 γὰρ
1787 4901 1883 4954 καὶ

260 4999 749 5070 πεπιστεύκαμεν,
790 4998 872 5051 ὃτι
918 4997 1050 5060 Θεὸς
1101 4995 1198 5061 ὣν,
1237 4994 1310 5058 ὡς
1358 4994 1514 5064 ἔφην,
1548 4994 1577 5046 ό
1624 4995 1690 5047 ἐκ
1744 4992 1881 5047 Θεοῦ

261 5095 487 5167 Πατρός
541 5092 737 5160 Λόγος,
783 5090 980 5160 γέγονε
1034 5087 1215 5160 σὰρξ,
1269 5088 1413 5142 (καὶ
1465 5087 1776 5158 ἐσκήνωσεν
1822 5086 1882 5138 ὲν

262 5189 418 5258 ἡμῖν,
453 5205 471 5238 ι
515 5182 777 5238 καθίκετό
825 5200 884 5235 τε
931 5183 989 5234 ἐν
1023 5180 1213 5235 δούλου
1269 5182 1475 5253 μορφῇ,
1525 5181 1788 5253 ὑπάρχων
1824 5182 1882 5234 ὲν

264 5283 452 5352 μορφῇ
490 5279 588 5332 καὶ
624 5277 829 5347 ἰσότητι
863 5275 956 5330 τοῦ
1012 5274 1425 5344 γεγεννηκότος,
1465 5292 1483 5324 ι
1520 5273 1746 5343 γέγονεν
1775 5274 1879 5326 ὐπ-

261 5378 428 5444 ήκοος
459 5371 626 5443 μέχρι
656 5370 913 5433 θανάτου,
946 5367 1181 5421 θανάτου
1212 5365 1271 5418 δὲ
1294 5365 1559 5436 σταυροῦο
1598 5365 1692 5419 καὶ
1717 5365 1881 5418 πλού-

260 5483 377 5531 σιος
433 5465 533 5526 ὢν,
562 5460 877 5533 ὲπτώχευσε
924 5460 994 5514 δι’
1025 5460 1196 5531 ἡμᾶς,
1247 5457 1334 5511 ἵνα
1384 5459 1546 5526 ἡμεῖς
1600 5460 1666 5528 τῇ
1713 5457 1878 5510 αὑτοῦ

262 5559 517 5632 πτωχείᾳ
548 5557 968 5627 πλουτήσωμεν.
1007 5573 1024 5605 ι
1049 5551 1317 5617 Ἐξείλετο
1339 5551 1450 5621 γὰρ
1477 5553 1622 5622 ἡμᾶς
1647 5551 1756 5604 τῶν
1783 5551 1875 5604 τοῦ

1200 5734 1387 5789 ‘i‘sal.
1435 5750 1591 5797 svnt,
1622 5735 1674 5789 5.

1361 5807 1378 5836 ⁷
1415 5805 1452 5859 ll
1497 5807 1623 5860 Cur.
1657 5821 1774 5868 vttt.
1805 5807 1860 5862 9.

333 5745 380 5776 ⁸⁸³
416 5741 615 5794 Matth.
651 5755 844 5800 χχι-ιιι,
879 5737 968 5802 f9,
995 5737 1086 5790 20.

264 5815 281 5845 ⁵
310 5814 472 5870 Joan.
514 5829 550 5872 ι,
584 5812 668 5866 Η.
750 5812 769 5838 ⁵
804 5811 1039 5879 l'ltilipp.
1071 5823 1133 5873 tt,
1165 5807 1281 5862 6-8.

1781 5736 1798 5765 ’
1834 5735 1970 5789 Gen.
2004 5753 2149 5800 xm,
2191 5737 2275 5792 l0.

2067 3889 2232 3960 966
2269 3887 2428 3944 Vens.
2470 3888 2559 3955 12,
2593 3889 2678 3942 l5.
2705 3887 2772 3942 Et
2798 3889 2971 3942 dicam
2993 3889 3063 3942 ad
3089 3905 3174 3942 eos
3198 3905 3216 3943 .'
3246 3889 3306 3944 Si
3331 3891 3520 3944 bonum
3547 3893 3602 3948 in

1995 3988 2272 4050 conspectu
2351 3988 2520 4033 vestro
2594 3990 2708 4040 est,
2776 3980 2901 4034 date
2960 3990 3250 4034 statuentes
3312 3986 3601 4037 mercedem

1995 4090 2186 4138 meam,
2236 4081 2328 4126 aut
2371 4073 2645 4142 quiescite.
2674 4071 2744 4126 Et
2792 4081 3092 4126 statuerunt
3118 4076 3402 4128 mercedem
3431 4092 3600 4130 meum

1996 4166 2216 4236 triginta
2304 4174 2602 4234 argenteas.
2696 4161 2768 4217 Et
2834 4165 2968 4216 dixit
3030 4163 3288 4218 Dominus
3348 4167 3418 4218 ad
3476 4184 3598 4224 me:

1996 4257 2209 4326 Depone
2247 4273 2334 4311 eos
2376 4257 2432 4309 in
2479 4257 2878 4325 ronﬂatorium,
2921 4265 2970 4310 et
3004 4257 3209 4320 ridebo,
3252 4258 3298 4311 si
3318 4257 3598 4325 probatum

1995 4359 2072 4405 est
2099 4391 2114 4416 ,
2167 4351 2304 4404 sicut
2364 4348 2621 4417 probatus
2662 4365 2782 4403 sum
2824 4365 2981 4418 super
3021 4350 3114 4404 eis.
3158 4348 3228 4404 Et
3279 4351 3451 4418 accepi
3498 4355 3599 4406 tri-

1995 4444 2142 4513 ginta
2184 4450 2556 4512 argenteos,“
2606 4443 2726 4496 misi
2784 4457 2870 4497 eos
2916 4442 2971 4494 in
3014 4443 3228 4496 domum
3279 4441 3516 4507 Domini,
3542 4446 3597 4498 iit

1993 4534 2388 4596 conﬂatm-ium.

2065 4622 2332 4678 LXXXII.
2360 4623 2465 4678 Per
2519 4623 2835 4692 evangelica
2869 4623 3114 4688 oracula,
3159 4623 3274 4677 sive
3332 4638 3427 4691 per
3490 4625 3598 4677 vir-
3662 4631 3664 4633 ’

1992 4731 2115 4786 gam
2185 4717 2476 4780 decoram,
2545 4716 2648 4771 huc
2695 4724 2780 4770 est
2827 4731 2922 4784 per
3003 4715 3258 4769 eximiam
3307 4701 3599 4770 instLtutiu-

1991 4824 2137 4873 nem,
2177 4809 2496 4862 mcouomiw
2532 4823 2654 4861 cum
2705 4822 2872 4861 carne
2927 4805 3205 4876 Uuigeniti
3271 4809 3589 4874 mysterium

1988 4902 2298 4956 didicimus.
2326 4901 2646 4955 Audit-imus
2663 4901 2808 4954 enim
2840 4910 2887 4954 et
2917 4899 3275 4962 credidimus,
3306 4902 3446 4970 quod
3473 4917 3595 4954 cum

1989 5006 2137 5048 esset
2171 4995 2332 5058 Deus,
2363 5002 2420 5046 ut
2448 4993 2582 5058 dixi,
2613 5009 2681 5048 ex
2726 4994 2836 5048 Deo
2891 4992 3056 5048 Patre
3118 4992 3357 5048 Verbum
3420 4994 3595 5048 lactus

1990 5086 2061 5140 sit
2086 5100 2236 5152 caro,
2266 5103 2284 5137 ι
2307 5096 2362 5140 et
2396 5085 2723 5142 habitaverit
2762 5088 2816 5142 in
2857 5088 3014 5142 nobis
3040 5089 3083 5150 ⁵,
3126 5106 3144 5138 ι
3176 5088 3494 5157 verteritque
3539 5092 3593 5142 in

1990 5177 2164 5233 forma
2192 5179 2354 5244 servi,
2377 5179 2470 5250 qui
2501 5190 2586 5235 est
2620 5180 2670 5234 in
2695 5180 2868 5236 forma
2893 5191 2946 5236 et
2970 5180 3281 5250 mqualitate
3299 5179 3589 5240 Genitoris,

1996 5289 2016 5324 ι
2056 5281 2110 5328 et
2151 5272 2330 5328 factus
2365 5272 2438 5328 sit
2473 5273 2737 5329 obediens
2784 5290 2955 5344 usque
2980 5276 3046 5329 ad
3081 5282 3331 5336 mortem,
3361 5281 3589 5324 mortem

1989 5377 2170 5422 autem
2213 5366 2398 5422 crucis
2420 5365 2440 5397 ‘
2476 5383 2489 5434 ;
2519 5376 2574 5421 et
2601 5381 2724 5421 cum
2763 5366 2916 5420 dives
2942 5373 3112 5427 esset,
3146 5362 3322 5415 factus
3364 5360 3433 5414 sit
3465 5375 3591 5429 ege-

1983 5464 2112 5524 nus,
2139 5469 2197 5530 ut
2229 5475 2330 5515 nos
2393 5457 2510 5529 ejus
2540 5459 2718 5528 inopia
2743 5459 3042 5512 tlitaremur
3077 5457 3151 5508 7.:
3185 5453 3396 5507 Exemit
3443 5453 3588 5506 enim

1987 5568 2086 5608 uos
2136 5568 2167 5608 e
2199 5552 2431 5607 vinculis
2461 5552 2675 5614 mortis,
2712 5550 2961 5604 liberavit
2991 5562 3019 5600 a
3057 5553 3302 5617 peccato,
3335 5544 3474 5598 tilios
3498 5543 3588 5598 Dei

2357 5737 2374 5766 ³
2407 5735 2548 5791 Psal.
2593 5748 2792 5794 vaxv,
2824 5731 2872 5783 1.
2955 5730 2970 5758 ⁵
3000 5728 3232 5798 Philipp.
3266 5742 3322 5790 ιι,
3355 5723 3444 5791 10,
3487 5725 3573 5781 Η.
