4098 6516
536 353 638 413 195
1573 351 1628 404 s.
1672 349 1945 405 ertnLLt
1985 347 2457 403 ALEXANDIHNI
2499 349 2819 404 ARClllEP.
3712 352 3803 407 ιεισ

531 474 784 538 reddidit,
811 481 862 527 et
889 473 1016 542 quid
1052 487 1156 526 non
1187 473 1449 526 bonorum
1484 472 1698 526 tandem
1736 472 1889 525 nobis
1945 475 2112 526 doua-
2148 527 2149 531 η

2183 512 2189 534 ι
2221 471 2450 524 θανάτου
2475 472 2713 542 δεσμῶν,
2735 470 3042 542 ἀπήλλαξεν
3065 471 3362 542 ἁμαρτίας,
3393 472 3540 534 υἱοὺς
3566 471 3801 542 ἀπέφηνε

527 565 643 619 vit?
671 566 1032 634 Cognovimus
1073 574 1330 634 prmlerea
1363 579 1460 619 nos
1515 575 1722 632 emptos
1774 581 1913 629 esse,
1953 583 1970 613 ι
2010 581 2116 618 non

2222 563 2390 617 Θεοῦσ
2451 563 2545 616 καὶ
2598 562 2650 613 τί
2702 562 2810 632 γὰρ
2855 563 2976 632 οὐχὶ
3026 561 3326 632 δεδώρηται
3385 562 3493 615 τῶν
3545 563 3800 630 ἀγαθῶνς

529 657 979 725 corruptibililms
1065 673 1197 709 auro
1244 657 1322 708 vel
1377 664 1648 723 argento,
1731 662 1825 708 sed
1880 657 2117 723 pretioso

2234 653 2584 724 Έγνώκαμεν
2607 654 2663 706 δὲ
2696 654 2831 722 πρὸς
2861 653 3091 717 τούτοις,
3125 655 3208 706 ὅτι
3258 655 3352 706 καὶ
3393 653 3559 722 τιμῆς
3603 656 3807 724 ἠγορὰο

529 749 794 816 sanguine
835 749 988 817 quasi
1053 749 1172 816 agni
1225 747 1636 799 incontaminati
1688 759 1738 801 et
1785 748 2114 801 immaculati

2223 746 2417 817 σμεθα,
2453 765 2470 796 ι
2502 747 2561 798 οὐ
2595 745 2876 816 φθαρτοῖς,
2909 745 3180 816 ἀργυρίῳ,
3227 747 3260 816 ἢ
3299 745 3506 816 χρυσίῳ
3527 763 3540 776 ·
3563 747 3700 799 ἀλλὰ
3725 765 3802 798 τι-

529 843 626 895 Cln
646 843 728 895 isti
755 841 797 905 ⁸,
825 861 842 892 ι
872 853 1030 909 atque
1069 842 1137 894 ita
1177 840 1365 893 deinde
1396 841 1554 892 vitam
1587 850 1822 895 nostram
1844 842 1890 894 ei
1921 842 2116 896 debere

2223 844 2328 913 μίῳ
2364 843 2557 912 αἵματι
2589 843 2664 904 ὼς
2693 841 2890 911 ἀμνοῦ,
2928 841 3021 894 καὶ
3055 840 3284 892 ἀσπίλου
3311 839 3572 911 Χριστοῦο
3603 861 3620 892 ι
3662 841 3803 895 οὕτω

529 935 818 999 cmpimtts.
855 951 873 982 ι
920 934 973 985 Si
1033 933 1173 985 enim
1225 949 1361 985 unus
1405 948 1504 1000 pro
1563 935 1812 986 omnibus
1874 946 2115 988 mortuus

2215 952 2273 986 τε
2304 935 2488 986 λοιπὸν
2516 934 2665 1002 αὐτῷ
2695 933 2793 1004 τὴν
2820 933 3026 986 οἰκείαν
3058 933 3466 1000 ὲπωφλήσαμεν
3493 932 3658 1002 ζωήν.
3691 953 3706 984 ι
3743 933 3803 985 Et

527 1037 630 1088 e5t,
667 1039 793 1092 ergo
822 1040 1010 1078 omnes
1037 1024 1112 1076 illi
1147 1025 1342 1078 mortui
1381 1034 1526 1090 sunt,
1549 1043 1566 1074 ›
1603 1035 1655 1079 et
1681 1027 1792 1089 iam
1831 1042 1933 1079 non
1961 1028 2113 1079 nobis

2215 1029 2325 1098 γὰρ
2368 1023 2446 1090 εἷς
2482 1028 2619 1098 ὑπὲρ
2654 1027 2872 1080 πάντων
2904 1025 3195 1087 ἀπέθανεν,
3230 1027 3337 1096 ἄρα
3380 1028 3428 1078 οἱ
3478 1026 3679 1088 πάντες
3705 1027 3805 1078 ἀπ-

527 1117 660 1184 ipsis
699 1120 878 1171 vivere
922 1117 1200 1179 debemus,
1228 1118 1270 1170 si
1297 1129 1438 1172 recte
1491 1119 1877 1172 ratiocinamur
1906 1161 1920 1182 ,
1964 1139 1981 1170 ι
2017 1120 2110 1174 sed

2215 1118 2404 1170 ἔθανον
2435 1118 2606 1187 αὐτῷ,
2641 1136 2658 1167 ι
2693 1117 2790 1170 καὶ
2824 1117 2923 1188 ζῇν
2951 1117 3239 1187 ὀφείλομεν
3281 1119 3495 1180 ἑαυτοῖς
3522 1119 3620 1188 μὲν
3674 1120 3805 1171 οὐκ·

525 1208 571 1262 ei
604 1211 694 1279 qui
735 1227 830 1279 pro
872 1211 1027 1264 nobis
1080 1223 1325 1264 mortuus
1389 1222 1488 1273 C.'~l,
1549 1222 1604 1264 et
1661 1212 2034 1265 resurrexit'.
2087 1231 2105 1263 ι

2215 1211 2316 1274 ἐτι,
2348 1212 2490 1262 κατά
2537 1227 2602 1278 γε
2646 1210 2736 1263 τὸν
2781 1209 2966 1261 εἰκότα
3019 1209 3114 1262 καὶ
3161 1207 3339 1279 ὀρθῶς
3381 1209 3572 1280 ἔχοντα
3623 1209 3800 1276 λόγον,

525 1301 704 1368 Quare
731 1304 941 1369 inquit:
980 1322 996 1352 ι
1027 1302 1084 1356 Si
1125 1304 1321 1356 bonum
1355 1303 1510 1356 estin
1544 1313 1838 1373 conspectu
1873 1314 2104 1366 vestro,»

2218 1320 2236 1352 ι
2270 1301 2470 1371 μᾶλλον
2520 1301 2576 1354 δὲ
2619 1301 2695 1371 τῷ
2745 1301 2884 1372 ὑπὲρ
2935 1302 3094 1372 ἡμῶν
3123 1302 3470 1363 ἀποθανόντι,
3505 1303 3600 1356 καὶ
3649 1305 3806 1372 ἐγερ-

527 1395 712 1462 utique
751 1395 1068 1447 oeconomia:
1102 1397 1283 1448 carnis
1339 1396 1679 1464 mysterium,
1708 1395 1750 1447 si
1793 1412 1888 1464 per
1935 1395 2106 1465 ipsum

2212 1393 2375 1446 θέντι.
2415 1393 2720 1466 »Ταύτῃτοί
2751 1410 2917 1466 φησιν
2939 1411 2952 1423 ·
2973 1411 2994 1446 ι
3027 1395 3088 1448 Εἰ
3118 1394 3280 1448 καλὸν
3311 1394 3543 1448 ἐνώπιον
3579 1395 3795 1466 dutiful,-

520 1485 710 1540 salvati
763 1488 913 1549 estis,
961 1493 1015 1538 et
1058 1489 1191 1538 bene
1243 1486 1394 1538 vobis
1419 1495 1521 1545 est,
1573 1495 1626 1538 et
1657 1485 1986 1553 cognm'istis
2025 1501 2109 1538 me

2209 1483 2370 1552 δῆλον
2398 1485 2453 1537 δὲ
2483 1484 2543 1536 τὸ
2573 1486 2675 1554 τῆς
2714 1487 2850 1556 μετὰ
2895 1487 3098 1557 σαρκὸς
3121 1487 3436 1556 οἰκονομίας
3475 1491 3798 1559 μυστήριον,

521 1575 862 1631 Salvatorem
889 1590 951 1629 ac
981 1575 1417 1645 Redemptnrem,
1453 1586 1500 1630 et
1536 1590 1631 1644 pro
1701 1577 1940 1630 omnium
2000 1577 2104 1631 vita

2209 1577 2256 1627 εἰ
2290 1576 2530 1629 σέσωσθε
2576 1577 2643 1629 δι’
2677 1577 2863 1643 αὐτοῦ,
2893 1579 2988 1631 καὶ
3024 1580 3346 1650 πεπράχατε
3382 1579 3594 1646 δεξιῶς,
3629 1580 3799 1646 ἐγνώ-

521 1678 817 1731 mortuum,
866 1683 883 1717 ι
923 1666 1054 1718 Date
1091 1676 1446 1729 statuentes,»
1485 1667 1586 1720 huc
1641 1677 1744 1730 est,
1789 1668 2106 1721 deﬁnientes

2208 1677 2342 1719 κατε
2371 1667 2428 1719 δέ
2455 1685 2525 1736 με
2557 1669 2784 1739 Σωτῆρα
2811 1669 2907 1722 καὶ
2936 1669 3250 1741 Λυτρωτὴν,
3283 1671 3378 1724 καὶ
3409 1669 3499 1723 τὸν
3531 1670 3669 1742 ὑπὲρ
3699 1671 3797 1741 τῆς

523 1757 869 1808 ιιιιοιοοιιειιι
925 1771 1120 1820 meam,
1180 1764 1270 1808 aut
1333 1757 1616 1823 quiescitc.
1653 1775 1671 1806 ι
1722 1756 2102 1809 Verumtamen

2209 1761 2427 1813 πάντων
2451 1761 2597 1832 ζωῆς
2627 1761 2936 1815 ἁνατλὰντα
2958 1763 3207 1826 θάνατον,
3241 1781 3259 1814 ι
3283 1764 3412 1817 Δότε
3438 1765 3759 1833 στήσαντες,
3775 1785 3790 1814 ι

520 1847 657 1916 grati
692 1847 908 1900 fuerunt
937 1847 1027 1914 qui
1057 1862 1120 1900 ex
1145 1845 1396 1915 gentibus
1427 1847 1670 1898 conversi
1708 1855 1850 1900 sunt.
1887 1846 2104 1900 Statue-

2173 1871 2176 1908 ;
2205 1850 2502 1918 τουτέστιν,
2521 1852 2825 1922 ὁρίσαντες,
2856 1870 2875 1904 ι
2897 1854 2985 1905 τὸν
3013 1853 3203 1922 μισθόν
3227 1869 3351 1922 μου,
3371 1854 3403 1924 ἢ
3425 1853 3754 1907 ἀπείπασθε.
3776 1877 3791 1903 ι

517 1948 636 1991 runt
669 1939 809 1992 enim
847 1941 1168 2001 mercedem,
1216 1939 1360 1989 nullo
1392 1939 1606 2005 quidem
1634 1939 1788 1990 modo
1815 1937 2098 2006 aqualem,

2207 1942 2354 2012 Πλὴν
2388 1943 2731 2013 εὐγνώμονες
2764 1945 2814 1997 οἱ
2843 1944 2903 2008 ἐξ
2933 1945 3414 2017 ὲθνῶνκΈστησαν
3438 1946 3547 2017 γὰρ
3575 1947 3665 2000 τὸν
3704 1965 3797 2018 μι-

515 2031 607 2084 sed
641 2030 1036 2099 quadamtenus
1066 2044 1274 2097 mquam
1308 2028 1587 2082 beneficiis
1643 2031 1708 2080 ah
1749 2045 1812 2082 co
1845 2029 2098 2098 acceptis.

2205 2030 2332 2086 σθὸν
2363 2032 2763 2103 παρισούμενον
2794 2033 2892 2102 μὲν
2925 2034 3176 2104 οὐδαμῶς
3195 2051 3208 2065 ·
3239 2037 3456 2088 ἐοικότα
3481 2037 3536 2089 δέ
3562 2055 3678 2098 πως
3712 2032 3794 2100 οἷς

513 2121 976 2186 Quemadmodum
1021 2123 1164 2175 enim
1196 2121 1308 2189 ipse
1331 2138 1428 2189 pro
1478 2123 1631 2176 nobis
1675 2133 1921 2178 mortuus
1971 2133 2097 2189 est,

2203 2123 2520 2192 ἐσχήκαμεν
2558 2124 2688 2195 παρ’
2719 2123 3124 2195 αὐτοῦ.Ὦσπερ
3175 2124 3282 2197 γὰρ
3331 2126 3605 2180 ἀπέθανεν
3650 2127 3795 2197 ὑπὲρ

510 2211 584 2265 ita
608 2223 660 2265 et
694 2229 789 2265 nos
823 2214 1033 2267 animas
1067 2216 1347 2283 posuimus
1391 2230 1488 2284 pro
1514 2216 1829 2269 sinceritate
1887 2225 1941 2269 et
1971 2216 2099 2270 cha-

2200 2217 2235 2284 η
2245 2214 2381 2284 μῶν,
2400 2212 2543 2266 οὕτω
2565 2216 2657 2267 καὶ
2683 2217 2848 2285 ἡμεῖς
2871 2214 3195 2286 τεθείκαμεν
3217 2216 3315 2279 τὰς
3330 2216 3508 2286 ψυχὰς
3531 2218 3668 2287 ὑπὲρ
3695 2219 3795 2286 τῆς

513 2306 675 2359 ritate
728 2321 852 2374 erga
889 2307 1099 2374 ipsum;
1133 2317 1468 2376 possuntque
1507 2310 1687 2363 dicere
1718 2311 1888 2362 sancti
1953 2325 2098 2363 mar-

2199 2307 2283 2367 εις
2327 2305 2492 2357 αὐτὸν
2541 2306 2897 2375 γνησιότητος
2940 2306 3034 2359 καὶ
3085 2306 3306 2378 ἀγάπης
3331 2322 3348 2338 ο
3391 2309 3591 2376 πρέποι
3641 2309 3685 2360 δ’
3728 2310 3795 2362 ἂν

517 2407 666 2466 tyres
711 2411 724 2447 .'
766 2415 782 2447 ι
826 2399 955 2464 Quis
1007 2414 1104 2452 nos
1152 2400 1425 2467 separabit
1475 2415 1501 2452 a
1539 2400 1803 2455 charitate
1848 2401 2100 2455 Christi?

2201 2395 2380 2463 λέγειν
2413 2400 2526 2460 τοῖς
2557 2397 2731 2464 ἁγίοις
2763 2397 2996 2466 μάρτυσι
3023 2415 3036 2429 ο
3073 2415 3094 2452 ι
3129 2399 3225 2476 Τίς
3254 2401 3400 2470 ημᾶς
3431 2401 3655 2470 χωρίσει
3681 2401 3795 2454 ἀπὸ

511 2487 814 2542 'l‘ribulatio
841 2531 856 2556 ,
893 2506 958 2542 an
983 2491 1226 2559 angustia
1257 2530 1270 2553 ,
1307 2507 1372 2543 an
1403 2491 1590 2558 fames,
1629 2508 1696 2546 an
1745 2495 2053 2561 persecutio
2080 2535 2094 2556 .

2199 2485 2298 2556 τῆς
2332 2487 2555 2557 ἀγάπης
2591 2487 2683 2539 τοῦ
2719 2486 3003 2555 ,Χριστοῦς
3049 2486 3260 2556 Θλίψις,
3292 2489 3324 2558 ἣ
3365 2489 3718 2560 στενοχωρία,
3759 2493 3792 2560 ἢ

511 2595 579 2633 an
615 2580 826 2634 nuditas
857 2620 873 2646 ,
908 2593 974 2634 an
1009 2581 1305 2649 periculum
1335 2624 1347 2645 ,
1385 2598 1450 2635 an
1498 2585 1707 2651 gladius
1740 2585 1782 2614 ¹⁰
1816 2584 1838 2636 ?
1875 2603 1892 2634 ι
1957 2585 2096 2638 Nihil

2200 2577 2375 2648 λιμὸς,
2412 2578 2444 2648 ἢ
2479 2577 2740 2646 διωγμὸς,
2765 2578 2799 2648 ἦ
2832 2578 3187 2647 γυμνότης,ἧ
3226 2578 3490 2644 κίνδυνος,
3523 2580 3556 2650 ἢ
3588 2583 3794 2650 μάχαι-

509 2674 655 2727 euim
691 2673 741 2726 in
814 2675 1018 2726 sanctis
1063 2674 1230 2727 animi
1301 2674 1666 2728 fortitudinem
1720 2675 1865 2728 vicit.
1915 2676 2096 2744 Itaque

2197 2686 2302 2740 ρας
2331 2689 2353 2722 ο
2406 2655 2674 2738 Nevit-tux;
2702 2669 2809 2739 γὰρ
2843 2670 2998 2723 οὐδὲν
3024 2671 3133 2722 τῶν
3169 2671 3344 2740 ἁγίων
3375 2671 3474 2741 τὴν
3500 2672 3795 2741 εὐψυχίαν.

508 2764 710 2820 Christi
751 2766 1028 2820 nobiscmn
1055 2765 1351 2820 similitudo
1385 2769 1788 2835 quodammodo
1846 2767 2096 2822 subindi-

2191 2759 2410 2813 Οὐκοῦν
2434 2762 2468 2829 ἡ
2495 2759 2601 2812 τῶν
2632 2761 2784 2830 παρὰ
2818 2761 3055 2830 Χριστοῦ
3087 2763 3172 2826 είς
3193 2764 3340 2834 ἡμᾶς
3369 2764 3625 2833 ὁμοιότης
3654 2766 3797 2818 ὑπο-

507 2867 686 2920 catur,
719 2858 845 2911 dum
881 2859 1098 2922 dicitur,
1130 2860 1286 2913 datos
1345 2874 1465 2912 esse
1518 2860 1567 2912 in
1625 2859 1927 2914 mercedem
1979 2859 2095 2929 ejus

2197 2852 2447 2920 φαίνεταί
2489 2869 2608 2915 πως
2665 2852 2752 2906 διὰ
2792 2852 2888 2904 τοῦ
2935 2853 3184 2906 δεδόσθαι
3235 2853 3414 2922 λέγειν
3467 2858 3547 2920 είς
3598 2855 3799 2925 μισθὸν

508 2951 730 3021 triginta
771 2961 1076 3019 argenteos.
1114 2950 1368 3005 Proditor
1395 2951 1561 3016 enim,
1587 2959 1640 3004 et
1671 2967 1796 3005 vere
1851 2951 2092 3004 omnium

2198 2943 2364 2996 αὐτοῦ
2415 2943 2712 3013 τριάκοντα
2762 2944 3085 3015 ἀργυρίους.
3105 2945 3162 2997 '0
3200 2945 3298 3014 μὲν
3343 2946 3450 3017 γὰρ
3497 2947 3795 3020 προδότης.

507 3046 743 3098 maxime
767 3045 1136 3099 exscerandus
1186 3061 1249 3099 ac
1287 3045 1394 3099 Deo
1429 3061 1625 3098 exosus
1667 3043 1831 3098 Judas
1859 3085 1874 3108 ,
1930 3044 2092 3115 767

2197 3034 2290 3086 καὶ
2338 3033 2742 3104 βδελυρώτατος
2789 3034 3050 3104 ἀληθῶς,
3103 3037 3197 3088 καὶ
3240 3037 3499 3107 θεομισὴς
3543 3038 3751 3104 Ἰούδας
3779 3082 3797 3106 ,

503 3137 730 3205 triginta
767 3136 1005 3190 denariis
1037 3138 1294 3205 acceptis,
1346 3136 1622 3191 Christum
1651 3136 1939 3190 lromicidis
1983 3148 2094 3188 tra-

2194 3123 2488 3193 τριάκοντα
2539 3122 2774 3193 δηνάρια
2818 3123 2996 3176 λαϐὼν
3022 3162 3038 3189 ,
3096 3124 3378 3196 προύδωκε
3422 3131 3534 3190 τοῖς
3586 3130 3798 3198 φονῶσι

505 3227 663 3288 didit,
707 3235 763 3280 et
797 3239 1073 3280 auctorem
1116 3228 1306 3280 salutis
1351 3237 1549 3280 nostra:
1579 3228 1823 3278 scelestis
1864 3227 2096 3280 homini-

2197 3214 2456 3284 Χριστὸν,
2497 3213 2591 3267 καὶ
2618 3213 2711 3266 τὸν
2741 3214 2838 3284 τῆς
2868 3216 3146 3286 σωτηρίας
3169 3218 3330 3288 ἡμῶν
3361 3220 3801 3291 καταπέπρακεν

505 3317 608 3372 bus
642 3318 991 3372 venumdedit
1021 3319 1085 3371 “.
1109 3318 1269 3372 Allati
1298 3329 1425 3372 sunt
1467 3328 1647 3370 autem
1672 3333 1700 3370 a
1735 3319 1985 3387 gentibus
2041 3319 2092 3373 in

2198 3305 2441 3376 ἀρχηγὸν
2487 3309 2598 3368 τοῖς
2645 3305 2963 3376 ἀλιτηρίοις.
3001 3309 3521 3381 Προσεκομίσθησαν
3549 3312 3607 3364 δὲ
3637 3315 3801 3384 παρὰ

506 3410 809 3464 mercedem
831 3408 1180 3479 ejttstrigiuta
1204 3410 1561 3479 argenteiqui
1586 3410 2091 3480 etiamJleuthDen-

2193 3397 2303 3449 τῶν
2331 3397 2505 3450 ἐθνῶν
2537 3400 2615 3460 εἰς
2648 3398 2840 3467 μισθὸν
2867 3398 3035 3453 αὑτοῦ
3084 3402 3379 3470 τριάκοντα
3419 3403 3701 3474 ἁργύριοι,
3748 3406 3801 3457 οἳ

520 3511 593 3565 te,
630 3503 680 3555 in
721 3501 1089 3555 conﬂatorium
1123 3501 1486 3570 deponuntur,
1522 3501 1683 3554 etiam
1742 3511 1901 3564 atque
1933 3504 2092 3556 etiam

2198 3492 2291 3544 καὶ
2336 3493 2617 3549 καθίενται
2648 3492 2785 3546 Θεοῦ
2823 3494 3254 3562 προστάττοντος
3285 3497 3365 3557 εἰς
3411 3494 3477 3548 τὸ
3509 3499 3803 3569 χωνευτή-

506 3595 794 3664 probandi,
832 3595 972 3648 sicut
1013 3604 1062 3647 et
1094 3594 1208 3662 ipse
1245 3593 1498 3646 Christus
1529 3608 1626 3661 pro
1662 3594 1813 3645 nobis
1840 3595 2095 3662 probatus

2199 3599 2333 3653 ριον,
2362 3581 2420 3638 εῦ
2473 3585 2618 3655 μάλα
2665 3585 3108 3655 δοκιμαζόμενοι,
3161 3585 3345 3652 καθὼς
3403 3591 3497 3641 καὶ
3551 3589 3720 3652 acts;
3774 3591 3804 3641 ὁ

503 3694 606 3741 est.
631 3685 746 3739 Non
769 3687 911 3740 enim
941 3687 1057 3739 sine
1086 3685 1437 3752 itttluisiliOltc
1468 3685 1608 3752 apud
1657 3686 1820 3737 Deum
1852 3686 2092 3738 omnium

2197 3677 2431 3748 Χριστὸς
2479 3677 2812 3747 ἐδοκιμάσθη
2865 3677 3006 3747 ὑπὲρ
3058 3679 3438 3748 ἡμῶν.Ἕσται
3473 3679 3582 3749 γὰρ
3631 3681 3804 3751 ἡμῶν

504 3779 765 3833 scientem
800 3778 968 3831 abibit
1001 3777 1133 3831 lides
1182 3785 1407 3829 nostra:
1445 3790 1619 3843 neque
1670 3776 1805 3829 citra
1867 3791 2092 3829 examen

2196 3768 2297 3819 οὐκ
2325 3769 2592 3837 ἁζήτητος
2622 3771 2653 3838 ή
2682 3769 2863 3832 πίστις
2895 3770 3046 3840 παρά
3067 3786 3131 3837 γε
3161 3769 3238 3838 τῷ
3265 3770 3438 3823 πάντα
3463 3770 3622 3823 εἰδότι
3647 3771 3799 3841 Θεῷ·

505 3871 651 3934 vitae,
672 3871 763 3922 sed
799 3870 939 3922 sicut
966 3877 1051 3920 est
1083 3870 1223 3937 apud
1269 3869 1482 3920 beatum
1515 3865 1738 3920 Paulum
1776 3884 1790 3921 :
1843 3886 1862 3921 ι
1893 3866 2094 3923 Unius-

2195 3859 2320 3913 οὗτε
2369 3861 2476 3930 μὴν
2504 3861 2867 3924 ἀϐασάνιστος
2895 3863 2924 3914 ὁ
2951 3861 3096 3930 βίος·
3129 3860 3244 3914 ἀλλ’
3346 3878 3511 3930 φησιν
3535 3863 3566 3914 ὁ
3603 3864 3798 3932 μακά-

511 3959 776 4028 cujusque
805 3975 939 4026 opus
965 3958 1123 4027 quale
1143 3959 1233 4026 sit,
1257 3959 1395 4028 ignis
1411 3959 1660 4026 probabit
1688 3961 1750 4012 ¹².
1773 3977 1792 4010 ι
1821 3957 2091 4028 Scriptum

2199 3967 2312 4020 ριος
2347 3949 2580 4014 Παῦλος,
2616 3970 2634 4002 ι
2658 3951 2923 4004 Ἑκάστου
2954 3952 3015 4004 τὸ
3040 3951 3200 4024 ἔργον
3225 3952 3407 4005 ὁποῖόν
3437 3952 3650 4015 ἐστι,τὸ
3681 3953 3803 4026 πῦρ

467 4108 480 4134 ﬁ
507 4062 588 4106 est
619 4059 797 4106 autem
836 4053 901 4106 de
934 4052 1190 4106 Christo:
1228 4069 1245 4103 ι
1276 4053 1544 4117 Quoniam
1587 4055 1768 4106 statim
1815 4054 1995 4107 veniet
2039 4057 2085 4105 in

2193 4040 2500 4109 δοκιμάσει.
2534 4060 2550 4092 ι
2607 4041 2924 4112 Γέγραπται
2974 4041 3030 4096 δὲ
3080 4043 3175 4095 καὶ
3221 4041 3347 4112 περὶ
3394 4039 3660 4112 Χριστοῦ,
3711 4045 3802 4096 ὅτι

509 4143 764 4212 templum
805 4155 962 4197 suum
1000 4157 1158 4214 quem
1189 4157 1286 4197 vos
1321 4145 1585 4212 quaeritis,
1621 4153 1674 4197 et
1705 4143 1940 4212 Angelus
1999 4155 2094 4198 te-

2201 4149 2220 4181 ι
2245 4130 2531 4201 Ἐξαίφνης
2559 4130 2679 4201 ἥξει
2707 4133 2787 4194 εἰς
2809 4131 2898 4183 τὸν
2920 4132 3045 4185 ναὸν
3068 4131 3254 4196 αὐτοῦ,
3283 4133 3342 4185 ὃν
3368 4133 3524 4202 ὑμεῖς
3548 4131 3799 4204 ζητεῖτε,

507 4233 756 4286 stameuti
789 4247 946 4302 quem
973 4247 1068 4289 vos
1093 4233 1271 4287 vultis.
1311 4232 1451 4287 Ecce
1489 4235 1651 4298 venit,
1683 4234 2092 4287 dicitDominus

2195 4224 2289 4276 καὶ
2337 4224 2366 4275 ὁ
2411 4223 2644 4293 ἄγγελος
2688 4224 2788 4292 τῆς
2821 4223 3106 4296 διαθήκης,
3141 4225 3198 4277 ὃν
3241 4225 3398 4294 ὑμεῖς
3431 4225 3802 4281 θέλετε.Ἰδοὺ

503 4325 871 4393 omnipotens,
910 4333 964 4377 et
993 4327 1113 4392 quis
1145 4326 1435 4379 susnnehit
1465 4323 1606 4378 diem
1642 4326 1894 4379 introitus
1930 4325 2093 4393 ejus?

2192 4313 2434 4385 ἔρχεται,
2459 4314 2826 4385 λέγειΚύριος
2854 4316 3271 4386 παντοκράτωρ,
3290 4317 3383 4370 καὶ
3413 4317 3494 4379 τίς
3523 4315 3804 4387 ὑπομενεί

506 4415 754 4483 Autquis
786 4415 1076 4468 sustinebit
1102 4415 1155 4467 in
1194 4415 1400 4468 visione
1429 4415 1590 4481 eius?
1644 4413 1781 4480 Quia
1840 4417 1954 4483 ipse
2004 4415 2089 4470 in-

2192 4410 2412 4481 ἡμέραν
2453 4408 2660 4460 εἰσόδου
2709 4407 2910 4472 αὐτοῦς
2949 4409 3020 4460 Ἢ
3065 4407 3150 4471 τίς
3196 4409 3560 4479 ὑποστήσεται
3612 4410 3674 4461 ἐν
3728 4415 3803 4480 τῇ

507 4509 748 4577 greditur
777 4507 930 4575 quasi
961 4506 1100 4575 ignis
1124 4507 1446 4571 conﬂalorii,
1481 4518 1538 4560 ut
1578 4508 1738 4560 herba
1768 4507 2086 4574 lavantium,

2192 4501 2429 4571 ὀπτασίᾳ
2478 4500 2684 4566 α-ὐτοῦ;
2733 4501 2881 4554 Διότι
2927 4501 3090 4563 αὐτὸς
3123 4499 3502 4572 εἰσπορεύεται
3548 4501 3625 4564 ὡς
3675 4504 3807 4574 πῦρ

505 4608 560 4651 et
588 4598 800 4652 sedebit
826 4599 1068 4650 conﬂatis
1110 4608 1163 4651 et
1198 4599 1500 4651 emundans
1535 4607 1589 4650 nt
1615 4611 1921 4668 argentum,
1955 4609 2090 4652 etut

2195 4591 2587 4662 χωνευτηρίου,
2622 4592 2698 4654 ὡς
2745 4593 2852 4644 πόα
2889 4592 3218 4652 πλυνόντων,
3247 4592 3341 4646 καὶ
3373 4592 3644 4646 καθιεῖται
3677 4613 3807 4663 χω-

508 4704 700 4743 aurmu
725 4690 824 4744 ¹³.›
853 4687 1039 4744 Psallit
1067 4689 1353 4743 ctdiviuus
1382 4687 1548 4741 David
1576 4690 1626 4742 in
1660 4703 1885 4759 persona
1904 4692 2088 4758 cujus-

2197 4684 2389 4747 νεύων,
2421 4685 2512 4738 καὶ
2557 4684 2868 4754 καθαρίζων
2913 4685 2987 4748 ὡς
3037 4684 3099 4736 τὸ
3143 4684 3428 4754 ἀργύριον,
3463 4687 3557 4737 καὶ
3601 4685 3680 4749 ὡς
3739 4689 3812 4739 τ’)

509 4781 589 4834 vis
625 4782 675 4832 in
701 4780 974 4833 Christum
1006 4781 1302 4843 credentis,
1349 4791 1398 4834 et
1447 4779 1737 4849 Evangelio
1771 4783 2091 4836 convenien-

2196 4776 2438 4845 χρυσίον.
2467 4794 2484 4826 ι
2521 4775 2730 4830 Ψάλλει
2755 4775 2812 4827 δέ
2845 4794 2945 4828 που
2977 4776 3072 4829 καὶ
3102 4777 3129 4827 ὁ
3167 4775 3453 4838 θεσπέσιος
3487 4776 3676 4839 Δαϐὶδ,
3720 4780 3813 4842 ὡς

509 4879 592 4923 ter
618 4870 797 4921 vivere
830 4871 1135 4937 cupientis:
1177 4888 1194 4919 ι
1231 4869 1405 4923 Proba
1450 4884 1553 4932 me,
1585 4869 1828 4933 Domine,
1855 4881 1906 4923 et
1941 4883 2087 4926 tenta

2197 4871 2262 4921 ὲκ
2302 4868 2599 4938 προσώπου
2644 4868 2842 4931 παντὸς
2870 4868 2963 4920 τοῦ
2997 4869 3386 4932 πιστεύσαντος
3425 4871 3500 4933 είς
3530 4871 3811 4940 Χριστὸν,

512 4976 615 5022 me,
647 4975 741 5012 ure
776 4974 1098 5014 renesmeos
1141 4971 1193 5014 et
1223 4975 1319 5014 cor
1353 4974 1527 5014 meum
1549 4961 1645 5014 η.»
1673 4962 1932 5016 Cmtermn
1961 4978 2091 5017 con-

2199 4961 2293 5013 καὶ
2343 4960 2442 5030 ζῇν
2485 4959 2761 5022 ἐθέλοντος
2810 4960 3211 5027 εὐαγγελικῶς·
3271 4980 3288 5010 ι
3322 4961 3626 5031 Δοκίμασόν
3675 4979 3815 5031 με,

509 5050 778 5103 llatorium
813 5051 863 5104 in
894 5053 1052 5105 domo
1085 5053 1293 5107 Domini
1318 5069 1436 5108 esse
1466 5053 1719 5123 propheta
1779 5055 1930 5109 dicit.
1985 5057 2088 5110 Ee-

2200 5051 2396 5122 Κύριε,
2425 5053 2518 5104 καὶ
2547 5051 2812 5120 πείρασόν
2850 5067 2941 5120 με,
2970 5052 3223 5122 πύρωσον
3257 5053 3380 5115 τούς
3403 5051 3636 5123 νεφρούς
3686 5071 3815 5122 μου

511 5139 672 5193 clesia
705 5141 846 5193 enim
877 5140 1361 5214 Christicnjnsque
1385 5159 1563 5200 mores
1615 5154 1669 5199 et
1724 5147 2088 5202 sinceritatem

2202 5143 2294 5196 καὶ
2328 5141 2424 5213 τὴν
2454 5143 2683 5210 καρδίαν
2717 5160 2838 5212 μου.
2872 5161 2890 5194 ι
2933 5142 3078 5214 Πλὴν
3116 5143 3198 5196 ὅτι.
3243 5143 3302 5196 τὸ
3335 5146 3711 5216 χωνευτήριον
3747 5150 3820 5204 ὲν

512 5228 814 5283 dilectionis
836 5245 965 5300 erga
1009 5230 1286 5287 Christum
1321 5235 1661 5304 explorat,et
1706 5236 2086 5291 discretionem

2203 5235 2330 5304 οἴκῳ
2378 5235 2604 5305 Κυρίου,
2637 5237 2802 5304 φησιν
2845 5237 2880 5288 ό
2931 5236 3240 5306 προφήτης.
3271 5236 3568 5306 Δοκιμὰζει
3617 5236 3744 5308 γὰρ
3779 5241 3821 5311 ή

512 5321 717 5376 habens
768 5323 1055 5390 spirituum
1096 5326 1161 5388 ¹⁸,
1196 5327 1360 5394 probe
1396 5328 1562 5392 novit,
1616 5328 1738 5396 quis
1777 5329 1835 5382 in
1884 5327 2088 5396 Spiritu

2211 5325 2509 5395 Ἐκκλησία
2537 5327 2774 5398 Χριστοῦ
2808 5328 2900 5381 τὸν
2923 5328 3157 5381 ἑκάστου
3191 5331 3414 5399 τρόπον,
3447 5331 3540 5382 καὶ
3579 5328 3681 5399 τῆς
3722 5335 3824 5395 εἷς

510 5420 703 5465 sancto
736 5411 988 5481 loquatur
1017 5415 1299 5468 Dominum
1329 5415 1513 5471 Jesnm
1548 5418 1857 5483 nominans,
1887 5417 2088 5486 etquis

2205 5419 2432 5489 Χριστὸν
2477 5420 2697 5489 ἀγάπης
2745 5419 2806 5472 τὸ
2851 5420 3097 5490 γνήσιον,
3131 5421 3224 5474 καὶ¹
3253 5421 3554 5490 διακρίσεις
3590 5420 3823 5489 ἔχουσα

512 5500 563 5554 in
609 5500 892 5557 Beelzebul
947 5504 1122 5572 ipsum
1170 5510 1456 5561 anathema
1509 5508 1686 5571 dicat,
1724 5517 1777 5561 et
1842 5507 1932 5576 qui
1979 5507 2090 5560 sint

2205 5511 2548 5579 πνευμάτων,
2585 5508 2724 5563 οἶδεν
2771 5511 3034 5580 ἀκριϐῶς,
3064 5512 3148 5575 τίς
3181 5512 3282 5582 μὲν
3318 5513 3458 5583 ἁγίῳ
3510 5511 3823 5578 Uva-311.11:

519 5765 560 5796 ta
586 5701 827 5796 :.'_..i.‘?.'-"
935 5709 1140 5796 "iam
1247 5707 1822 5796 ξιιρίῗιῗςννλίᾷηέξι
1979 5709 2136 5762 Rom.

2194 5727 2307 5796 χιιι,
2557 5713 2596 5742 ¹¹
2639 5713 2828 5765 Matth.
2884 5729 3032 5777 xxvi,
3099 5715 3189 5770 15.
3273 5717 3314 5746 ¹²
3356 5712 3526 5766 lCor.
3561 5729 3638 5775 ιιι,
3706 5715 3812 5767 13-

584 5771 809 5829 Malach.
855 5793 932 5843 ιιι,
973 5781 1082 5833 1-5.
1165 5781 1204 5809 l"
1247 5780 1386 5832 Psal.
1427 5794 1549 5840 xxv,
1578 5779 1628 5829 ‘2.
1713 5780 1754 5808 ¹¹¹
1791 5781 1805 5831 ι
1843 5779 1966 5833 Cor.
2009 5796 2104 5845 xu,
2151 5783 2236 5833 10.
