4098 6480
592 344 687 398 Ιίί9

1591 340 1646 393 S.
1689 335 1962 392 CYRILLI
1999 329 2468 387 ALEXANDRI'NI
2507 329 2834 384 ARCllli-IP.

3735 335 3825 391 200

588 465 816 526 sanabit,
851 475 896 517 et
920 465 1177 532 integrum
1209 478 1308 514 non
1338 461 1546 529 diriget,
1579 470 1624 512 et
1657 473 1838 510 carnes
1891 459 2166 508 electorum

2287 448 2571 516 τισμένον
2621 451 2694 500 oi"
2725 448 2810 514 μὴ
2847 445 3092 512 {irini-au,
3125 445 3219 496 κιιῖ
3256 444 3321 496 τὸ
3353 449 3826 515 συντετριμμένον

589 555 879 620 derorabit,
913 565 958 608 et
990 555 1120 607 talos
1137 569 1314 606 eorum
1351 559 1619 618 pervertet.

663 817 947 873 LXXXIV.
981 816 1138 878 Boni,
1170 813 1426 882 sapientis
1455 813 1717 879 peritique.
1763 808 2010 876 pastoris,
2067 806 2167 858 hoc

591 923 674 965 est
713 911 936 973 Christi,
965 909 1144 975 virgas
1176 909 1330 969 duas,
1364 921 1498 972 quas
1527 904 1770 972 proiecit,
1817 913 1869 953 el
1900 899 1950 952 iu
1990 897 2170 966 regio-

597 1003 754 1056 nibus
788 1000 1212 1055 Chananmorum
1241 996 1621 1061 (lissipavit,co
1657 993 1815 1045 modo
1865 1006 1973 1057 quo
2006 1002 2166 1055 supra

598 1111 626 1146 ιι
661 1094 814 1146 nobis
843 1091 1169 1158 explicatum
1214 1096 1316 1150 est,
1359 1086 1523 1156 769
1551 1085 1766 1153 quidam
1800 1088 2171 1148 cognoverunt

601 1184 808 1239 Domini
853 1182 1082 1234 Verbum
1148 1196 1285 1234 esse.
1341 1179 1698 1232 Crediderunt
1745 1174 1911 1234 enim,
1950 1180 2006 1224 ut
2036 1169 2168 1233 dixi,

597 1274 739 1341 quod
797 1288 916 1325 cum
947 1271 1086 1324 Deus
1148 1281 1312 1332 esset,
1340 1283 1406 1321 ex
1455 1268 1561 1320 Deo
1607 1264 1765 1317 ['atrc
1821 1258 2168 1313 inenarrabili

597 1366 805 1418 ratiOue
860 1364 1100 1432 genitum
1169 1359 1422 1420 Verbum,
1479 1365 1758 1423 postquam
1801 1352 1967 1406 nostri
1999 1348 2173 1402 simile

598 1466 780 1507 natum
841 1464 945 1513 est,
1004 1462 1058 1506 et
1110 1453 1358 1519 princeps
1416 1457 1689 1516 pastorum
1736 1443 2057 1512 appellatum
2104 1442 2171 1505 “,

596 1547 730 1614 ipsis
766 1547 830 1597 ad
861 1544 1246 1614 mystagogiam
1271 1551 1324 1595 et
1345 1543 1408 1592 ad
1440 1540 1683 1591 notitiam
1723 1545 2028 1588 accuratam
2060 1547 2175 1602 my--

603 1637 753 1690 sterii
789 1637 894 1698 sui,
929 1635 1294 1701 evangelicum
1323 1631 1720 1686 institutionem
1755 1637 1805 1680 et
1833 1625 2176 1678 illuminatio-

603 1744 749 1790 nem,
791 1727 1122 1795 legalemque
1173 1725 1339 1778 etiam
1408 1721 1752 1789 disciplinam
1811 1717 2172 1786 proposuerit.

2269 541 2340 591 οὺ
2367 539 2452 606 μὴ
2479 537 2743 602 ἰάσηται,
2778 537 2873 588 καὶ
2902 537 2966 587 τὸ
2993 535 3334 601 ὀλόκληρον
3366 535 3436 588 οὐ
3461 535 3545 603 μὴ
3569 542 3826 594 κατευθὺ.

2269 646 2369 694 rp,
2403 627 2502 680 καὶ
2544 626 2612 680 τὰ
2651 626 2797 692 κρέα
2824 625 2942 678 τῶν
2973 623 3276 678 ἐκλεκτῶν
3305 625 3712 694 καταφάγεται,
3739 632 3825 683 καὶ

2270 722 2411 785 τοὺς
2440 719 2862 785 ἀστραγάλους
2901 715 3099 769 αὐτῶν
3128 715 3472 782 ἑκστρέιὲει.

2343 815 2464 864 1ἸΔ’.
2514 810 2617 863 Τοῦ
2659 809 2867 878 ἀγαθοῦ
2908 807 3185 878 ποιμένος,
3217 807 3380 874 σοφοῦ
3412 825 3470 858 τε
3506 807 3598 859 καὶ
3628 809 3829 880 ἐπιστή-

2276 919 2454 972 μονος,
2485 903 2732 954 τουτέστι
2777 897 3034 968 Χριστοῦ,
3066 897 3164 959 τὰς
3216 897 3308 948 δύο
3363 896 3585 964 ῥάϐδους
3619 899 3826 970 ἀποῤῥί-

2271 995 2469 1066 ψαντός
2504 1012 2560 1047 τε
2591 995 2687 1047 καὶ
2713 992 3166 1052 διασκεδάσαντος
3191 991 3248 1040 ἐν
3271 993 3391 1050 ταῖς
3406 988 3512 1039 τῶν
3539 989 3828 1043 Χαναναίων

2272 1089 2499 1160 χώραις,
2532 1089 2673 1140 κατά
2721 1086 2846 1148 τοὺς
2879 1084 2982 1154 ἤδη
3033 1080 3567 1152 προαποδεδομένους
3596 1083 3826 1150 τρόπους,

2273 1184 2322 1234 οἱ
2365 1182 2463 1252 μὲν
2500 1178 2803 1247 ἐγνώκασιν
2828 1178 2909 1229 ὅτι
2937 1175 3107 1242 Λόγος
3142 1173 3346 1242 Κυρίου
3385 1173 3521 1224 ἐστί.
3557 1172 3830 1224 Πεπιστεύ-

2275 1290 2404 1327 κασι
2431 1273 2558 1342 γὰρ,
2594 1271 2667 1333 ὡς
2714 1270 2869 1337 ἔφην,
2900 1269 2980 1320 ὅτι
3010 1267 3141 1328 Θεὸς
3186 1265 3261 1317 ὢν
3311 1267 3338 1316 ὁ
3377 1264 3440 1316 ἐκ
3477 1263 3608 1316 Θεοῦ
3643 1266 3831 1332 [ἰατρὸς

2275 1363 2602 1434 ἀπορῤήτως
2633 1357 3029 1427 γεγεννημένος
3066 1355 3258 1422 Λόγος,
3297 1352 3482 1424 ἐπειδὴ
3511 1353 3691 1419 γέγονε
3717 1353 3830 1404 καθ’

2277 1454 2444 1522 ἡμᾶς,
2485 1447 2859 1520 κεχρημάτικέ
2897 1463 2955 1498 τε
2989 1444 3098 1498 τῶν
3129 1443 3265 1496 ὅλων
3299 1441 3651 1512 ἀρχιποίμην,
3685 1439 3830 1508 πρού-

2277 1545 2443 1614 θηκεν
2472 1543 2652 1602 αὐτοῖς
2678 1542 2756 1602 εἰς
2787 1537 3176 1608 μυσταγωγίαν
3205 1533 3299 1588 καὶ
3322 1535 3401 1594 είς
3434 1533 3616 1602 εἴδησιε
3651 1533 3829 1600 ἀκριϐῆ

2276 1634 2368 1688 τοῦ
2401 1633 2525 1687 καθ’
2557 1631 2746 1684 ἑαυτὸν
2789 1625 3090 1698 μυστηρίου
3126 1627 3226 1695 τήν
3254 1641 3314 1675 τε
3349 1622 3698 1692 εὐαγγελικην
3720 1622 3829 1674 παί-

2277 1728 2458 1780 δευσιν
2503 1725 2598 1777 καὶ
2645 1719 3047 1792 φωταγωγίαν,
3104 1717 3198 1769 καὶ
3247 1716 3429 1784 μέντοι
3474 1714 3569 1782 τὴν
3606 1714 3826 1782 νομικὴν.

603 1821 708 1873 llas
742 1821 882 1873 enim
918 1820 1052 1871 duas
1087 1833 1209 1871 esse
1241 1819 1419 1884 virgas
1441 1814 1773 1874 dicebamus,
1836 1811 2031 1877 quibus
2081 1823 2177 1861 nos

2287 1818 2498 1879 Ταύτας
2531 1814 2638 1884 γάρ
2686 1809 2825 1864 εἶναι
2857 1809 2954 1871 τὰς
2984 1808 3077 1860 δύο
3113 1805 3338 1877 ῥάϐδους
3381 1802 3654 1870 ἐλέγομεν,
3683 1801 3742 1852 δι’
3769 1793 3830 1852 ὧν

600 1912 772 1980 pascit
797 1909 1048 1962 Christus
1085 1926 1102 1958 ι
1140 1907 1191 1959 in
1224 1904 1441 1975 pascuis
1500 1903 1672 1962 bonis,
1727 1909 1774 1952 et
1812 1900 1862 1950 in
1893 1900 2011 1952 loco
2053 1897 2176 1964 pin-

597 2005 707 2073 gui,
751 2021 768 2052 ι
803 2011 859 2054 ιιι
890 2001 1154 2067 scriptum
1174 2008 1347 2052 exstat
1373 1997 1436 2048 ³³.
1492 1993 1692 2048 Verum
1749 1991 1917 2044 Judaai
1959 2006 2065 2043 non
2097 1991 2178 2042 in-

601 2090 908 2159 telligentes
973 2087 1312 2156 mysterium,
1352 2094 1408 2138 et
1460 2086 1769 2153 ignorantes
1805 2082 2010 2150 virgam
2057 2080 2179 2150 pul-

596 2185 806 2244 ehraut,
835 2180 938 2233 hoc
961 2187 1048 2232 est
1100 2177 1534 2245 praedicationem
1565 2174 1950 2241 evangelicam,
1988 2180 2042 2225 et
2094 2172 2176 2224 in-

597 2285 760 2338 super
792 2268 1017 2320 alteram
1056 2267 1281 2334 virgam,
1314 2266 1398 2320 cui
1466 2280 1662 2319 nomen
1726 2263 2038 2328 Fuuiculus,
2088 2263 2179 2316 de-

598 2359 808 2424 specturi
843 2358 1130 2418 habentes,
1161 2356 1332 2424 legem
1366 2370 1458 2424 per
1488 2353 1671 2408 Mosen
1719 2355 1899 2406 datam
1947 2353 2178 2416 scilicet,

601 2452 762 2503 Iidem
798 2449 1168 2518 repudiarunt,
1193 2458 1247 2500 et
1276 2462 1370 2516 per
1399 2446 1569 2515 legem
1606 2460 1668 2498 ac
1722 2445 2012 2512 pr0pbetas
2043 2458 2176 2512 prte-

603 2541 911 2594 nuntiatum
945 2539 1278 2599 nescierunt,
1323 2537 1372 2590 id
1403 2537 1543 2605 quod
1593 2536 1671 2589 eis
1721 2543 1903 2604 aperte
1933 2533 2180 2588 Salvator

605 2635 718 2700 ipse
741 2631 1089 2700 exprobravit
1114 2647 1128 2685 :
1161 2651 1179 2682 ι
1212 2631 1286 2684 Ne
1309 2630 1506 2697 putetis
1531 2630 1666 2698 quod
1705 2645 1802 2698 ego
1831 2636 2181 2682 accusaturus

603 2729 704 2781 sim
741 2739 838 2778 vos
872 2725 1011 2794 apud
1041 2724 1281 2778 Patrem.
1316 2723 1512 2792 Estqui
1543 2731 1762 2776 accusat
1787 2738 1883 2775 vos
1912 2721 2104 2785 Moses,
2127 2722 2180 2774 in

554 2871 556 2874 .
603 2835 763 2887 quem
799 2833 894 2872 vos
928 2815 1181 2886 speratis.
1220 2813 1276 2868 Si
1302 2814 1444 2868 enim
1480 2813 1776 2867 crederetis
1808 2812 1961 2872 Mosi.
1989 2812 2180 2866 crede-

605 2912 736 2965 retis
774 2909 995 2963 l’ortisan
1017 2917 1072 2962 et
1105 2907 1236 2961 mihi
1269 2924 1281 2960 :
1311 2906 1376 2960 de
1413 2920 1496 2959 me
1519 2906 1660 2958 enim
1699 2905 1787 2958 ille
1830 2905 2066 2972 scripsit.
2123 2903 2179 2958 Si

603 3014 786 3057 autem
821 3000 1186 3054 illiuslitteris
1217 3014 1322 3051 non
1381 2997 1627 3061 creditis,
1686 2997 1956 3064 quomodo
2007 2995 2183 3048 verbis

605 3095 743 3150 meis
769 3090 1103 3146 credetis“?
1137 3109 1154 3140 ι
1183 3089 1386 3142 Nullam
1405 3089 1568 3158 igitur
1595 3086 2179 3150 dubitationemhabet,

2284 1912 2431 1982 ἡμᾶς
2465 1904 2886 1974 καταποιμαίνει
2934 1899 3166 1968 Χριστὸς
3219 1917 3237 1947 ι
3274 1897 3330 1947 ἐν
3369 1897 3508 1964 νομῇ
3541 1892 3730 1961 ἀγαθῇ,
3755 1892 3833 1942 καὶ

2283 2009 2341 2060 ἐν
2374 2005 2525 2073 τόπῳ
2553 2002 2716 2063 πίονι,
2755 2017 2771 2049 ι
2817 1994 2961 2050 καθᾶ
2993 1993 3320 2062 γέγραπται.
3341 1987 3478 2039 Ἀλλ’
3511 1987 3569 2038 ού
3615 1984 3832 2045 συνέντες

2298 2097 2541 2151 Ἰουδαῖοι
2567 2093 2627 2146 τὸ
2659 2093 2976 2162 μυστήριον,
2997 2082 3322 2152 ἠγνοηκότες
3350 2078 3404 2132 δὲ
3433 2079 3526 2131 καὶ
3553 2076 3646 2145 τὴν
3669 2074 3835 2144 ῥάϐδον

2284 2185 2382 2254 τὴν
2439 2181 2628 2250 καλὴν,
2668 2177 2932 2236 τουτέστι,
2967 2172 3027 2224 τὸ
3081 2172 3343 2240 κήρυγμα
3387 2166 3451 2219 τὸ
3493 2163 3832 2232 εύαγγελικδν,

2287 2278 2383 2328 καὶ
2411 2273 2631 2344 προσέτι
2662 2270 2867 2328 τούτοις
2894 2266 2991 2335 τὴν
3022 2264 3212 2333 ἑτέραν
3245 2258 3612 2326 ἀτιμάσαντες
3645 2254 3833 2325 ῥάϐδον,

2288 2363 2321 2442 ᾖ
2353 2368 2523 2435 ὄνομα
2559 2357 3135 2432 Σχοίνισμα,τουτέστι
3173 2354 3263 2406 τὸν
3297 2352 3385 2404 διὰ
3413 2349 3652 2410 Μωσέως
3676 2347 3834 2414 νόμον.

2285 2458 2348 2510 ού
2381 2454 2728 2524 προσήκειντο
2764 2451 2861 2518 μὲν
2895 2447 2988 2517 τὴν
3014 2446 3218 2505 πίστιν,
3253 2441 3558 2511 ἠγνοήκασι
3584 2437 3636 2489 δὲ
3664 2434 3837 2488 τὸνδιὰ

2288 2549 2454 2616 νόμου
2482 2539 2574 2596 καὶ
2613 2540 2906 2612 προφητῶν
2935 2534 3439 2608 προηγορευμένον,
3471 2531 3562 2582 καὶ
3589 2527 3734 2580 τοῦτο
3760 2525 3839 2578 αύ-

2288 2642 2399 2701 τοίς
2433 2637 2669 2705 ἔφασκεν
2697 2631 2941 2701 ἐναργῶς
2973 2627 3132 2690 αὐτὸς
3160 2627 3187 2677 ὁ
3216 2625 3406 2692 Σωτήρ
3426 2640 3442 2652 ο
3490 2639 3508 2671 ι
3528 2617 3616 2688 Μὴ
3642 2617 3836 2676 δοκεῖτε,

2289 2731 2370 2783 ὅτι
2409 2728 2517 2795 ἐγὼ
2553 2724 2911 2795 κατηγορήσω
2964 2719 3115 2789 ὑμῶν
3151 2715 3284 2785 πρὸς
3315 2714 3403 2768 τὸν
3441 2708 3841 2777 Πατέρα.Ἐστιν

2287 2825 2317 2876 ὁ
2342 2818 2660 2890 κατηγορῶν
2691 2816 2844 2879 ὑμῶν
2873 2813 3096 2880 Μωσῆς,
3117 2811 3195 2870 εἰς
3222 2807 3280 2860 ὃν
3312 2806 3477 2874 ὑμεῖς
3505 2796 3842 2872 ὴλπίκατεοΕί

2290 2911 2398 2980 γὰρ
2425 2885 2737 2960 ἐπιστεύετε
2768 2904 2972 2960 Μωσεῐ,
2999 2896 3310 2950 ἐπιστεύετε
3337 2893 3402 2946 ἂν
3443 2892 3582 2961 ἐμοί·
3618 2888 3734 2958 περὶ
3757 2885 3843 2954 γάρ

2291 2979 2425 3070 ἐμοῦ
2454 2999 2655 3058 ἐκεῖνος
2690 2991 2950 3061 ἔγραψεν.
2985 2987 3044 3040 Εἰ
3077 2986 3133 3038 δὲ
3159 2987 3268 3047 τοῖς
3311 2983 3527 3035 ἐκείνου
3558 2979 3844 3049 γράμμασιν

2289 3093 2350 3147 ού
2387 3089 2692 3149 πιστεύετε,
2722 3084 2835 3145 πῶς
2874 3085 2981 3142 τοῖς
3007 3079 3164 3150 ἐμοῖς
3215 3079 3424 3147 ῥήμασι
3456 3070 3794 3128 materiave;
3822 3085 3836 3116 ι

605 3203 702 3242 eos
731 3199 906 3251 neque
931 3183 1124 3236 litteris
1159 3181 1427 3243 Mosaicis,
1458 3193 1632 3247 neque
1656 3180 1837 3232 verbis
1884 3177 2181 3231 Salvatoris

2291 3187 2446 3238 Ἐστι
2471 3181 2647 3234 τοίνυν
2674 3173 2973 3245 ούδαμόθεν
3001 3169 3324 3241 ἀμφίλογον,
3355 3167 3436 3230 ὡς
3463 3164 3582 3218 οὔτε
3609 3162 3712 3222 τοῖς
3729 3159 3840 3212 Μω-

607 3281 767 3334 tidem
790 3274 1120 3332 adhibuisse.
1154 3274 1288 3339 Quia
1322 3287 1448 3328 vero
1523 3272 1886 3340 cognitionem
1939 3270 2186 3324 veritatis

618 3368 894 3439 aspernati
928 3377 1074 3426 sunt,
1105 3368 1364 3433 scriptum
1389 3375 1472 3420 est
1499 3380 1526 3415 a
1551 3362 1716 3416 Paulo
1742 3361 2142 3428 sapientissimo
2167 3376 2181 3412 :

613 3475 632 3508 ι
665 3457 791 3509 Ida-0
815 3456 990 3506 mittet
1037 3453 1140 3506 illis
1171 3452 1313 3507 Deus
1334 3453 1702 3519 operationem
1735 3449 1960 3513 erroris,
1986 3460 2042 3500 ut
2068 3463 2190 3504 cre-

609 3549 739 3601 dant
763 3547 1040 3600 tuendacio
1069 3546 1134 3603 ¹⁸,
1170 3563 1186 3595 ι
1218 3543 1597 3611 Operationcm
1655 3542 1856 3596 erroris
1910 3541 2188 3594 Antichri-

609 3651 750 3693 stum
780 3651 902 3691 esse
926 3637 1073 3697 dicit,
1119 3635 1202 3688 cui
1229 3635 1428 3688 addicti
1479 3632 1647 3688 Judaei
1693 3633 2188 3695 damnalmntur,ct

623 3748 784 3785 verax
825 3731 1124 3798 reperietur
1146 3727 1396 3781 Salvator
1419 3724 1714 3780 incredulis
1739 3724 1928 3776 dicens
1955 3739 1970 3776 :
2009 3741 2028 3774 ι
2078 3723 2188 3792 Ego

612 3825 736 3877 veni
763 3824 813 3875 in
861 3822 1082 3876 nomine
1106 3819 1284 3873 Patris
1309 3819 1432 3880 mei,
1463 3829 1517 3870 et
1541 3831 1644 3868 non
1698 3816 1942 3884 accipitis
1963 3829 2046 3868 me
2075 3831 2086 3865 :
2142 3815 2186 3869 si

612 3914 749 3967 alius
773 3912 976 3965 venerit
1009 3911 1064 3963 in
1093 3911 1309 3962 nomine
1330 3921 1449 3968 suo,
1475 3905 1620 3959 illum
1639 3904 1917 3972 accipietis
1943 3906 2009 3957 ".
2038 3923 2055 3956 ι
2090 3903 2188 3957 Ju-

613 4006 756 4058 dwos
789 4004 952 4071 igitur
975 4001 1145 4054 lilium
1188 3997 1496 4065 iniquitatis
1529 3995 1654 4050 olim
1703 4011 1823 4048 cum
1877 3995 2191 4063 apparuerit

578 4096 745 4154 icitra
776 4093 1173 4152 cunctationem
1197 4100 1566 4157 suscepturos,
1628 4105 1647 4138 ι
1708 4087 2086 4142 adversantem
2120 4087 2190 4153 {et

609 4187 958 4241 extollentem
984 4198 1042 4238 se
1062 4197 1220 4251 supra
1247 4196 1408 4235 omne
1457 4180 1598 4248 quod
1638 4179 1836 4233 dicitur
1893 4177 2053 4241 Deus,
2099 4187 2190 4231 aut

611 4282 753 4346 quod
771 4261 987 4338 colitur,
1015 4275 1086 4326 ita
1123 4283 1180 4326 ut
1218 4274 1269 4324 in
1302 4271 1497 4338 templo
1534 4271 1622 4324 Dei
1651 4272 1856 4333 sedeat,
1899 4271 2191 4324 ostendens

613 4387 672 4426 se
702 4379 959 4438 tanquam
993 4367 1064 4421 sit
1085 4366 1216 4419 deus
1245 4365 1312 4429 ’⁷,
1358 4383 1375 4416 ι
1410 4364 1736 4420 nescientem
1770 4364 1905 4416 bene
1941 4370 1992 4415 et
2035 4362 2191 4416 docte

2291 3276 2428 3335 σέως
2481 3265 2877 3323 πεπιστεύκασι
2915 3263 3260 3333 γράμμασιν,
3288 3255 3415 3308 οὗτε
3469 3254 3572 3324 μὴν
3619 3253 3724 3311 τοῖς
3763 3263 3841 3297 τον

2290 3364 2537 3432 Σωτῆρος
2571 3361 2831 3432 ῥήμασιν.
2851 3332 3068 3420 Ἐπειδὴ
3098 3349 3152 3401 δὲ
3187 3347 3282 3416 τῆς
3313 3343 3574 3415 ἀληθείας
3611 3339 3703 3408 τὴν
3731 3332 3843 3402 γνῶ-

2291 3476 2375 3511 σιν
2417 3457 2478 3509 οῦ
2516 3450 2896 3523 παρεδέξαντο,
2937 3466 2955 3498 ι
2986 3444 3277 3513 Ταύτῃτοι,
3304 3439 3473 3509 φησὶν
3511 3438 3538 3490 ὁ
3569 3432 3844 3515 σοιιςῴτατος

2290 3550 2522 3613 Παῦλος,
2558 3545 2767 3616 πέμψει
2798 3544 2982 3603 αὐτοῖς
3006 3541 3035 3592 ὁ
3067 3536 3199 3597 Θεὸς
3228 3533 3514 3601 ἐνέργειαν
3550 3529 3760 3595 πλάνης,
3779 3524 3844 3582 εἰς

2289 3643 2349 3696 τὸ
2376 3637 2662 3694 πιστεῦσαι
2693 3635 2890 3696 αὐτοὺς
2918 3632 2997 3700 τῷ
3023 3627 3226 3698 ψεύδει.
3261 3644 3280 3676 ι
3321 3623 3634 3693 Ἐνέργειαν
3681 3617 3730 3668 δὲ
3765 3613 3846 3678 τῆς

2292 3735 2500 3803 πλάνης
2530 3731 2619 3784 τὸν
2648 3726 3017 3796 Ἀντίχριστον
3046 3715 3183 3772 εἷναί
3212 3733 3397 3786 φησιν,
3423 3708 3467 3781 ᾧ
3489 3700 3843 3782 προσ-τεθέντες

2305 3825 2548 3879 Ἰουδαῖοι
2599 3816 3136 3887 κατακριθήσονται,
3177 3809 3274 3862 καὶ
3321 3804 3651 3859 πιστώσεται
3697 3797 3843 3862 λέγων

2292 3919 2472 3979 αὐτοῖς
2501 3915 2529 3967 ὁ
2560 3911 2771 3980 Σωτὴρ,
2789 3886 3035 3961 ἀπειθεῖν
3059 3902 3353 3975 ᾑρημένοις
3375 3917 3387 3930 ·
3426 3918 3444 3949 ι
3471 3895 3610 3962 Ἐγὼ
3637 3886 3844 3960 ἐλήλυθα

2293 4014 2349 4064 ἐν
2373 4009 2450 4079 τῷ
2479 4007 2704 4077 ὀνόματι
2732 4001 2826 4055 τοῦ
2862 3997 3072 4068 Πατρός
3105 4013 3229 4066 μου,
3256 3993 3349 4045 καὶ
3369 3993 3432 4044 οὐ
3454 3981 3748 4059 λαμϐάνετέ

2292 4103 2386 4156 ἐὰν
2416 4071 2586 4161 ἀλλος.
2621 4096 2750 4168 ἔλθῃ
2777 4096 2834 4146 ὲν
2865 4091 2941 4161 τῷ
2967 4089 3193 4156 ὀνόματι
3243 4084 3319 4153 τῷ
3372 4083 3514 4151 ἰδίῳ,
3545 4079 3740 4133 ἐκεῖνον
3769 4071 3848 4168 λη-

2291 4193 2480 4263 ψεσθε.
2514 4191 2664 4241 »Ὅτι
2695 4186 2874 4238 τοίνυν
2913 4180 3154 4236 Ἰουδαῖοι
3190 4175 3445 4247 μέλλουσι
3482 4169 3617 4225 κατὰ
3651 4159 3848 4231 καιροὺς

2297 4248 2574 4353 πεφηνότα
2626 4279 2716 4331 τὸν
2772 4276 2868 4344 τῆς
2919 4271 3145 4342 ἀνομίας
3179 4268 3293 4321 υἱὸν
3327 4261 3593 4334 ἀμελλητὶ
3645 4248 3852 4353 παροιδές

2293 4375 2509 4446 χεσθαι,
2549 4388 2568 4419 ί
2606 4367 2696 4420 τὸν
2729 4363 3108 4430 ἀντικείμενον
3154 4359 3248 4410 καὶ
3308 4349 3731 4425 ὑπεραιρόμενος)
3775 4338 3852 4391 ἐπὶ

613 4476 860 4530 pascere,
895 4459 1069 4526 ﬁgura
1118 4458 1349 4524 quadam
1387 4471 1414 4508 a
1471 4456 1732 4524 propheta
1783 4451 2181 4520 prasinonstrari

2295 4429 2474 4515 πάντα
2511 4457 2799 4525 λεγόμενον
2847 4453 2998 4514 Θεὸν,
3030 4451 3063 4518 ἦ
3111 4448 3383 4514 σέϐασμα,
3411 4443 3554 4496 ὥστε
3604 4435 3755 4490 αὑτὸν
3786 4429 3852 4488 εἰς

2491 4545 2495 4546 ⁷
2651 4544 2672 4546 “
2725 4543 2742 4546 ⁸
2820 4541 2840 4546 ⁸
2954 4539 2966 4546 ¹
2993 4539 3002 4546 ·
3164 4537 3173 4546 ¹
3266 4533 3287 4546 λ
3427 4531 3437 4544 ν
3577 4529 3645 4546 ιην
3672 4523 3753 4546 -λη
3786 4518 3849 4546 ἒ-.

615 4553 760 4606 Deus
787 4552 959 4617 jubet,
998 4551 1082 4602 bis
1111 4548 1290 4602 verbis
1317 4565 1329 4601 :
1362 4565 1380 4597 ι
1421 4546 1611 4600 Adhuc
1636 4558 1787 4598 sume
1820 4544 1910 4595 tibi
1950 4557 2074 4595 vasa
2105 4557 2192 4608 pa-

614 4644 835 4698 storalia
869 4641 1099 4711 pastoris
1127 4639 1378 4708 imperiti.
1422 4658 1438 4688 »
1467 4638 1719 4691 Pastores
1744 4633 1885 4686 enim
1919 4633 2188 4698 meliores,

615 4747 669 4792 et
703 4737 1004 4790 studiorum
1057 4749 1174 4801 quae
1225 4741 1456 4786 tractant
1517 4726 1738 4779 minime
1789 4725 1964 4788 rudes,
2014 4725 2189 4795 virgas

619 4829 819 4882 habent
853 4825 1100 4894 graciles,
1161 4835 1214 4878 ut
1275 4839 1394 4876 cum
1450 4819 1610 4871 fuerit
1671 4815 1834 4869 etiam
1858 4816 2185 4884 percutieudi

620 4929 848 4987 tempus,
869 4918 1007 4987 quod
1049 4916 1347 4985 percutitur
1383 4926 1486 4963 non
1515 4917 1842 4962 conteratur.
1889 4904 2058 4976 Hujus
2111 4907 2185 4959 rei

619 5011 921 5077 imperitus,
946 5018 998 5062 et
1030 5008 1162 5060 artis
1194 5001 1488 5072 pastoritize
1521 4999 2008 5068 iguorantissimus,
2043 5014 2190 5054 cras-

618 5103 850 5155 si0ribus
888 5101 1096 5153 baculis
1127 5095 1358 5163 pecudes
1392 5092 1687 5145 contundit.
1716 5091 1777 5144 Et
1805 5091 1938 5155 haec,
1971 5092 2182 5158 opinor,

619 5193 782 5263 770
805 5203 928 5245 sunt
957 5207 1084 5242 vasa
1117 5186 1406 5255 pastoralia
1467 5185 1696 5253 imperiti
1732 5183 1984 5251 pastoris.
2037 5183 2185 5248 Quo-

620 5291 762 5340 niam
807 5301 934 5337 vero
975 5279 1260 5346 aliqumqu
1296 5278 1433 5330 ﬁlius
1468 5278 1765 5345 iniquitatis
1799 5277 1944 5346 regio
1994 5275 2186 5343 praedi-

621 5390 704 5434 tus
739 5380 944 5432 honore
976 5373 1295 5427 mortalibus
1329 5368 1557 5438 pastoris
1590 5369 1704 5421 loco
1735 5369 2013 5421 habendus
2048 5378 2185 5427 erat,

621 5485 718 5525 nec
749 5483 1032 5539 pnpsttrttttt
1071 5462 1360 5531 quidquam
1380 5461 1584 5527 populis
1609 5470 1712 5512 tam
1744 5459 2186 5527 subjectis,quam

687 5671 736 5702 ⁸³
775 5671 797 5724 ἱ
835 5665 972 5716 i’etr.
1019 5679 1066 5725 v,
1102 5665 1146 5717 ί.
1227 5667 1270 5695 ’³
1305 5663 1497 5718 iiut-li.
1535 5678 1717 5726 \\Xt\',
1768 5663 1843 5714 H.
1926 5661 1968 5689 ²’·
1999 5660 2156 5712 Joan.

2287 5657 2457 5709 lii-.57.
2542 5657 2584 5697 ’.θ’
2621 5654 2658 5705 ll
2696 5652 2882 5704 Thess.
2923 5665 2982 5713 II,
3017 5649 3097 5701 l0.

617 5741 814 5795 Thess.
856 5751 910 5794 lt,
948 5735 995 5787 ί.

2296 4548 2389 4600 τὸν
2418 4545 2543 4599 ναὸν
2583 4544 2676 4596 τοῦ
2712 4541 2844 4594 Θεοῦ
2878 4539 3119 4598 καθίσαι,
3152 4531 3543 4587 ἀποδεικνύντα
3573 4523 3753 4580 ἑαυτὸν
3785 4518 3853 4568 ὅτι

2297 4639 2415 4692 ἐστὶ
2439 4636 2592 4698 Θεὸς,
2620 4635 2710 4686 τον
2738 4633 2837 4686 οὐκ
2874 4630 3048 4683 εἰδότα
3080 4627 3259 4688 καλῶς
3291 4624 3601 4693 ποιμαίνειν
3628 4617 3720 4670 καὶ
3753 4615 3854 4664 ἐπι·

2299 4732 2616 4802 στημὸνως.
2664 4719 3175 4796 προανατυποῦσθαι
3235 4715 3445 4770 κελεύει
3495 4711 3573 4782 τῷ
3627 4705 3855 4776 προφήτῃ

2296 4824 2448 4885 Θεὸς,
2473 4820 2614 4873 οῦτω
2650 4819 2846 4884 λέγων’
2891 4815 3042 4865 ι”Ετι
3074 4809 3204 4862 λαϐὲ
3239 4806 3450 4875 σεαυτῷ
3485 4803 3650 4871 σκεύη
3682 4809 3854 4865 ποιμε-

2293 4917 2416 4968 νικὰ
2461 4910 2716 4978 ποιμένος
2765 4906 3013 4976 ἀπείρου.
3051 4924 3068 4953 ι
3105 4904 3166 4954 Οἱ
3203 4901 3300 4970 μὲν
3331 4898 3438 4968 γὰρ
3472 4897 3579 4950 τῶν
3611 4890 3855 4959 ποιμένων

2295 5006 2710 5071 ἐπιεικέστεροι,
2749 4999 2844 5052 καὶ
2882 4997 2990 5050 τῶν
3017 4998 3074 5050 ἐν
3114 4993 3271 5064 χερσὶ
3307 4988 3732 5057 σπουδασμάτων
3757 4980 3856 5030 ἐπι-

2294 5093 2581 5161 στήμονες,
2615 5085 2798 5155 ἰσχνὰς
2826 5085 3009 5154 ἔχουσι
3035 5082 3133 5143 τὰς
3164 5079 3412 5151 ῥάϐδους,
3452 5079 3542 5130 ἵνα
3579 5076 3626 5126 εί
3668 5072 3856 5139 γένοιτο

2293 5183 2387 5236 καὶ
2438 5180 2619 5233 παίειν
2667 5176 2876 5246 καιρὸς,
2910 5173 2983 5244 μὴ
3019 5169 3385 5241 συνθραύηται
3425 5167 3485 5218 τὸ
3521 5162 3852 5231 τυπτόμενον·

2294 5276 2356 5326 Εἰ
2407 5273 2462 5325 δὲ
2512 5271 2575 5340 δή
2629 5287 2709 5332 τις
2759 5266 2842 5335 εἴη
2890 5266 2996 5317 τῶν
3036 5264 3136 5315 οῦκ
3185 5261 3401 5313 εἰδότων
3435 5258 3497 5309 τὸ
3531 5256 3732 5326 χρῆμα,
3776 5245 3857 5298 καὶ

2298 5365 2618 5434 ποιμενικῆς
2665 5360 2975 5430 ἐπιστήμης
3014 5357 3087 5418 ὡς
3104 5354 3377 5408 ἀπωτάτω
3413 5351 3683 5417 κείμενος.
3720 5341 3856 5410 ἁδρο-

2297 5459 2474 5527 τέροις
2523 5454 2658 5507 αὐτὰ
2697 5451 2971 5520 συντρίϐει
3012 5449 3285 5518 ῥοπάλοις.
3320 5443 3426 5496 Καὶ
3478 5440 3647 5491 ταῦτα
3699 5431 3851 5502 οἶμαι.

3720 5631 3758 5658 ιτ

3200 5647 3244 5678 ³⁵
3275 5644 3427 5698 Joan.
3469 5656 3518 5701 v,
3564 5638 3648 5690 45.
