4098 6476
216 416 314 469 201

1042 411 1597 472 COMMENTARIUS
1637 412 1705 469 IN
1744 410 2150 470 ZACHARIAM
2191 393 2636 468 PROPIIETAM.

3383 412 3492 467 209.

216 528 334 582 εστι
360 527 431 581 τὰ
466 526 638 598 σκεύη
681 526 749 582 τὰ
791 528 1084 600 ποιμενικά
1117 529 1211 583 τοῦ
1253 531 1488 602 ἀπείρου
1538 531 1815 602 ποιμένος.

1924 545 2027 586 non
2061 517 2344 598 subjectis,
2380 529 2584 584 idcirco
2612 526 2722 580 ait:
2763 543 2782 577 ι
2822 523 2961 582 Ecce
2994 539 3095 596 ego
3125 528 3374 586 excitabo
3408 547 3500 602 pa-

230 617 452 691 Ἐπειδὴ
481 619 538 672 δὲ
563 619 706 673 κατά
738 621 964 691 καιροὺς
991 619 1215 691 ἔμελλεν
1240 621 1270 673 6
1295 622 1394 692 τῆς
1435 622 1667 693 ἀνομίας
1696 623 1812 686 υίὸς

215 712 314 782 τὴν
370 710 620 782 βασιλίδα
672 714 840 784 τιμὴν
880 713 1284 786 περικείμενος,
1315 715 1494 768 δοκεῖν
1551 716 1610 768 ὲν
1658 713 1812 778 τάξει

215 805 481 874 ποιμένος
524 803 1012 876 ἀναδειχθήσεσθαι
1039 808 1152 869 τοῖς
1182 806 1276 859 ἐπὶ
1306 806 1406 878 τῆς
1436 807 1562 877 γῆς,
1598 807 1813 876 φειδοῦς

215 915 280 967 γε
313 897 424 968 μὴν
454 896 714 966 οὐδεμιᾶς
745 895 932 963 ἀξιοῦν
964 897 1090 960 τοὺς
1121 897 1228 950 ὑπὸ
1259 900 1416 969 χεῖρα
1443 897 1682 968 λαοὺς,ἢ
1718 897 1814 950 καὶ

214 990 343 1052 τοὺς
369 989 478 1055 ἔξω
506 987 709 1060 χειρὸς,
735 988 909 1061 ταύτῃ
930 1005 1015 1041 τοι
1050 989 1245 1059 φησίν⁸
1285 1007 1303 1039 ι
1329 988 1460 1042 Ἰδοὺ
1495 987 1607 1057 ἐγὼ
1638 988 1814 1058 ἐγερῶ

215 1075 457 1145 ποιμένα
489 1076 584 1128 ἐπὶ
609 1076 709 1145 τὴν
735 1076 854 1146 γῆν.
865 1076 940 1128 Τὸ
966 1075 1304 1146 ὲκλιμπάνον
1324 1077 1393 1130 οὑ
1418 1077 1494 1148 μὴ
1509 1076 1812 1148 ὲπισκέψηο

213 1182 325 1218 ται.
358 1167 622 1236 »Ὅμοιον
650 1165 728 1230 ὡς
761 1167 810 1219 εί
839 1166 1012 1236 λέγοι·
1028 1167 1102 1220 Τὸ
1127 1167 1425 1238 ὀλισθῆσαν
1456 1169 1536 1231 είς
1568 1167 1814 1236 ὀλιγοπι-

215 1256 397 1320 στίαν,
439 1256 541 1308 οὐκ
582 1255 649 1308 ἂν
699 1257 1027 1329 ἐπιρρώσειε
1067 1261 1188 1324 ταῖς
1225 1258 1658 1330 μυσταγωγίαις.
1694 1277 1713 1310 ι
1743 1259 1816 1313 T6

213 1347 272 1402 δὲ
298 1347 760 1419 ὲσκορπισμένον,
793 1350 854 1402 οὑ
883 1349 958 1421 μὴ
986 1349 1220 1422 ζητήσῃ.
1242 1369 1262 1402 ι
1294 1349 1368 1403 Τὸ
1395 1349 1813 1420 ὲκπειροιτηκδς,

217 1442 380 1512 φησὶ,
414 1443 518 1511 τῆς
547 1441 769 1504 εὐθείας
796 1441 940 1506 ὁδοῦ,
972 1442 1068 1494 καὶ
1099 1441 1198 1514 τὴς
1231 1441 1434 1513 ἀγέλης
1475 1438 1818 1511 ἀποσκιρτᾷν

215 1532 430 1599 εἰωθὸς,
469 1533 531 1586 οὐ
580 1533 657 1604 μὴ
699 1533 930 1606 ζητήσῃ,
959 1533 1238 1587 τουτέστιν
1294 1532 1395 1586 οὐκ
1442 1531 1509 1586 ἂν
1553 1531 1814 1602 μεταθείη

215 1627 356 1697 πρὸς
385 1626 449 1680 τὸ
485 1625 710 1694 ἄμεινόν
735 1643 797 1679 τε
828 1624 925 1678 καὶ
952 1624 1075 1695 ἔχον
1105 1623 1302 1694 ὀρθῶς.
1339 1641 1358 1674 ι
1387 1623 1460 1677 T6
1490 1639 1816 1694 συντετριμ-

219 1722 385 1791 μένον
405 1719 616 1792 οὐμὴ]
643 1720 914 1790 ίάσηται.ι
935 1718 1289 1790 Συντρίὸεται
1310 1717 1368 1770 δέ
1397 1715 1552 1788 τις,ἧ
1576 1716 1819 1787 πονηρᾶς

214 1811 416 1883 ἡδονῆς
461 1810 801 1883 ἡττώμενος,
833 1810 927 1864 καὶ
959 1805 1071 1863 οἷον
1099 1810 1162 1862 οὐ
1189 1808 1372 1880 φέρων
1413 1807 1514 1877 τῆς
1557 1807 1818 1878 φιλοσαρ-

1915 633 2117 679 storem
2144 637 2306 692 super
2343 608 2566 678 terram.
2599 619 2751 687 Quod
2781 617 2979 674 defecit
3023 634 3128 674 non
3175 621 3436 678 visitabit.
3473 643 3493 677 ι

1915 712 2149 768 Perinde
2171 726 2236 768 ac
2255 712 2299 767 si
2328 712 2493 774 dicat,
2531 710 2675 781 quod
2705 709 3015 780 prolapsum
3039 720 3122 767 est
3153 711 3208 766 in
3255 712 3501 770 imbecil-

1915 805 2120 860 litatem
2160 804 2306 870 ﬁdei,
2335 803 2580 858 doctrina
2606 817 2760 858 sacra
2822 817 2930 858 non
2973 803 3342 862 conﬁrmabit.
3377 823 3396 858 ι
3435 806 3503 860 Ει

1916 893 2058 963 quod
2090 895 2392 962 dispersum
2425 900 2529 956 est,
2568 907 2675 948 non
2705 893 2967 963 requiret.
2999 911 3019 946 ι
3049 893 3203 961 Quod
3273 909 3303 949 a
3355 904 3502 951 recta

1917 983 2000 1036 via
2033 983 2308 1046 discessit,
2341 982 2537 1052 inquit,
2593 990 2650 1037 et
2706 997 2735 1035 a
2771 997 2936 1053 grege
2962 983 3174 1038 resilire
3206 983 3365 1051 solet,
3393 1000 3500 1041 non

1917 1073 2178 1143 requiret,
2211 1073 2312 1129 hoc
2339 1085 2445 1138 est,
2469 1073 2534 1125 ad
2565 1080 2765 1127 statum
2787 1073 3068 1128 meliorem
3108 1083 3162 1129 et
3209 1076 3498 1144 probatum

1919 1180 2024 1220 non
2047 1165 2347 1220 revocabit.
2382 1184 2401 1217 ‹
2436 1165 2590 1232 Quod
2617 1165 2910 1220 contritum
2932 1173 3018 1220 est
3051 1180 3156 1221 non
3204 1166 3440 1222 sanabit.
3478 1184 3498 1218 ι

1916 1257 2233 1313 Conteritur
2260 1267 2439 1312 autem
2457 1257 2602 1327 quis,
2621 1267 2709 1312 aut
2733 1256 3013 1326 voluptate
3033 1273 3202 1328 prava
3225 1275 3503 1330 expugna-

1920 1357 2008 1405 tus
2035 1358 2091 1405 et
2123 1349 2524 1420 quodammodo
2561 1350 2766 1407 amoris
2802 1364 2986 1405 rerum
3012 1350 3316 1406 carnalium
3364 1367 3500 1421 pon-

1917 1439 2021 1496 dus
2051 1456 2156 1496 non
2197 1441 2476 1497 sustinens
2504 1481 2521 1507 ,
2573 1451 2668 1496 aut
2695 1450 2846 1498 certe
2883 1441 3169 1510 impiorum
3218 1442 3504 1498 haeretico-

1920 1548 2038 1587 rum
2070 1532 2482 1604 deceptionibus
2515 1548 2622 1588 una
2642 1533 2899 1603 abreptus
2927 1542 2983 1588 et
3009 1533 3078 1588 ad
3103 1541 3253 1590 recte
3279 1536 3507 1591 creden-

1919 1625 2046 1680 dum
2103 1633 2247 1680 sana”
2277 1634 2459 1680 mente
2501 1624 2814 1681 destitutus.
2871 1623 3061 1681 Talem
3115 1640 3306 1681 rursus
3349 1635 3510 1682 sanat

1918 1727 2105 1788 pastor
2136 1717 2334 1772 bonus.
2392 1716 2680 1788 Imperitos
2710 1726 2891 1772 autem
2943 1735 2964 1770 ι
3028 1717 3172 1787 quod
3232 1717 3505 1788 integrum

1921 1817 2004 1864 est
2030 1824 2136 1863 non
2161 1809 2377 1878 diriget,
2433 1819 2489 1864 et
2545 1822 2740 1864 carnes
2783 1807 3082 1864 electorum
3103 1808 3408 1874 devorabit,
3453 1819 3510 1863 et

214 1904 342 1968 κίας
397 1904 460 1956 τὸ
509 1903 710 1974 ,βάροςο
749 1903 918 1974 ἤγουν
953 1903 1074 1965 ταῖς
1105 1901 1214 1954 τῶν
1261 1900 1492 1956 ἀνοσίων
1525 1898 1820 1970 αίρετικῶν

1925 1900 2064 1956 talos
2083 1915 2274 1956 eorum
2307 1909 2603 1970 pervertet.
2639 1919 2660 1954 ι
2685 1900 3034 1971 Oppugnabit
3090 1899 3238 1955 enim
3288 1908 3508 1955 sanctos

214 1996 460 2058 ἀπάταις
497 1993 974 2065 συνηρπασμένος,
1004 1993 1100 2046 καὶ
1128 1992 1259 2060 ὑγιᾶ
1281 1991 1373 2044 τὸν
1399 1990 1525 2044 νοῦν
1555 1989 1656 2042 οὐκ
1679 1987 1816 2059 ἔχων

212 2087 296 2150 εῖς
345 2102 414 2154 γε
467 2085 532 2138 τὸ
582 2085 780 2158 χρῆναι
835 2084 1110 2138 πιστεύειν
1137 2083 1332 2156 ὀρθῶς.
1364 2082 1566 2136 Τοῦτον
1596 2081 1757 2135 πάλιν
1789 2082 1818 2133 6

212 2175 428 2243 ἀγαθδς
479 2176 623 2235 ἐᾶται
671 2175 974 2246 ποιμήν.”0
1001 2192 1066 2244 γε
1108 2174 1216 2246 μὴν
1255 2173 1503 2244 ἄπειρος,
1537 2191 1556 2224 ι
1585 2171 1659 2225 Τὸ
1702 2170 1819 2224 ὁλό-

210 2267 426 2338 κληρον
451 2266 515 2319 οὐ
547 2266 621 2337 μὴ
650 2265 981 2340 κατευθύνῃ,
1012 2267 1108 2320 καὶ
1141 2266 1211 2320 τά
1242 2266 1380 2337 κρέα
1409 2266 1517 2319 τῶν
1543 2265 1818 2320 ἐκλεκτῶν

210 2357 631 2427 καταφάγεται,
664 2358 760 2412 καὶ
795 2359 923 2422 τοὺς
959 2358 1336 2430 ἀστραγάλους
1381 2357 1561 2412 αὐτῶν
1600 2357 1821 2429 ἐκστρέ-

205 2451 327 2522 ψει.
365 2469 385 2502 ι
435 2449 744 2522 Πολεμήσει
775 2447 885 2520 γὰρ
910 2452 1022 2513 τοῖς
1052 2449 1227 2517 ἁγίοις
1249 2450 1278 2502 6
1301 2449 1400 2520 τῆς
1433 2449 1660 2518 ἀνομίας
1682 2449 1821 2515 υίὸς,

206 2543 311 2595 καὶ
366 2540 632 2610 ἀχάλινον
683 2539 867 2603 αὐτοῖς
923 2539 1154 2608 ἐπαφεὶς
1187 2537 1286 2609 τὴν
1318 2536 1506 2610 ὀργὴν,
1537 2539 1824 2610 μονονουχὶ

207 2639 310 2690 καὶ
345 2633 757 2707 κρεωνομήσει,
789 2631 885 2685 καὶ
918 2631 1300 2701 καταφάγεται
1322 2629 1490 2702 θηρὸς
1520 2631 1714 2702 ἀγρίου
1741 2631 1823 2684 δί-

204 2745 338 2799 κην.
359 2723 692 2795 Ἑκστρέψει
723 2723 782 2778 δὲ
815 2723 910 2777 καὶ
937 2724 1063 2787 τοὺς
1091 2723 1490 2794 ἀστραγάλους,
1520 2723 1608 2777 ἵνα
1633 2724 1712 2795 μή
1737 2739 1820 2786 τις

203 2816 329 2889 ἔχοι
387 2818 455 2870 τὸ
508 2815 826 2886 ὀρθοποδεῖν
885 2814 1167 2869 δύνασθαι.
1232 2814 1646 2869 Καταδιάσεται
1710 2813 1820 2885 γὰρ

203 2912 560 2981 προσκυνεῖν
627 2907 774 2979 αὐτῷ
811 2947 826 2972 ,
890 2906 1288 2976 καταπλήττων
1338 2907 1453 2969 τοῖς
1499 2905 1772 2977 θαύμασιν
1803 2921 1816 2935 ο

209 3003 418 3072 «Ἔχει
447 2999 559 3070 γὰρ
586 2997 685 3070 τὴν
719 2997 1025 3069 παρουσίαν
1055 2997 1176 3050 κατ’
1204 2996 1486 3067 ἐνέργειαν
1521 2995 1615 3050 τοῦ
1647 2997 1824 3049 Σατα-

1924 1993 2070 2048 filius
2125 1994 2452 2063 iniquitatis,
2478 2001 2535 2050 et
2558 1995 2639 2048 ira
2667 1995 2931 2050 indomita
2970 2007 3065 2048 eos
3089 1992 3352 2048 invadens
3377 2006 3508 2062 pro-

1923 2087 2208 2155 pemodum
2251 2087 2552 2152 dilaniabit,
2571 2095 2624 2141 et
2653 2087 2824 2143 instar
2843 2067 3166 2142 truculentae
3203 2083 3390 2140 bestiae
3409 2085 3507 2139 de-

1926 2179 2160 2234 vorabit.
2191 2177 2475 2234 Pervertet
2501 2179 2663 2235 etiam
2695 2179 2854 2246 talos,
2869 2193 2940 2234 ne
2981 2177 3104 2248 quis
3161 2185 3314 2232 recto
3341 2189 3502 2246 passu

1927 2269 2139 2340 ingredi
2162 2279 2346 2339 queat.
2371 2271 2540 2342 Coget
2565 2270 2722 2326 enim
2749 2283 2809 2325 se
2835 2269 3066 2324 adorare
3118 2268 3278 2324 miris
3325 2268 3511 2339 operi-

1925 2362 2026 2417 bus
2046 2359 2468 2430 obstupefactos.
2498 2380 2517 2414 ι
2546 2361 2715 2433 Cujus
2749 2362 3012 2416 adventus
3040 2358 3338 2416 secundum
3365 2375 3502 2430 ope-

1928 2453 2195 2508 rationem
2220 2450 2460 2518 Satanae,
2486 2461 2541 2508 et
2573 2453 2626 2508 in
2679 2450 2968 2509 Beel-zebul
2995 2452 3119 2507 edet
3149 2457 3397 2521 portenta
3431 2452 3505 2519 ³⁸,

1929 2551 1990 2598 ιιι
2018 2543 2070 2597 in
2093 2557 2334 2599 errorem
2373 2543 2674 2610 induceret,
2721 2544 2769 2600 si
2815 2543 2932 2600 fieri
2955 2555 3158 2614 posset,
3210 2547 3374 2603 etiam
3401 2547 3513 2602 ele-

1928 2640 2046 2688 ctos
2074 2633 2151 2698 '°;
2176 2652 2202 2685 λι
2238 2642 2294 2688 et
2326 2642 2384 2687 ut
2405 2633 2482 2688 ait
2511 2633 2786 2700 Salvator,
2833 2652 2852 2686 ι
2876 2648 2984 2689 non
3019 2634 3177 2691 fleret
3204 2637 3352 2692 salva
3393 2653 3514 2693 om-

1929 2721 2015 2777 nis
2044 2736 2175 2776 caro
2209 2722 2275 2788 ³ο,
2319 2741 2338 2774 ι
2372 2722 2520 2778 illius
2569 2723 2810 2793 potentia
2837 2731 3027 2778 contra
3060 2738 3253 2780 omnes
3279 2725 3510 2781 furente.

1933 2832 1952 2865 ι
1981 2813 2215 2884 Propter
2231 2814 2433 2871 electos
2459 2824 2640 2870 autem
2695 2816 3083 2872 breviabuntur
3110 2817 3229 2872 dies
3276 2817 3360 2873 Illi
3381 2818 3446 2872 ³³.
3487 2837 3508 2869 ι

1929 2935 2000 2944 -
2041 2925 2058 2958 ι
2095 2905 2392 2960 luterliciet
2442 2907 2586 2961 enim
2641 2906 2794 2961 illum
2861 2907 3124 2964 Dominus
3161 2907 3357 2978 spiritu
3397 2909 3513 2964 oris

1931 2997 2037 3062 sui,
2075 3007 2128 3053 et
2159 2999 2406 3054 destruet
2431 2999 2792 3055 illustratione
2826 2998 3092 3056 adventus
3116 3000 3200 3056 sui
3240 3000 3308 3054 ⁸⁸.
3343 3017 3364 3051 ι

199 3097 299 3160 νᾶ,
338 3095 443 3147 καὶ
473 3093 533 3144 ὲν
565 3089 897 3154 Βεελζεϐοὺλ
936 3088 1152 3158 ποιήσει
1185 3087 1410 3158 τέρατα,
1479 3087 1621 3141 ὥστε
1689 3088 1983 3159 πλανῆσαι,
2017 3091 2067 3142 εἰ
2137 3091 2384 3155 δυνατὸν,
2413 3092 2507 3146 καὶ
2560 3092 2686 3156 τοὺς
2711 3091 3024 3158 ἐκλεκτοὺς,
3053 3111 3072 3144 ι
3108 3086 3264 3168 καὶῇ
3300 3109 3465 3166 φησιν
3486 3095 3516 3146 6

195 3185 437 3256 Σωτὴρ,
483 3202 502 3235 ι
537 3182 654 3235 Οὐκ
697 3181 764 3236 ἂν
810 3179 989 3251 ὲσώθη
1044 3181 1194 3232 πᾶσα
1240 3179 1397 3251 σὰρξ,
1430 3197 1449 3231 ι
1487 3178 1822 3250 μαινομένης
1859 3179 2000 3235 κατὰ
2066 3181 2282 3236 πάντων
2315 3182 2417 3252 τῆς
2487 3182 2695 3236 ἐκείνου
2738 3180 3070 3247 πλεονεξίας.
3126 3199 3145 3234 ι
3177 3183 3276 3236 Διά
3306 3181 3519 3246 suos;

193 3279 520 3342 ἐκλεκτοὺς
567 3274 1034 3346 κολοϐωθήσονται
1085 3275 1143 3328 αἱ
1187 3274 1390 3346 ἡμέραι
1443 3275 1669 3328 ἐκεῖναι,
1699 3291 1718 3324 ›
1753 3302 1820 3314 -
1861 3275 2110 3330 ιἈνελεῖ
2171 3275 2280 3346 γὰρ
2346 3275 2511 3329 αὑτὸν
2549 3277 2578 3328 6
2618 3274 2824 3345 Κύριος
2851 3273 2930 3345 τῷ
2956 3275 3251 3346 πνεύματι,
3286 3275 3380 3330 καὶ
3419 3292 3518 3330 κα-

191 3374 494 3445 ταργήσει
525 3373 592 3441 τῇ
621 3367 918 3439 ἐπιφανείᾳ
945 3365 1045 3437 τῆς
1074 3367 1378 3436 παρουσίας
1407 3365 1597 3420 αὐτοῦ.
1628 3383 1646 3414 ι

271 3508 356 3565 Ὦ
398 3512 460 3564 οἱ
503 3506 930 3576 ποιμαίνοντες
980 3503 1053 3558 τὰ
1077 3503 1330 3574 μάταια,
1361 3503 1460 3557 καί
1487 3505 1540 3557 οἱ
1577 3505 1829 3556 καταλε-

2006 3501 2174 3558 Vsus.
2223 3502 2310 3555 17.
2345 3500 2390 3556 0
2424 3502 2513 3571 qui
2543 3499 2759 3570 pascitis
2803 3515 2958 3566 cana,
2991 3509 3040 3554 et
3113 3500 3204 3570 qui
3230 3499 3517 3572 reliquistis

194 3599 510 3663 λοιπότες
539 3596 614 3649 τὰ
644 3595 927 3662 πρόϐατα,
954 3593 1218 3664 μάχαιρα
1249 3593 1346 3646 ἐπὶ
1369 3592 1476 3675 τοῦ
1493 3592 1826 3661 ,βραχίονος

1931 3613 2072 3660 oves,
2090 3595 2299 3666 gladius
2331 3609 2489 3662 super
2520 3593 2793 3647 brachium
2829 3590 2965 3661 ejus,
3017 3599 3066 3644 et
3122 3608 3281 3662 super
3307 3594 3517 3647 oculum

197 3690 436 3755 αὑτοῦ,
473 3688 575 3742 καὶ
598 3686 702 3740 ἐπὶ
734 3687 844 3740 τὸν
881 3684 1201 3755 ὀφθαλμὸν
1236 3684 1346 3738 τὸν
1381 3683 1587 3749 δεξιὸν
1615 3683 1824 3739 αὐτοῦ.

211 3785 282 3837 '0
302 3781 605 3851 βραχίων
636 3777 826 3834 αὐτοῦ
871 3777 1312 3847 ξηραινόμενος
1342 3775 1785 3845 ξηρανθήσεται
1809 3817 1824 3838 ,

1929 3688 2202 3742 dexterum
2281 3685 2413 3755 ejus.
2483 3683 2771 3738 Bracltium
2838 3684 2952 3751 ejus
3027 3684 3284 3738 siccatum
3345 3685 3516 3740 sicca-

1931 3780 2092 3843 bitur,
2147 3787 2192 3832 et
2229 3777 2412 3832 oculus
2474 3776 2660 3831 dexter
2705 3775 2822 3846 ejus
2874 3784 3167 3831 excwcatus
3231 3778 3518 3833 excecabi-

205 3878 312 3933 καὶ
347 3880 386 3931 ό
414 3872 734 3945 ὀφθαλμὸς
796 3875 830 3927 ό
881 3871 1082 3938 δεξιὸς
1126 3869 1313 3925 αὐτοῦ
1341 3869 1829 3938 ἐκτυφλοΰμενσς
1930 3880 2033 3924 tur.

208 3965 794 4038 ἑκτυφλωθήσεται.

282 4103 426 4158 DE'.
478 4101 523 4154 Γ
525 4100 775 4171 εγονότος
837 4099 984 4166 ἅπαξ
1039 4099 1131 4152 τοῦ
1177 4099 1337 4166 λόγου
1389 4097 1520 4169 περὶ
1572 4097 1829 4167 ποιμένος

2002 4087 2266 4143 LXXXV.
2297 4086 2560 4155 Suscepto
2583 4083 2749 4140 semel
2771 4096 3025 4139 sermone
3053 4083 3120 4139 de
3159 4092 3380 4152 pastore
3411 4057 3533 4138 im-'

219 4195 482 4268 ἀπείρου,
529 4192 814 4265 μονονουχὶ
840 4193 936 4246 καὶ
961 4190 1350 4259 ὲπιστυγνάζει
1375 4188 1562 4242 λοιπὸν
1593 4189 1706 4250 τοῖς
1753 4187 1829 4258 μὴ

1933 4176 2130 4247 perito,
2154 4175 2510 4230 contristatur
2535 4171 2812 4243 quasijam
2847 4186 3009 4241 super
3042 4172 3354 4241 pastoribus
3402 4188 3512 4227 non

225 4263 455 4360 ἀγαθοῖς
483 4263 734 4360 ποιμέσι,
772 4287 868 4341 καὶ
900 4285 1266 4356 γενικώτατόν
1306 4301 1429 4337 τινα
1474 4283 1674 4351 τρόπον
1693 4281 1830 4353 χρῆ-

1933 4269 2110 4333 bonis,
2138 4277 2190 4321 et
2225 4265 2513 4320 admodum
2559 4263 2859 4334 generatim
2910 4263 3171 4332 loquitur,
3211 4264 3286 4318 ita
3333 4263 3518 4318 animo

230 4353 312 4438 ται
334 4383 418 4455 τῷ
437 4353 609 4454 λόγῳ,
667 4381 737 4434 τὰ
787 4353 1034 4444 τοῖς-ὦδε
1076 4377 1304 4450 γνώμης
1341 4375 1521 4446 ἔχουσι
1553 4371 1831 4444 συμϐησὸ-

1932 4359 2142 4415 aﬂ‘ectis
2167 4368 2425 4415 eventura
2451 4355 2844 4425 pratnuntians.
2875 4353 3009 4410 Vide
3051 4364 3232 4409 autem
3255 4357 3520 4426 quemad-

235 4492 370 4544 μενα
388 4447 831 4546 προαναφωνῶν.
850 4471 1043 4541 Ἀθνρει
1066 4447 1174 4540 γὰρ
1295 4467 1396 4537 ἢδη
1419 4465 1516 4530 τὰς
1543 4465 1642 4535 τῆς
1665 4462 1832 4534 ρᾳθυ-

1935 4451 2152 4506 modum
2184 4465 2328 4504 nune
2374 4463 2566 4520 pmnas
2629 4447 2841 4502 inertiae
2895 4447 3195 4515 pendentes
3270 4447 3521 4504 fortassis

234 4568 361 4639 μίας
387 4564 775 4621 ἀποτιννῦουσι
815 4563 972 4626 δίκας
1023 4562 1165 4633 τάχα
1212 4576 1319 4612 που
1354 4559 1448 4610 καὶ
1480 4556 1738 4622 συναλγεῖ
1764 4555 1830 4608 δι’

1929 4539 2097 4593 etiam
2133 4536 2568 4599 commiseratur,
2597 4543 2818 4602 propter
2863 4536 3082 4588 insitam
3136 4536 3520 4590 mansuetudi-

231 4659 476 4728 ῐμφυτον
507 4655 850 4727 ἡμερότητα,
880 4653 976 4706 καὶ
1014 4651 1359 4706 καταιτιᾶται
1393 4646 1512 4718 μὲν,
1536 4646 1617 4698 ὅτι
1639 4644 1832 4714 ποιμέο

1935 4648 2059 4689 nem
2098 4649 2111 4686 :
2176 4647 2490 4702 quanquam
2513 4635 2734 4684 accusat
2761 4627 3050 4698 eos,77l
3087 4629 3229 4696 quod
3273 4636 3520 4697 pastores

234 4765 321 4812 νες
344 4748 611 4818 γεγόνασι
633 4744 743 4798 τῶν
773 4743 1041 4816 ματαίων,
1061 4740 1308 4795 τουτέστι
1341 4737 1450 4790 τῶν
1479 4735 1832 4807 προσκαίρων

1939 4743 2200 4783 vanorum
2229 4726 2355 4782 facti
2378 4726 2508 4790 sint,
2536 4725 2635 4778 hoc
2654 4733 2756 4786 est,
2786 4721 3164 4791 temporalium
3189 4731 3522 4792 satagentes,

239 4811 593 4910 ἐπιμεληταὶ,
622 4811 854 4909 ῥᾴθυμοι
885 4835 941 4888 δὲ
975 4833 1168 4898 οὕτως,
1197 4830 1271 4894 ώς
1302 4826 1692 4897 ὲπιγάννυσθαι
1721 4827 1833 4886 τοῖς

1941 4821 2077 4873 adeo
2114 4829 2292 4872 autem
2321 4816 2599 4877 socordes,
2623 4821 2682 4866 ut
2704 4813 2867 4866 etiam
2900 4825 3064 4879 super
3104 4811 3298 4867 ovibus
3324 4812 3525 4868 misere

240 4903 534 5000 προϐάτοις
565 4903 1122 4991 ἀθλίως-διολωλόσιν.
1173 4924 1236 4976 Οί
1277 4921 1375 4992 μὲν
1401 4920 1510 4990 γὰρ
1532 4916 1834 4978 πωλοῦντες

1943 4909 2294 4980 pereuntibus
2318 4904 2666 4962 laetarentur."
2686 4903 2790 4956 Alii
2815 4917 3049 4972 namque
3095 4903 3390 4959 vendentes
3432 4918 3527 4958 cas

245 4994 444 5091 ἔλεγον·
483 5042 502 5074 ι
541 5021 850 5091 Εὐλογητὸς
883 5019 1110 5089 Κύριος,
1151 5016 1245 5068 καὶ
1288 5014 1771 5082 πεπλουτήκαμεν.
1811 5028 1830 5060 ι

1944 5002 2196 5058 dicebant
2231 5020 2244 5054 :
2311 5018 2330 5052 ι
2365 4998 2690 5054 Benedictus
2711 4994 2995 5059 Dominus,
3021 5002 3071 5049 et
3103 4995 3298 5051 divites
3341 4996 3524 5052 evasi-

245 5115 305 5168 Οί
420 5087 770 5182 κατέσφαζον
810 5130 867 5165 τε
902 5087 995 5166 καῖ
1026 5111 1126 5164 οὐκ
1159 5107 1397 5177 ἔπασχον
1435 5105 1586 5158 οὐδὲν
1620 5106 1706 5156 ἐπ’
1742 5103 1838 5154 αὺ-

1946 5110 2066 5150 nius
2095 5095 2160 5148 ³³.
2193 5113 2212 5146 ι
2239 5092 2341 5148 Alii
2371 5106 2498 5148 vero
2531 5089 2870 5154 occidebant,
2895 5102 2996 5144 nec
3025 5087 3322 5157 quidquam
3373 5101 3526 5142 com-

248 5209 370 5269 τοῖς·
421 5207 518 5260 τοῦ
565 5179 674 5277 γάρ
716 5206 916 5277 χρῆναι
955 5202 1270 5272 ποιμαίνειν
1315 5197 1512 5270 ὀρθῶς,
1543 5196 1720 5258 οὐδεὶς
1769 5191 1838 5265 ἦν

1948 5187 2346 5248 movebantur;
2382 5198 2507 5237 nam
2534 5191 2593 5236 ut
2628 5190 2776 5236 recte
2809 5191 3116 5250 pascerent,
3158 5179 3210 5232 id
3257 5191 3390 5234 sane
3419 5191 3526 5232 non

253 5299 372 5368 παρ’
401 5301 584 5362 αὐτοῖς
604 5298 782 5365 λόγος.
814 5294 1060 5349 Τοιοῦτοι
1093 5294 1153 5347 δὲ
1178 5289 1318 5363 ἦσαν
1341 5295 1388 5345 οἱ
1415 5291 1523 5343 τῶν
1569 5290 1837 5343 Ἰουδαίων

1946 5281 2228 5334 curabant.
2288 5276 2449 5332 Tales
2485 5291 2646 5346 porro
2681 5282 2838 5328 erant
2890 5272 3140 5328 doctores
3187 5268 3524 5333 Judaeorum,

256 5362 578 5463 καθηγηταί,
611 5362 880 5450 κλείοντές
911 5405 971 5440 τε
1005 5387 1103 5457 τὴν
1129 5362 1412 5457 βασιλείαν
1436 5382 1545 5436 τῶν
1569 5379 1834 5450 οὐρανῶν,

1955 5394 1971 5425 ι
1995 5373 2307 5428 clandentes
2329 5385 2556 5442 regnum
2581 5368 2898 5433 calorum,»
2922 5367 3064 5423 sicut
3080 5366 3154 5420 ait
3171 5365 3420 5420 Christus
3445 5362 3490 5394 ”
3511 5403 3528 5429 ,

260 5482 388 5537 καθά
414 5500 582 5553 φησιν
613 5483 642 5534 6
670 5479 927 5551 Χριστὸς,
964 5499 982 5531 ι
1029 5479 1140 5534 Καὶ
1177 5477 1315 5548 μήτε
1341 5475 1494 5528 αὐτοὶ
1522 5471 1840 5543 εἰσερχόμε-

262 5588 348 5637 νοι,
377 5576 514 5645 μήτε
549 5572 657 5644 μὴν
686 5573 904 5641 ἐτέρους
931 5570 1182 5639 ἀφιέντες
1211 5567 1492 5621 είσελθεῖνο
1516 5563 1652 5617 ἀλλὰ
1683 5580 1838 5634 περι-

267 5663 467 5733 ἀΐοντες
503 5665 604 5736 μὲν
628 5664 728 5734 τὴν
775 5663 1054 5716 θάλασσαν
1088 5662 1182 5714 καὶ
1210 5659 1306 5730 τὴν
1339 5655 1530 5729 ξηρὰν,
1561 5655 1648 5708 ἵνα
1680 5655 1838 5725 ποιή-

324 5778 366 5811 ’⁸
400 5778 438 5834 ll
471 5740 669 5834 'f’liess.
713 5793 752 5830 ιι
777 5819 790 5839 ,
822 5776 978 5831 3-H.
1053 5776 1097 5807 ²⁹
1136 5772 1324 5829 Matth.
1368 5786 1518 5835 xxrv,
1548 5769 1638 5823 24.
1719 5767 1765 5800 ⁸ο
1793 5766 1845 5822 Ib

1924 5813 1926 5820 ι
1957 5765 2049 5820 2‘2.
2129 5766 2170 5797 ³¹
2206 5763 2342 5820 Ibid.
2420 5763 2463 5796 ³³
2496 5760 2541 5817 II
2570 5759 2763 5816 Thess.
2799 5773 2860 5827 ιι,
2894 5757 2947 5811 8.
3027 5756 3071 5789 ³³
3105 5755 3334 5813 Zachar.
3363 5769 3443 5824 χι,
3469 5751 3522 5811 5.

273 5845 310 5881 ⁸⁸
332 5849 511 5906 Matth.
539 5863 702 5910 χχιιι.
735 5847 822 5901 15.

568 5941 844 6004 ΡΑτιιοι..
897 5940 1012 6001 Gn.
1068 5937 1310 5999 LXXII.
3105 5917 3138 5979 7

1954 5485 1972 5516 ι
2005 5474 2062 5520 et
2091 5464 2388 5535 nequeipsi
2415 5463 2817 5528 intrantes,nee
2851 5458 3213 5514 aliosintrare
3241 5455 3485 5510 sinentes
3513 5473 3526 5509 τ

1946 5559 2040 5612 sed
2069 5557 2471 5612 circumeuntes
2498 5566 2648 5608 mare
2673 5560 2729 5607 et
2759 5551 2990 5616 aridam,
3042 5556 3100 5601 ut
3131 5545 3334 5601 faciant
3361 5561 3527 5601 unum

1943 5648 2403 5720 proselytum,qui
2427 5662 2548 5703 cum
2572 5645 2748 5700 factus
2774 5643 2958 5709 fuerit,
2983 5640 3188 5696 faciunt
3209 5654 3331 5695 eum
3360 5638 3528 5693 filium
