4098 6526
579 397 682 450 2θὸ

1570 389 1627 445 S.
1672 387 1948 444 CYRIIJJ
1990 383 2456 446 ALEXANDRINI
2499 387 2814 446 ARClllEP.
3715 398 3804 452 2θεί

580 515 836 586 gehennae
861 512 1076 583 duplum
1113 525 1272 582 quam
1322 511 1422 580 ipsi
1465 510 1677 565 sunt".
1723 529 1740 562 ι
1805 510 1942 574 Quid
1997 510 2153 580 igitur

2262 527 2393 561 σωσι
2433 509 2528 561 ἕνα
2566 510 2926 580 προσήλυτον,
2989 510 3035 560 εἰ
3083 508 3138 561 δὲ
3167 503 3232 578 δὴ
3298 508 3522 576 γένοιτο,
3553 513 3806 578 ποιοῦντες
3839 525 3841 528 ‘

580 609 714 663 adeo
747 608 1006 676 improbis
1061 604 1369 673 pastoribus
1424 603 1682 657 eveniet?
1733 623 1751 654 ι
1791 604 2040 674 Gladius,
2077 603 2156 655 in-

579 700 715 769 quit,
742 713 904 768 super
927 697 1207 753 brachium
1232 693 1422 764 ipsius,
1451 702 1506 749 et
1533 708 1696 764 super
1725 697 1940 748 oculum
1970 694 2156 748 (lexle-

579 808 697 846 rum
723 792 857 860 ejus.
897 809 914 842 ι
948 789 1225 843 Brachium
1245 801 1340 856 pro
1360 787 1567 842 viribus
1618 795 1673 841 et
1708 795 1832 858 typo
1858 785 2158 840 ellicieutire

578 882 874 952 spiritualis
895 880 1176 950 accipitur.
1203 877 1390 947 Itaque
1423 878 1489 934 de
1519 877 1852 932 animalibus
1877 877 2075 932 occisis
2103 875 2154 928 iu

571 987 736 1028 sacro
783 965 1125 1025 tabernaculo
1163 967 1362 1024 selecta
1405 967 1561 1022 altari
1615 976 1804 1023 sancto
1848 981 1972 1036 pars
2028 966 2155 1020 bra-

581 1063 782 1124 chium,
806 1076 900 1115 seu
934 1075 1120 1114 armus
1147 1068 1284 1124 erat,
1335 1068 1392 1112 et
1435 1072 1654 1114 sacrum
1704 1057 1990 1112 donarium
2024 1057 2154 1118 Deo.

573 1152 894 1208 ostendente
917 1151 1217 1220 Scriptura,
1244 1160 1302 1205 ut
1332 1150 1605 1212 existimo,
1627 1150 1729 1204 sub
1760 1149 1988 1219 quodam
2014 1151 2154 1202 inte-

578 1248 854 1310 gumento,
911 1241 1022 1296 Deo
1077 1241 1323 1310 proprias
1369 1241 1614 1308 corporis
1676 1248 1730 1294 et
1752 1240 1976 1308 spiritus
2011 1239 2154 1295 vires

575 1331 885 1387 consecrari
931 1341 1202 1402 oportere.
1262 1330 1551 1386 Braehium
1616 1339 1798 1383 autem
1851 1329 2157 1400 significare

577 1424 742 1489 vires,
777 1423 1066 1478 testabitur
1096 1423 1315 1492 quidam
1334 1429 1667 1485 sanctorum,
1713 1421 1880 1475 Deum
1935 1421 2155 1475 univer-

562 1530 760 1570 sorum
790 1515 1066 1583 alloquens
1098 1535 1112 1569 ι
1152 1533 1170 1565 t
1221 1512 1590 1584 Maguitudine
1620 1511 1826 1566 brachii
1880 1511 1960 1566 tui
2021 1511 2156 1564 ﬁant

579 1617 636 1660 ut
675 1607 880 1676 lapides
909 1606 975 1662 ".
1013 1624 1032 1655 ι
1085 1604 1284 1660 Oculus
1333 1611 1514 1658 autem
1581 1602 1779 1656 mentis
1832 1601 2010 1672 imago
2049 1609 2152 1656 est.

578 1694 826 1750 Patietur
884 1695 1068 1764 itaque
1122 1693 1211 1762 qui
1263 1709 1372 1748 non
1423 1699 1568 1746 recte
1625 1691 1804 1762 pascit
1835 1691 2047 1746 brachii
2101 1700 2156 1746 et

578 1786 718 1841 oeuli
753 1785 1171 1850 mutilationem,
1197 1785 1297 1840 hoc
1316 1793 1420 1849 est,
1449 1793 1505 1840 et
1525 1797 1555 1836 a
1585 1797 1849 1854 corporeo
1893 1792 1948 1836 et
1986 1797 2017 1836 a
2049 1782 2157 1850 spi-

2265 601 2427 655 αὐτὸν
2461 603 2576 654 υἰὸν
2613 603 2837 672 γεέννης
2869 601 3199 672 διπλώτερον
3239 601 3465 654 ἑαυτῶν.
3505 621 3522 653 ι
3564 603 3625 656 Τί
3644 604 3704 675 δὴ
3726 604 3806 660 οὖν
3837 605 3841 618 ’

2262 695 2370 763 ἄρα
2401 697 2515 757 τοῖς
2538 694 2683 747 οὓτω
2714 697 2968 767 πονηροῖς
2992 695 3218 763 ποιμέσι
3262 693 3635 763 συμϐήσεται;
3666 714 3682 747 t
3705 699 3810 750 Μά-

2259 803 2446 856 χαιρα,
2471 787 2658 856 φησὶν,
2687 786 2780 838 ἐπὶ
2809 786 2902 839 τοῦ
2960 786 3247 856 βραχίονος
3292 785 3477 851 αὐτοῦ,
3509 787 3601 839 καὶ
3623 788 3707 839 ἐπὶ
3730 790 3810 841 τὸν

2258 883 2533 953 ὀφθαλμὸν
2557 883 2649 936 τὸν
2671 882 2842 947 δεξιὸν
2874 880 3061 935 αὑτοῦ.
3102 899 3120 934 ι
3158 879 3504 951 Λαμὸάνεται
3546 879 3601 932 δὲ
3631 884 3662 933 ό
3679 882 3813 949 βραο

2259 976 2407 1043 χέων
2447 976 2529 1038 εἰς
2570 973 2802 1044 δύναμίν
2856 990 2917 1026 τε
2982 973 3078 1026 καὶ
3104 974 3276 1026 τύπον
3314 972 3412 1042 τῆς
3463 974 3814 1042 πνευματικῆς

2257 1063 2561 1132 ἐνεργείας.
2595 1062 2707 1116 Καὶ
2760 1059 2894 1130 γοῦν
2944 1061 3054 1114 τῶν
3107 1059 3463 1130 σφαζομένων
3489 1059 3641 1125 ζώων
3668 1063 3722 1113 ὲν
3757 1065 3814 1132 τῇ

2257 1154 2388 1225 ἁγίᾳ
2436 1156 2607 1225 σκηνῇ
2639 1153 2937 1207 ἀπόλεκτον
2965 1152 3042 1223 τῷ
3073 1151 3204 1222 θείῳ
3249 1151 3616 1222 θυσιαστηρίῳ
3651 1153 3815 1221 μέρος,

2255 1247 2285 1300 6
2317 1246 2556 1317 βραχίων
2581 1241 2670 1316 ἦν,
2698 1246 2793 1299 καὶ
2821 1245 2963 1315 ἱερὸν
2990 1243 3247 1314 ἀνάθημα
3290 1243 3370 1313 τῷ
3390 1243 3531 1313 Θεῷ,
3560 1243 3818 1314 ύπεμφαί-

2256 1353 2458 1398 νοντος,
2499 1335 2674 1407 οῐμαι,
2701 1335 2795 1389 τοῦ
2831 1336 2991 1404 λόγου
3021 1335 3088 1388 δι’
3124 1334 3468 1404 αἰνίγματος,
3509 1335 3591 1387 ὅτι
3614 1335 3687 1405 τῷ
3717 1334 3822 1404 Θεῷ

2256 1430 2354 1499 τὴν
2388 1429 2526 1482 ἰδίαν
2575 1428 2873 1482 ἀναθετέον
2935 1427 3088 1496 ίσχὺν
3142 1425 3239 1497 τὴν
3279 1426 3600 1496 σωματικήν
3652 1442 3710 1476 τε
3742 1427 3825 1478 καὶ

2257 1521 2653 1590 πνευματικήν.
2697 1519 2819 1572 Ὀτι
2851 1517 2908 1571 δὲ
2958 1519 2988 1570 6
3040 1517 3280 1588 βραχίων
3318 1515 3826 1585 κατασημαίνειτὴν

2253 1610 2504 1680 δύναμιν,
2538 1609 2871 1665 πιστώσεταί
2903 1627 2988 1673 τις
3040 1609 3148 1663 τῶν
3209 1609 3404 1678 ἁγίων,
3439 1608 3517 1678 τῷ
3567 1607 3671 1660 τῶν
3705 1607 3827 1660 ὅλων

2256 1703 2375 1773 Θεῷ
2420 1701 2926 1774 προσπεφωνηκώς·
2964 1720 2982 1752 ι
3007 1701 3242 1770 Μεγέθει
3277 1699 3564 1770 βραχίονός
3600 1717 3688 1752 σου
3715 1700 3829 1751 ἀπο·

2259 1795 2666 1866 λιθωθήτωσαν.
2706 1813 2724 1845 ι
2812 1795 2869 1847 '0
2917 1794 2972 1848 δέ
3023 1811 3087 1862 γε
3137 1792 3421 1862 ὀφθαλμὸς
3462 1793 3526 1845 ὲκ
3554 1789 3644 1844 νοῦ
3675 1790 3829 1843 τύπον

580 1878 759 1934 rituali
783 1879 976 1934 robore
997 1879 1295 1932 deseretur.
1324 1874 1441 1931 Non
1507 1877 1652 1933 enim
1702 1875 1981 1946 quidpiam
2036 1875 2153 1929 boni

2267 1886 2618 1956 λαμϐάνεται.
2650 1886 2902 1939 Πείσεται
2928 1884 2992 1956 δὴ
3026 1882 3119 1938 οὖν
3146 1886 3174 1938 6
3207 1884 3282 1954 μὴ
3341 1884 3646 1954 ποιμαίνων
3672 1882 3830 1952 ὀρθῶς

578 1980 838 2037 praestare
861 1967 1080 2038 poterit,
1123 1967 1229 2022 Deo
1271 1967 1417 2021 illum
1448 1980 1554 2022 non
1593 1967 1982 2022 corroborante
2023 1979 2038 2015 :
2102 1973 2158 2018 et

577 2062 758 2115 animo
773 2059 1173 2127 obscurabitur,
1191 2059 1281 2130 qui
1308 2059 1474 2114 divini
1498 2057 1717 2112 luminis
1730 2071 1927 2128 expers
1941 2063 2154 2120 autest,

575 2163 671 2208 aut
697 2162 975 2208 censetur.
1003 2151 1156 2207 Haud
1187 2154 1331 2207 enim
1361 2167 1484 2208 cum
1520 2150 1713 2206 (ldueia
1737 2148 1918 2202 dicet:
1961 2165 1980 2198 ι
2009 2145 2155 2212 Quo-

573 2244 722 2300 niam
757 2255 808 2300 tu
857 2244 1185 2299 illuminabis
1211 2244 1488 2299 lucernam
1520 2239 1987 2306 meam,Domine;
2017 2239 2159 2294 Deus

575 2350 754 2402 meus,
787 2335 1116 2390 illuminahis
1149 2333 1398 2388 tenebras
1435 2331 1663 2386 meas".
1687 2349 1706 2382 ι
1744 2330 2032 2384 Dexterum
2063 2343 2159 2380 au-

567 2437 688 2482 tem
721 2427 1000 2482 brachium
1023 2435 1109 2481 est
1129 2423 1271 2495 quod
1305 2423 1484 2494 gladio
1515 2421 1846 2491 praeciditur,
1876 2429 1933 2474 et
1960 2418 2154 2475 oculus

577 2524 768 2576 dexter
797 2520 892 2590 qui
939 2527 1271 2574 excaecatur.
1324 2516 1469 2572 Nihil
1529 2514 1672 2570 enim
1699 2515 1981 2568 dexterum
2012 2513 2155 2582 apud

578 2613 828 2683 populum
853 2611 1188 2677 Iudaeorum,
1211 2624 1316 2664 non
1345 2610 1488 2664 actio
1511 2610 1724 2662 bona...
1757 2643 1770 2659 .
1801 2604 2034 2670 Etenim,
2097 2612 2157 2656 ut

577 2716 660 2762 est
692 2705 831 2775 apud
887 2703 1135 2769 Paulum,
1171 2719 1191 2753 t
1255 2700 1436 2771 Usque
1482 2700 1643 2755 hodie
1697 2699 1912 2765 quando
1963 2695 2157 2764 legitur

577 2799 773 2864 Moses,
803 2795 1048 2852 velamen
1079 2808 1240 2864 super
1266 2808 1362 2848 cor
1393 2806 1581 2848 eorum
1641 2790 1876 2861 positum
1905 2797 1987 2844 est
2011 2786 2077 2839 ³⁸.
2132 2805 2150 2836 ι

573 2889 763 2945 Psailit
802 2896 858 2944 et
911 2886 1108 2942 alicubi
1161 2884 1330 2940 David
1365 2884 1433 2939 de
1484 2882 1668 2953 ipsis:
1706 2901 1724 2934 ‹
1783 2880 2157 2936 Obscurcutur

573 2981 715 3037 oculi
733 2995 933 3036 eorum
967 2993 1036 3034 ne
1052 2977 1269 3032 videant
1294 2975 1361 3029 ".
1401 2993 1420 3026 ι
1452 2973 1644 3031 Omnia
1700 2973 1866 3044 igitur
1937 2972 2154 3027 illorum

575 3072 818 3135 sinistra,
845 3070 960 3124 sive
986 3069 1244 3138 cogitata,
1271 3067 1386 3121 sive
1415 3078 1595 3120 mores
1624 3065 1795 3129 dicas,
1837 3062 1953 3117 sive
2010 3063 2154 3116 aliud

2263 1977 2547 2048 βραχίονός
2565 1993 2624 2029 τε
2647 1978 2738 2030 καὶ
2769 1975 3052 2046 ὀφθαλμοῦ
3079 1975 3177 2042 τὴν
3238 1978 3517 2046 πήρωσιν,
3549 1973 3830 2037 τουτέστιν,

2259 2068 2466 2139 ἔρημος
2519 2067 2673 2120 ἔσται
2709 2067 3030 2136 σωματικῆς
3093 2066 3187 2120 καὶ
3231 2065 3619 2136 πνευματικῆς
3647 2065 3828 2135 ἰσχύος.

2260 2157 2334 2210 Ού
2359 2157 2469 2228 γὰρ
2527 2157 2816 2227 δυνήσεταί
2865 2174 2920 2210 τι
2956 2155 3303 2227 κατορθῶσαι
3349 2156 3462 2210 τῶν
3523 2155 3738 2224 ἀγαθῶν
3768 2154 3835 2225 μὴ

2259 2249 2601 2320 ἐνισχύοντος
2649 2248 2814 2303 Θεοῦ⁶
2863 2247 3435 2319 κατασκοτισθήσεται
3499 2247 3560 2300 δὲ
3613 2247 3704 2300 καί,
3757 2245 3836 2299 τὸν

2258 2340 2406 2404 νοῠν,
2452 2340 2720 2411 ἀμέτοχος
2752 2339 2846 2394 τοῦ
2905 2339 3052 2393 θείου
3117 2341 3298 2409 φωτὸς
3353 2339 3621 2411 ὑπάρχων
3672 2355 3727 2391 τε
3756 2337 3835 2389 καὶ

2258 2434 2569 2504 νοούμενος.
2607 2434 2682 2486 Οὐ
2709 2433 2820 2504 γὰρ
2845 2432 3136 2502 δυνήσεται
3161 2432 3348 2500 λέγειν
3383 2433 3452 2485 ὲκ
3507 2431 3836 2502 παρρησίας·

2266 2548 2283 2578 ι
2319 2528 2448 2580 Ὅτι
2485 2527 2550 2579 σὺ
2573 2527 2798 2594 φωτιεῖς
2851 2523 3044 2595 λύχνον
3074 2541 3200 2594 μου,
3232 2521 3437 2593 Κύριετ
3467 2525 3497 2577 6
3543 2522 3674 2586 Θεός
3725 2539 3836 2591 μου,

2259 2620 2482 2689 φωτιεῖς
2515 2617 2578 2670 τδ
2611 2618 2802 2680 σκότος
2861 2633 2983 2686 μου.
3012 2634 3031 2666 ι
3069 2613 3254 2680 Δεξιδς
3285 2615 3347 2668 δὲ
3375 2615 3406 2668 6
3447 2614 3691 2685 βραχίων
3727 2613 3754 2664 ὁ
3781 2613 3838 2680 τῇ

2267 2710 2520 2779 μαχαίρᾳ
2566 2705 2932 2776 τεμνόμενος,
2979 2706 3075 2760 καὶ
3120 2703 3227 2776 μὴν
3253 2703 3357 2758 καί⁹
3395 2702 3724 2774 ὁφθαλμδςό
3756 2718 3840 2752 τυ-

2259 2799 2581 2869 φλούμενος.
2611 2797 2796 2861 Δεξιδν
2824 2795 2935 2869 γὰρ
2982 2796 3135 2850 οὐδὲν
3192 2795 3353 2866 παρὰ
3411 2797 3532 2859 τοῖς
3591 2793 3844 2847 Ἰουδαίων

2255 2891 2473 2962 δήμοις,
2533 2887 2595 2941 ού
2640 2884 3078 2959 πρᾶξιςάγαθή.
3161 2927 3176 2942 .
3257 2929 3270 2940 .
3359 2929 3376 2944 .
3459 2929 3473 2942 .
3557 2927 3572 2940 .

2246 2983 2334 3045 Ὠς
2355 2981 2468 3052 γὰρ
2495 2982 2524 3034 6
2552 2978 2766 3043 Παῦλος
2797 2996 2983 3050 φησιν,
3046 2997 3065 3031 t
3101 2980 3262 3051 Ἄχρι
3297 2981 3554 3051 σ’ήμερον
3603 2978 3761 3050 ἡνίκα
3789 2977 3846 3029 ἂν

2259 3070 2698 3138 ἀναγινώσκηται
2757 3069 2982 3138 Μωσῆς,
3037 3067 3312 3137 κάλυμμα
3374 3068 3472 3121 ἐπὶ
3507 3068 3608 3139 τὴν
3635 3067 3845 3137 καρδίαν

576 3177 763 3217 eorum
785 3175 905 3230 quae
932 3159 1038 3214 illis
1069 3159 1258 3215 adesse
1279 3156 1486 3213 credita
1507 3164 1657 3210 sunt.
1682 3155 1762 3211 Ae
1805 3154 2151 3209 sinistrarum

2262 3160 2437 3216 αὐτῶν
2457 3163 2652 3214 κεῖται.
2676 3178 2694 3210 ι
2721 3159 2934 3226 Ψάλλει
2961 3159 3018 3211 δέ
3058 3167 3161 3212 που
3189 3159 3285 3212 καὶ
3324 3161 3354 3213 6
3386 3161 3562 3214 Aa6‘t6
3587 3159 3716 3231 περὶ
3763 3159 3846 3211 αὐ-

575 3226 1153 3325 ᾳυίόεῐηοιιιοιίοηοιη
1180 3248 1487 3304 conducere
1509 3259 1690 3314 posse,
1721 3258 1841 3299 eam
1878 3243 2153 3300 sustinen-

2262 3253 2386 3306 τῶν·
2449 3271 2467 3304 t
2507 3250 2958 3321 Σκοτισθήτωσαν
2989 3250 3040 3302 οἰ
3088 3248 3370 3320 ὀφθαλμοί¹
3413 3251 3603 3305 αὐτῶν
3653 3226 3743 3304 τοῦ
3784 3250 3849 3318 μὴ

578 3343 742 3409 tibus,
775 3356 882 3397 non
927 3354 1011 3394 me
1041 3339 1193 3394 latet.
1243 3337 1375 3391 Nam
1430 3336 1660 3405 abiectio
1705 3335 1949 3391 stultitiae
2003 3333 2151 3389 omni

575 3431 730 3500 culpa
770 3439 824 3486 et
852 3429 1047 3499 probro
1069 3441 1163 3483 eos
1192 3425 1494 3482 liberaverit
1525 3443 1540 3492 ;
1595 3426 1758 3495 772
1800 3433 1988 3481 contra
2047 3440 2151 3479 nou

577 3521 921 3578 mediocriter
973 3518 1204 3574 laeserit
1260 3517 1573 3574 dcxtrorum
1628 3516 1852 3571 amissio
1890 3534 1904 3569 :
1937 3516 2155 3570 omnino

575 3612 718 3666 enim
747 3611 814 3666 ad
841 3610 1126 3665 inhonesta
1177 3617 1232 3663 et
1271 3610 1506 3664 maxime
1528 3607 1884 3664 exsecrabilia
1916 3609 2150 3664 deducit.

577 3703 683 3759 Sed
709 3702 925 3759 Judzeos
957 3702 1168 3765 deceat,
1201 3709 1256 3755 et
1288 3715 1547 3771 perquam
1572 3699 1978 3769 convenienter,
2029 3716 2157 3771 εροα

576 3794 734 3849 liatos
770 3792 980 3848 dextris
1039 3799 1414 3861 paupertatem
1477 3778 1765 3860 perferre:
1818 3805 1916 3846 nos
1974 3802 2155 3845 autem

483 3935 508 3958 ,
576 3884 665 3954 qui
720 3899 907 3938 sumus
937 3881 990 3937 in
1019 3880 1262 3947 Christo,
1297 3881 1518 3936 sinistra
1541 3880 1812 3948 amittere,
1832 3889 1887 3936 et
1953 3881 2158 3937 dextris

575 3975 816 4044 gloriari.

2264 3342 2503 3412 βλέπειν.
2531 3359 2549 3392 ι
2577 3340 2751 3394 Σκαιά
2769 3339 2834 3411 δὴ
2877 3333 2970 3393 οὖν
3009 3339 3222 3393 ἅπαντα
3247 3339 3323 3393 τὰ
3376 3342 3514 3413 παρ’
3540 3341 3744 3405 αὐτοῖς,
3762 3340 3852 3392 κᾶν

2262 3433 2457 3502 νόημα,
2483 3430 2584 3485 κάν
2622 3431 2820 3502 τρόπον
2845 3430 3006 3503 εἴπῃς
3025 3471 3040 3493 ,
3068 3431 3170 3484 κᾶν
3220 3431 3422 3503 ἕτερόν
3473 3451 3526 3486 τι
3557 3433 3668 3486 τῶν
3698 3448 3851 3502 προσ-

2264 3525 2403 3576 εῖναι
2449 3521 2918 3592 πεπιστευμένων.
2975 3519 3097 3574 Τῶν
3167 3521 3268 3591 μὲν
3310 3522 3428 3594 γάρ
3473 3521 3782 3595 ἀριστερῶν
3822 3521 3852 3590 ἡ

2263 3613 2555 3684 ἀφαίρεσις
2601 3612 2842 3683 ὀνήσειεν
2877 3611 2942 3665 ἄν
3001 3607 3096 3664 οἷδ’
3137 3613 3219 3666 ὅτι
3248 3615 3388 3678 τοὺς
3469 3614 3851 3685 ὑπομένοντας.

2274 3702 2540 3772 Ἀποϐολὴ
2567 3704 2675 3772 γὰρ
2706 3700 3024 3770 σκαιότητος
3049 3701 3226 3764 αἰτίας
3270 3719 3336 3756 τε
3373 3704 3472 3756 καὶ
3507 3705 3706 3775 μώμου
3737 3719 3856 3755 παν-

2259 3793 2349 3857 τὸς
2401 3793 2758 3857 ἀπαλλάξειεν
2822 3791 2889 3845 ἂν
2949 3792 3168 3855 αύτούς.
3224 3794 3552 3866 ’Λδικήσειε
3607 3797 3654 3849 δ’
3685 3795 3750 3850 ἂν
3803 3794 3856 3846 ού

2265 3885 2502 3956 μετρίως
2561 3885 2594 3954 ή
2647 3885 2756 3936 τῶν
2797 3883 2988 3948 δεξιῶν
3045 3885 3344 3952 ἀπόδειξις.
3417 3888 3722 3960 ’Δποφέρει
3761 3886 3859 3955 γὰρ

2262 3974 2482 4035 πάντως
2514 3974 2592 4036 εἰς
2621 3973 2689 4025 τὰ
2719 3973 2936 4042 αἰσχίω,
2969 3975 3062 4026 καὶ
3092 3974 3513 4045 βδελυρώτατα.
3555 3979 3699 4031 Ἀλλ’
3747 3979 3859 4030 ’1ου-

573 4070 742 4132 δαίοις
771 4067 970 4139 πρέποι
1002 4064 1090 4129 ἂν,
1130 4063 1224 4115 καί
1261 4061 1406 4133 μάλα
1445 4060 1694 4124 είκότως,
1723 4062 1786 4114 τὸ
1816 4063 1874 4114 ὲν
1937 4063 2189 4133 στερήσει
2229 4064 2486 4118 πένεσθαι
2544 4064 2650 4118 τῶν
2710 4064 2920 4130 δεξιῶν·
2954 4067 3084 4135 ἡμῖν
3151 4065 3208 4120 δὲ
3238 4072 3361 4133 τοῖς
3400 4073 3465 4126 ἐν
3500 4070 3730 4144 Χριστῷ
3774 4067 3862 4137 τὴν

575 4158 846 4230 ἀποὸολὴν
894 4155 1150 4225 γενέσθαι
1190 4151 1533 4224 σκαιότητος,
1567 4155 1662 4208 καὶ
1714 4155 1826 4217 τοῖς
1847 4151 2038 4218 δεξιοῖς
2068 4153 2479 4225 ὲναὸρύνεσθαι.
3096 4158 3106 4164 ”

824 4308 1232 4400 TOMUS
1315 4307 1890 4410 QUINTUS.

1215 4453 1365 4514 CAP.
1399 4456 1517 4511 XII.

648 4563 812 4630 Vens.
843 4575 891 4629 1.
943 4575 1239 4642 Assumptio
1287 4570 1432 4626 uerbi
1490 4568 1702 4623 Domini
1755 4582 1910 4635 super
1957 4565 2149 4618 Israel.

577 4669 724 4724 Dixit
752 4667 1006 4722 Dominus
1032 4667 1310 4719 extendens
1342 4663 1554 4726 mlunt,
1579 4670 1628 4716 et
1669 4660 1902 4728 [nudans
1932 4668 2151 4727 terram,

576 4771 621 4816 et
639 4761 837 4830 ﬁngens
871 4759 1110 4827 spiritum
1129 4757 1356 4811 hominis
1391 4755 1446 4807 in
1467 4770 1542 4809 eo.

646 4869 929 4925 LXXXVI.
956 4870 1244 4939 Postquam
1263 4867 1408 4937 quod
1447 4864 1677 4920 sufﬁciat
1715 4862 2155 4919 commodissime

577 4962 836 5016 ditiseruit
877 4961 945 5015 de
987 4975 1116 5014 vero
1167 4967 1405 5028 pastore,
1437 4957 1559 5014 .hoc
1597 4963 1681 5010 est
1727 4953 2153 5022 Christo,atque

577 5052 743 5106 etiam
784 5051 851 5104 de
891 5050 1164 5119 imperito,
1219 5057 1276 5102 et
1334 5045 1726 5112 crudelissimo,
1777 5052 1834 5100 et
1895 5042 2152 5098 carniﬁce

575 5138 782 5204 ovium,
807 5153 969 5207 quem
1015 5135 1408 5194 Antichristum
1469 5150 1589 5190 esse
1639 5135 1888 5201 dicimus,
1945 5133 2152 5188 utiliter

574 5230 739 5290 etiam
770 5227 1076 5284 futurarum
1113 5226 1405 5296 aliquando
1463 5227 1896 5294 persecutionum
1959 5231 2146 5281 contra

572 5321 926 5387 lsraelem,et
946 5319 1256 5387 neutiquam
1297 5317 1510 5387 quidem
1573 5317 1785 5373 lsraelis
1851 5315 2148 5373 secundum

574 5427 817 5480 carnem,
845 5411 940 5468 sed
968 5408 1327 5480 intelligibilis
1360 5408 1502 5463 illius
1537 5416 1593 5462 et
1657 5423 1783 5464 vere
1837 5415 2037 5464 saneta:
2057 5404 2150 5460 Je-

576 5502 830 5566 rusalem,
856 5517 976 5572 quae
1003 5509 1088 5558 est
1116 5520 1135 5553 ι
1173 5499 1416 5557 Ecclesia
1469 5498 1561 5554 Dei
1595 5499 1825 5555 viventis
1851 5498 1896 5531 ⁸ο
1917 5518 1966 5565 ,ι
1996 5512 2146 5552 men-

578 5593 1013 5652 tioneminducit.
1043 5596 1194 5652 Sicut
1228 5595 1370 5650 enim
1399 5593 1694 5648 asserimus
1741 5607 1864 5649 esse
1890 5590 2144 5659 intelligi-

2542 4299 2927 4384 ΤΟΜΟΣ
2989 4301 3603 4391 ΠΕΜΠΤΟΣ.

2853 4449 3102 4505 ΚΕΦΑΛ.
3142 4451 3238 4506 lB'.

2331 4559 2547 4629 Λῆμμα
2573 4561 2762 4630 λόγου
2800 4563 3021 4630 Κυρίου
3078 4563 3177 4617 ἐπὶ
3226 4565 3341 4618 τὸν
3391 4569 3669 4639 Ἰσραήλ.
3706 4574 3869 4639 Λέγει

2262 4653 2499 4720 Κύριος,
2524 4653 2806 4706 ἐκτείνων
2834 4656 3114 4722 οὐρανὸν,
3144 4656 3241 4709 καὶ
3268 4661 3587 4726 θεμελιῶν
3616 4665 3757 4735 γῆν,
3782 4663 3869 4715 καὶ

2261 4743 2562 4796 πλάσσων
2594 4743 2828 4812 πνεῦμα
2856 4745 3171 4815 ἀνθρώπου
3192 4747 3262 4800 ἐν
3287 4751 3492 4817 αὐτῷ.

2335 4858 2476 4922 [ις’.
2558 4857 2912 4928 Ἀποχρῶσαν
2972 4854 3030 4914 εὖ
3096 4859 3242 4928 μάλα
3322 4867 3729 4938 ποιησάμενος
3784 4865 3876 4934 τὴν

2255 4947 2531 5017 ἀφήγησιν
2563 4947 2661 5018 τὴν
2710 4948 2802 5001 ἐπί
2850 4965 2912 5017 γε
2969 4949 3048 5019 τῷ
3078 4949 3268 5020 ἀγαθῷ
3307 4956 3553 5023 ποιμένι
3577 4995 3594 5020 ,
3632 4955 3875 5010 τουτέστι

2253 5038 2494 5109 Χριστῷ,
2551 5041 2646 5093 καὶ
2699 5039 2799 5109 μέν
2848 5058 2932 5094 τοι
2977 5041 3074 5112 τὴν
3137 5042 3230 5095 ἐπὶ
3282 5042 3370 5114 τῷ
3428 5047 3667 5120 ἀπείρῳ
3695 5066 3757 5102 τε
3790 5046 3880 5100 καὶ

2253 5129 2540 5200 ὠμοτάτῳ,
2570 5131 2663 5183 καὶ
2724 5132 3124 5203 κρεωνομοῦντι
3152 5133 3220 5186 τὰ
3253 5135 3557 5207 πρόϐατα,
3586 5141 3783 5194 τοῦτον
3827 5137 3879 5188 δὲ

2252 5213 2390 5271 εἷναί
2419 5235 2598 5289 φαμεν
2625 5220 2716 5273 τὸν
2751 5221 3137 5291 Ἀντίχριστον,
3168 5222 3568 5298 διαμέμνηται
3590 5229 3881 5301 χρησίμως

2259 5309 2354 5363 καὶ
2383 5309 2488 5364 τῶν
2541 5310 2815 5381 ἐσομένων
2848 5312 2992 5367 κατὰ
3019 5315 3243 5384 καιροὺς
3281 5314 3599 5388 διωγμῶν,
3643 5321 3793 5374 κατά
3821 5335 3878 5385 γε

2257 5400 2351 5453 τοῦ
2394 5401 2626 5472 Ἰσραὴλ,
2669 5404 2762 5457 καὶ
2792 5405 2915 5474 οὐχὶ
2961 5405 3024 5476 δὴ
3059 5406 3274 5468 πάντως
3327 5408 3440 5462 τοῦ
3475 5413 3637 5468 κατὰ
3673 5412 3882 5483 σάρκα,

2261 5489 2535 5560 μᾶλλονᾶ
2566 5490 2658 5544 τοῦ
2709 5492 2922 5562 νοητοῦ,
2959 5495 3052 5546 καὶ
3083 5493 3182 5564 τῆς
3237 5493 3414 5560 ἁγίας
3448 5497 3637 5562 ὅντως
3684 5501 3882 5568 Ἰερου-

2258 5584 2460 5654 σαλὴμ,
2483 5584 2603 5653 ἥτις
2635 5586 2782 5638 ἐστὶν
2811 5603 2830 5636 t
2863 5585 3158 5656 Ἐκκλησία
3183 5584 3324 5638 Θεοῦ
3360 5587 3613 5655 ζῶντος.
3631 5611 3651 5643 ι
3676 5591 3886 5658 Ὠσπερ

648 5709 691 5738 ³⁵
725 5707 908 5768 Matth.
934 5728 1083 5768 mu.
1122 5713 1204 5767 l5.
1267 5711 1311 5743 ³⁸
1349 5708 1521 5765 Exod.
1557 5724 1646 5776 xv,
1672 5706 1756 5763 16.
1811 5708 1852 5740 ³⁷
1878 5706 2021 5764 Psal.
2056 5721 2153 5761 XVI?

2262 5702 2314 5758 9.
2393 5698 2440 5731 “
2470 5697 2513 5751 ll
2547 5698 2672 5752 Cor.
2702 5714 2788 5768 III,
2819 5699 2906 5756 15.
2964 5699 3008 5735 ³⁹
3034 5699 3178 5757 Psal.
3211 5713 3422 5768 ωινιιι,
3463 5703 3566 5758 24.
3617 5704 3710 5759 ⁸⁸1
3743 5703 3883 5759 Tim.

578 5795 659 5844 Ill,
695 5778 778 5831 15.
