4098 6476
269 426 380 482 ξοδ

1098 423 1653 482 COMMENTARIUS
1691 425 1758 481 lN
1798 421 2202 482 ZACHARIAM
2239 416 2686 477 PROPHETAM.

3445 423 3552 478 206

267 539 384 613 γὰρ
417 535 559 594 εἶναι
595 555 776 611 φαμεν
813 538 1004 610 νοητὸν
1043 540 1314 606 Ἰουδαῖον,
1365 540 1459 594 τὸν
1488 541 1682 611 ἔχοντα
1713 556 1862 611 περι-

1973 534 2420 602 bilemJudmum,
2445 535 2736 589 habentem
2771 529 3244 588 circumcisionem
3293 531 3346 585 in
3394 535 3556 590 corde

268 631 449 704 τομὴν
471 633 532 686 ἐν
561 631 782 703 καρδίᾳ,
806 631 907 704 τὴν
931 631 1021 685 διά
1044 630 1138 685 τοῦ
1166 632 1500 702 πνεύματος,
1529 631 1623 684 καὶ⁸
1659 631 1778 701 οὐχὶ
1799 631 1866 698 δὴ

268 722 495 786 πάντως
521 721 620 791 τὴν
649 722 708 774 ὲν
737 721 906 790 σαρκὶ
929 720 1021 774 διὰ
1076 721 1426 792 γράμματος’
1460 719 1602 774 οὕτω
1631 721 1728 773 καὶ
1762 721 1864 772 Ἰσ-

260 811 415 884 ραὴλ
441 810 684 864 νοεῖσθαι
715 809 845 880 φαίη
898 827 984 873 τις
1019 809 1108 874 ἂν,
1138 811 1263 879 οὐχὶ
1314 811 1534 872 πάντως
1561 810 1653 863 τὸν
1685 807 1745 874 ἐξ
1778 809 1863 862 αἴ-

269 917 447 970 ματος
472 899 718 971 Ἰσραὴλ,
733 900 945 953 ἐκεῖνον
971 899 1032 952 δὲ
1059 898 1356 970 μᾶλλον,ὃς
1379 898 1490 969 ἔχει
1511 898 1636 952 νοῦν
1655 898 1866 970 ὁρῶντα

259 989 428 1046 Θεόν.
458 991 710 1044 Τοιοῦτοι
737 991 794 1044 δὲ
829 991 1048 1054 πάντως
1065 991 1116 1043 οί
1130 989 1220 1043 διὰ
1244 990 1482 1053 πίστεως
1504 990 1604 1061 τῆς
1623 991 1702 1053 είς
1731 990 1867 1060 Χρι-

265 1081 398 1136 στὺν
435 1083 772 1154 κεκλημένοι
829 1082 968 1154 πρὸς
1013 1082 1312 1153 ἀγιασμὺν,
1365 1083 1686 1151 ἐγνωκότες
1713 1099 1771 1135 τε
1797 1081 1864 1135 δι’

263 1175 460 1240 αὐτοῦ,
496 1175 594 1228 καὶ
621 1175 680 1228 ὲν
724 1174 874 1246 αὐτῷ
895 1175 986 1228 τὸν
1014 1173 1148 1229 Θεὸν
1206 1174 1303 1228 καὶ
1323 1173 1569 1246 Πατέρα.
1597 1173 1866 1238 Θεσπείας

261 1265 382 1336 γὰρ
419 1267 610 1319 οὑτοσὶ⁸
634 1266 839 1338 τρόπος
876 1267 1121 1338 ἀτρεκὴς
1149 1266 1244 1320 καὶ
1299 1265 1598 1336 ἐξαίρετος.
1636 1264 1868 1336 Λαμσά-

260 1375 423 1412 νεται
452 1358 636 1412 τοίνυν
655 1359 685 1410 6
712 1357 872 1427 λόγος
898 1357 994 1412 ἐπὶ
1030 1356 1122 1410 τὸν
1163 1356 1369 1428 ἀρτίως
1415 1357 1548 1428 ἡμῖν
1576 1355 1866 1428 εἰρημένον

275 1452 526 1524 Ἰσραήλ.
557 1452 682 1504 Ὀτι
720 1451 782 1504 δέ
837 1453 956 1505 ἐστι
979 1449 1264 1520 παναλκὴς
1290 1451 1319 1503 6
1345 1449 1454 1503 τῶν
1479 1449 1619 1504 ὅλων
1654 1449 1807 1514 Θεὸς,
1836 1451 1867 1504 6

258 1541 333 1594 τά
358 1541 458 1594 ἐπὶ
493 1539 708 1604 τούτοις
740 1541 874 1611 ἡμῖν
900 1539 1227 1610 ποιούμενος
1257 1539 1704 1611 πρωνάρῤησιν,
1727 1539 1867 1593 ἀπο-

261 1631 475 1701 φαίνει,
527 1631 722 1700 λέγωψ
776 1649 801 1682 ‹
834 1631 1124 1686 Ἐκτείνων
1152 1630 1402 1702 οὐρανὸν,
1453 1631 1552 1684 καὶ
1598 1629 1866 1701 Θεμελιῶν

259 1725 392 1796 γῆν,
453 1723 549 1776 καὶ
595 1723 856 1777 πλάσσων
909 1720 1129 1793 πνεῦμα
1172 1721 1463 1794 ἀνθρώπου
1512 1723 1570 1775 ὲν
1631 1722 1803 1794 αὐτῷ.
1839 1742 1860 1775 s

255 1818 494 1888 Δέχεται
527 1815 657 1887 γὰρ,
684 1815 872 1888 φησὶν,
902 1814 998 1868 ἐπὶ
1043 1814 1136 1868 τὸν
1174 1813 1390 1886 Ἰσραὴλ
1435 1813 1497 1867 τὺ
1543 1814 1740 1886 λῆμμα
1766 1815 1864 1869 τοῦ

256 1881 427 1978 λόγου
455 1881 620 1971 Osi»;-
698 1881 909 1962 vanive:
965 1906 1187 1978 ἰσχύων,
1306 1881 1418 1961 Καὶ
1464 1881 1722 1961 ἐκτείνων
1764 1908 1864 1978 μὲν
1897 1881 1940 1938 Β

253 2002 398 2055 ὡσεὶ
421 1999 611 2072 δέῥριν
637 1999 732 2052 τὸν
759 1997 1014 2070 οὐρανὸν,
1051 2017 1076 2050 s
1115 1998 1258 2051 κατά
1295 1996 1394 2067 τὴν
1433 1996 1526 2050 τοῦ
1567 1997 1863 2068 ψάλλοντος

255 2093 475 2164 φωνὴν,
511 2091 868 2162 ἑδραιοτάτην
912 2089 971 2143 δὲ
1005 2089 1177 2153 οὕτως
1227 2089 1516 2160 ἀποφήνας
1561 2089 1662 2161 τὴν
1714 2090 1822 2160 γῆν
1845 2131 1861 2158 ,

253 2185 338 2248 ὡς
363 2185 457 2238 ἀεί
499 2202 561 2238 τε
601 2184 696 2238 καὶ
745 2181 1044 2245 διαπαντὸς
1085 2180 1400 2252 ἀκλονήτως
1447 2180 1627 2251 ἔχειν,
1684 2181 1865 2236 καίτοι

256 2275 747 2348 τεθεμελιωμένην
774 2275 870 2327 ἐπὶ
901 2273 1209 2328 Θαλασσῶν.
1253 2273 1401 2344 Ἔφη
1448 2273 1558 2344 γὰρ
1606 2273 1781 2337 οὕτως
1827 2275 1862 2346 ἠ

254 2365 630 2429 θεόπνευστος
684 2365 903 2437 Γραφὴ·
958 2382 978 2415 ι
1024 2362 1138 2417 Καὶ
1192 2361 1450 2417 πλάσσων
1505 2363 1724 2434 πνεῦμα
1772 2364 1867 2418 ἀν-

255 2457 490 2529 θρώπου
515 2459 574 2510 ὲν
605 2454 776 2526 αὐτῷ.
805 2474 823 2508 ι
864 2457 926 2509 '0
953 2455 1010 2508 δὲ
1035 2455 1100 2525 δὴ
1129 2453 1272 2509 οὕτω
1299 2455 1552 2527 μεγάλων
1599 2455 1865 2529 δημιουρ-

255 2548 357 2619 γὸς
409 2548 508 2604 καὶ
538 2547 814 2622 τεχνίτης,
848 2548 967 2613 πῶς
1019 2547 1119 2602 οὐκ
1156 2546 1432 2618 ἀνιδρωτὶ,
1477 2548 1572 2602 καὶ
1599 2546 1746 2617 μάλα
1775 2549 1866 2601 εὐ-

258 2643 444 2707 κόλως
472 2643 536 2697 τὸ
570 2641 722 2712 αὐτῷ
753 2640 949 2695 δοκοῦν
1010 2640 1390 2710 ἀποπερανεί;
1447 2639 1757 2693 Πλάσσεται
1807 2639 1867 2694 δὲ

259 2734 490 2804 πνεῦμα
528 2733 824 2806 ἀνθρώπου
858 2735 917 2788 ὲν
943 2731 1115 2806 αὐτῷ,
1145 2733 1246 2786 οὐκ
1269 2733 1349 2796 είς
1378 2731 1555 2802 ἀρχὰς
1588 2733 1686 2786 τοῦ
1723 2728 1865 2786 εἶναι

259 2826 631 2897 καλούμενον,
657 2827 706 2879 εί
744 2824 842 2878 καὶ
867 2824 1063 2894 γέγονε
1101 2823 1170 2878 δι’
1199 2821 1388 2886 αὑτοῦ,
1415 2822 1531 2876 ἀλλ’
1553 2819 1664 2877 οἷον
1695 2839 1866 2894 μετα-

257 2918 677 2993 μορφούμενον,
708 2916 768 2983 ἐξ
788 2915 1071 2981 ἀσθενείας
1105 2916 1187 2979 είς
1210 2914 1464 2984 δύναμιν,
1490 2915 1551 2979 ἐξ
1578 2914 1868 2986 ἀνανδρίας

258 3012 342 3075 εἰς
375 3008 682 3080 ὑπομονὴν,
711 3009 807 3061 καὶ
838 3007 1200 3072 ἁπαξαπλῶς,
1237 3007 1304 3060 ὲκ
1329 3007 1437 3060 τῶν
1468 3006 1761 3076 αἰσχιόνων
1785 3007 1868 3070 είς

256 3104 329 3157 τά
351 3103 573 3174 ἀμείνω
636 3099 1218 3171 μεταστοιχειούμενον
1273 3098 1502 3168 νοητῶς.
1561 3097 1770 3152 sane:
1808 3097 1867 3152 δὲ

1973 643 2066 698 per
2098 628 2375 699 spiritum,
2415 635 2469 681 et
2491 625 2718 680 minime
2754 638 2876 680 eam
2901 637 3024 692 qua:
3053 630 3139 677 est
3171 621 3226 676 in
3250 635 3417 678 carne
3462 637 3554 679 se-

1972 721 2209 774 cundum
2241 719 2478 774 litteram
2512 733 2527 771 :
2564 719 2650 774 ita
2671 726 2727 773 et
2771 715 3025 772 lsraelem
3082 713 3307 785 intelligi
3359 715 3558 771 dixerit

1972 810 2266 881 quispiam,
2287 825 2402 865 non
2418 809 2606 879 utique
2627 809 2722 879 qui
2755 816 2842 864 cst
2857 811 2924 864 de
2953 806 3217 878 sanguine
3245 806 3435 874 Israel,
3461 808 3554 863 sed

1972 901 2122 956 illum
2156 902 2336 971 potius
2368 900 2461 970 qui
2525 900 2692 956 habet
2741 908 2976 956 mentem
3041 897 3314 954 videntem
3365 897 3553 952 Deum.

1971 992 2131 1048 Tales
2160 993 2294 1048 citra
2319 992 2748 1047 controversiam
2782 998 2910 1046 sunt
2938 1003 3036 1060 per
3080 987 3243 1044 iidem
3301 987 3358 1042 in
3398 985 3559 1044 Chri-

1971 1094 2115 1138 stum
2141 1083 2318 1140 vocati
2343 1081 2411 1138 ad
2439 1081 2954 1149 sanctiﬁcationem,
2985 1081 3193 1152 quique
3249 1094 3348 1151 per
3372 1079 3553 1152 ipsum

1969 1185 2026 1232 et
2081 1177 2136 1232 in
2170 1176 2288 1247 ipso
2337 1174 2556 1232 Patrem
2578 1184 2971 1246 cognoverunt.
3007 1172 3108 1228 Hic
3157 1173 3302 1228 enim
3359 1173 3557 1228 modus

1970 1268 2168 1324 divinae
2190 1268 2416 1326 visionis
2451 1282 2617 1324 verus
2671 1275 2727 1322 et
2752 1265 2985 1322 eximius
3004 1273 3107 1322 est.
3142 1262 3553 1336 lnterpretanda

1970 1361 2139 1430 igitur
2168 1369 2296 1417 sunt
2335 1361 2451 1417 haec
2477 1362 2640 1418 verba
2674 1360 2741 1416 de
2763 1359 2984 1426 Israele,
3015 1360 3083 1416 de
3127 1373 3237 1429 quo
3283 1357 3394 1428 jam
3415 1357 3555 1413 diii-

1969 1466 2110 1508 mus.
2144 1451 2525 1508 Fortissimum
2549 1462 2731 1506 autem
2753 1463 2878 1505 esse
2926 1448 3094 1503 Deum
3152 1447 3551 1510 universorum,

1968 1545 2059 1616 qui
2095 1545 2250 1601 nobis
2274 1544 2560 1615 sequentia
2609 1541 2878 1613 pradicit,
2920 1540 3286 1606 demonstrat,
3319 1539 3508 1594 dicens
3533 1555 3552 1593 :

1971 1655 1994 1690 ‹
2024 1637 2335 1693 Estendens
2361 1636 2584 1702 caelum,
2627 1643 2685 1690 et
2709 1634 2941 1690 fundans
2983 1642 3210 1698 terram,
3244 1632 3558 1688 etiormans

1968 1729 2219 1800 spiritum
2251 1729 2489 1785 hominis
2518 1728 2574 1784 in
2616 1728 2752 1799 ipso.
2784 1745 2804 1780 ι
2862 1727 3076 1798 Accipit
3119 1724 3287 1791 enim,
3354 1723 3556 1794 inquit,

1970 1819 2323 1892 superlsrael
2363 1820 2792 1892 assumptionem
2846 1820 2996 1874 verbi
3049 1819 3196 1874 Deus
3251 1816 3344 1888 qui
3381 1825 3562 1887 potest.

1967 1915 2176 1981 omnia,
2200 1934 2220 1968 ι
2250 1925 2303 1971 et
2326 1916 2627 1970 extendens
2656 1913 2853 1968 coelum
2878 1911 3020 1968 sicut
3051 1911 3248 1980 pellem
3271 1908 3374 1975 “,1
3402 1908 3557 1980 juxta

1966 2021 2156 2064 vocem
2176 2006 2507 2073 Psalmistae,
2533 2005 2902 2060 ﬁrmissimam
2934 2012 3118 2058 autem
3176 2001 3410 2056 reddens
3449 2007 3560 2053 ter-

1969 2115 2084 2155 ram
2114 2107 2174 2154 ut
2210 2113 2429 2168 semper
2458 2107 2515 2153 et
2543 2097 2906 2166 undequaque
2920 2095 2992 2150 sit
3016 2092 3331 2158 immobilis,
3359 2105 3557 2160 quam-

1971 2191 2054 2248 vis
2079 2192 2302 2247 fundata
2345 2204 2512 2260 super
2529 2190 2724 2244 maria.
2767 2186 3052 2255 Quomodo
3076 2186 3153 2240 ait
3183 2183 3444 2239 divinitus
3470 2182 3555 2236 in-

1969 2285 2174 2354 spirata
2207 2281 2490 2352 Scriptura
2525 2298 2537 2335 :
2567 2299 2588 2332 ‹
2629 2279 2696 2334 Ει
2747 2278 2958 2349 fingens
3005 2276 3264 2346 spiritum
3315 2271 3558 2330 hominis
3651 2296 3664 2303 -

1969 2377 2023 2431 in
2045 2376 2190 2446 ipso.
2223 2393 2243 2428 ι
2287 2373 2436 2430 Adeo
2463 2373 2608 2428 enim
2637 2386 2954 2441 magnarum
2980 2384 3162 2426 rerum
3203 2367 3458 2424 conditor
3503 2377 3561 2421 et

1967 2468 2172 2540 opifex,
2189 2468 2462 2538 quomodo
2480 2479 2586 2521 non
2611 2464 2750 2519 citra
2774 2463 3027 2518 sudorem
3055 2469 3111 2518 et
3141 2459 3394 2516 facillime
3414 2460 3558 2525 quod

1970 2561 2202 2618 voluerit
2228 2557 2525 2617 conﬁciet?
2561 2557 2810 2628 Fingitur
2847 2564 3030 2610 autem
3067 2553 3291 2624 spiritus
3321 2551 3560 2607 hominis

1971 2655 2025 2710 in
2071 2655 2206 2723 ipso,
2271 2655 2395 2708 non'
2441 2653 2509 2706 ad
2572 2649 2788 2706 initium
2830 2648 3086 2703 essentia:
3140 2659 3254 2700 suae
3311 2652 3558 2709 vocatus,

1969 2745 2218 2816 quamvis
2246 2759 2342 2816 per
2387 2743 2566 2814 ipsum
2616 2741 2792 2796 factus
2837 2739 2909 2795 sit
2959 2753 2974 2792 :
3041 2736 3203 2813 7'73
3251 2737 3346 2794 sed
3403 2737 3561 2806 quasi

1972 2836 2414 2899 transformatus,
2440 2850 2505 2889 es
2537 2831 2906 2888 imbecillitate
2925 2831 2996 2886 ad
3019 2831 3297 2893 virtutem,
3316 2845 3382 2885 ex
3404 2831 3560 2901 igna-

1970 2931 2058 2985 via
2090 2930 2155 2984 ad
2185 2928 2536 3000 patientiam,
2559 2934 2616 2981 et
2674 2924 2942 2990 absolute,
2976 2939 3044 2978 ex
3097 2921 3437 2992 turpiorihus
3489 2922 3559 2976 ad

1971 3016 2622 3086 honestiora,secundum
2655 3015 2801 3085 quod
2836 3011 3180 3084 intelligitur,
3208 3011 3554 3067 reformatus.

1971 3095 2170 3167 Psallit'
2176 3118 2234 3165 et
2261 3109 2476 3163 divinus
2508 3106 2710 3161 David:
2743 3121 2765 3156 ι
2796 3102 2906 3158 Cor
2936 3102 3197 3157 mundum
3224 3116 3349 3158 crca
3367 3102 3422 3157 in
3449 3116 3560 3168 me,

258 3196 363 3248 καὶ
410 3195 441 3246 6
508 3191 804 3254 θεσπέσιος
831 3189 1012 3244 Δαῦίδ·
1054 3189 1337 3260 «Καρδίαν
1369 3188 1622 3260 καθαρὰν
1680 3189 1867 3244 κτίσον

1975 3203 2138 3268 Deus,
2206 3207 2264 3256 et
2315 3199 2566 3270 spiritum
2621 3204 2834 3252 rectum
2879 3193 3080 3249 innova
3130 3192 3186 3247 in
3257 3192 3562 3247 visceribus

259 3289 324 3341 ὲν
347 3286 508 3357 ἐμοὶ,
537 3287 566 3338 6
593 3283 751 3352 Θεὸς,
784 3283 880 3337 καὶ
909 3282 1128 3352 πνεῦμα
1148 3281 1303 3346 esse;
1326 3281 1639 3351 ὲγ-καίνισον
1671 3283 1730 3335 ὲν
1755 3284 1870 3346 τοίς

259 3380 529 3450 ὲγκάτοις
563 3395 688 3449 μου.
722 3396 742 3430 ι
780 3376 892 3432 Καὶ
927 3375 990 3430 οὐ
1039 3375 1109 3447 δή
1158 3391 1264 3428 που
1313 3373 1448 3444 φαίη
1479 3391 1565 3437 τις
1593 3373 1683 3440 ἂν,
1713 3374 1870 3446 είπερ

258 3469 392 3523 νοῦν
415 3468 558 3540 ἔχει,
584 3465 818 3538 καρδίαν
863 3465 899 3537 ἢ
947 3462 1168 3536 πνεῦμα
1217 3463 1508 3535 βούλεσθαι
1541 3463 1728 3517 λαϐεῖν
1747 3505 1764 3529 ,
1795 3463 1873 3526 ὡς

255 3563 370 3616 οὐκ
391 3560 595 3631 ἔχοντα
619 3559 720 3630 τὴν
747 3558 948 3630 ἀρχήψ
981 3556 1196 3628 οἰηθείη
1225 3556 1271 3610 δ’
1294 3557 1362 3611 ἂν
1396 3556 1601 3628 μᾶλλον
1635 3558 1693 3611 ὲν
1723 3554 1873 3626 αὐτῷ

263 3652 560 3717 κτίζεσοαι
590 3649 936 3722 παρακαλεῖν
971 3648 1201 3720 καρδίαν
1224 3647 1496 3720 καθαρὰν,
1523 3647 1620 3702 καὶ
1654 3646 1875 3718 πνεῦμα

259 3745 451 3809 eam.
521 3743 634 3797 Καὶ
667 3741 832 3796 τοῦτό
877 3742 1026 3796 ἐστιν
1077 3742 1106 3794 ὁ
1155 3739 1569 3810 μεταπλασμός.
1620 3737 1784 3800 Ἔθος
1815 3737 1875 3791 δὲ

263 3840 386 3900 τοῖς
420 3835 606 3905 ἁγίοις
645 3835 975 3906 προφήταις,
1008 3833 1058 3885 εί
1103 3831 1169 3903 δὴ
1224 3831 1470 3903 μέλλοιεν
1496 3830 1600 3884 οὐκ
1641 3831 1876 3883 εὐκατα-

267 3932 566 4003 φρονήτων
593 3927 942 4000 πραγμάτων
969 3924 1241 3979 ποιεῖσθαι
1296 3925 1708 3996 προαφήγησιν,
1737 3937 1876 3976 παν-

269 4024 445 4092 σοενῆ
480 4039 543 4075 τε
574 4022 670 4076 καὶ
696 4019 1080 4092 ἀλκιμώτατον
1115 4019 1544 4089 προαναφαίνειν
1575 4016 1874 4089 πειρᾶσθαι

267 4116 366 4168 τὸν
386 4114 532 4169 ὅλων
563 4113 720 4179 Θεὸν,
749 4111 836 4166 ἵνα
895 4110 1234 4182 πανταχόθεν
1269 4111 1299 4163 6
1351 4107 1511 4178 λόγος
1562 4108 1747 4172 αὐτοῖς
1775 4107 1874 4180 ἔχῃ

268 4207 335 4260 τὸ
362 4205 586 4277 βέϐαιον
609 4207 690 4268 είς
731 4204 938 4271 πίστιν,
996 4202 1101 4257 κάν
1153 4203 1204 4255 εί
1252 4199 1464 4270 λέγοιεν
1499 4199 1610 4252 τῶν
1643 4198 1877 4254 ἐλπίδων

269 4299 560 4363 ἐπέκεινα,
589 4299 687 4350 καὶ
712 4297 837 4350 ὅσον
886 4295 1012 4365 ἣκει
1067 4294 1242 4350 εἰπεῖν
1297 4292 1378 4354 είς
1430 4289 1641 4344 ἔννοιαν
1691 4289 1790 4362 τὴν
1817 4291 1876 4343 ὲν

270 4393 431 4463 ἡμῖν,
471 4388 580 4452 ἔξω
612 4387 709 4440 τοῦ
731 4388 891 4456 λόγου
919 4387 1014 4441 καὶ⁸
1046 4381 1447 4453 ἀπιστούμενα.

359 4481 514 4536 Ἰδοὺ
541 4478 658 4549 ἐγὼ
679 4479 882 4548 τίθημι
909 4477 1026 4546 τὴν
1047 4472 1442 4544 Ἰερουσαλὴμ
1471 4472 1552 4538 ὡς
1583 4471 1872 4540 πρόθυρα,

1975 3294 2112 3351 meis
2140 3293 2208 3347 δ’.
2242 3311 2262 3345 ι
2300 3290 2486 3361 Neque
2516 3288 2659 3344 dicet
2694 3285 2960 3357 quispiam
2989 3285 3189 3341 mentis
3219 3299 3446 3356 compos
3497 3283 3564 3337 ii-

1975 3388 2086 3442 iu-m
2121 3385 2260 3442 velle
2285 3399 2382 3440 cor
2427 3391 2484 3438 et
2516 3381 2768 3452 spiritum
2815 3377 3066 3448 adipisci,
3127 3376 3284 3448 quasi
3339 3390 3566 3446 prorsus

1975 3495 2081 3536 non
2102 3477 2339 3534 habeat:
2374 3477 2468 3532 sed
2489 3474 2703 3544 putabit
2725 3474 2913 3544 potius
2968 3483 3181 3542 rogare,
3225 3477 3286 3525 ut
3349 3469 3402 3524 in
3447 3469 3566 3539 ipso

1973 3586 2072 3627 cor
2093 3569 2352 3625 mundum
2385 3577 2442 3623 et
2479 3566 2707 3636 spiritus
2740 3574 2928 3621 rectus
2949 3571 3186 3619 creetur.
3235 3562 3414 3632 Atque
3451 3563 3566 3616 haec

1974 3671 2060 3716 est
2087 3657 2520 3714 transformatio.
2544 3655 2961 3712 Consueverunt
2987 3662 3169 3707 autem
3199 3651 3375 3707 sancti
3433 3665 3563 3721 pro-

1972 3754 2154 3826 pheta:
2183 3767 2288 3807 non
2354 3749 2595 3818 vulgaria
2653 3747 2990 3820 praedicturi,
3044 3745 3196 3814 prius
3234 3745 3446 3809 conari,
3507 3755 3569 3798 ut

1978 3844 2148 3900 Deum
2182 3841 2567 3898 universorum
2599 3838 2808 3895 viribus
2851 3836 3285 3892 valentissimum
3315 3845 3371 3891 et
3401 3835 3567 3892 robu-

1979 3937 2276 3994 stissimum
2300 3935 2612 3998 ostendant,
2634 3947 2742 4002 quo
2757 3947 2944 3988 eorum
2958 3931 3134 3987 oratio
3153 3945 3219 3986 ex
3242 3930 3388 3985 omni
3412 3938 3567 4000 parte

1978 4033 2228 4089 stabilem
2261 4031 2420 4086 iidem
2443 4035 2832 4098 consequatur,
2861 4023 3112 4094 quamvis
3130 4038 3228 4094 spe
3258 4022 3468 4092 majora
3483 4032 3560 4087 et,

1976 4126 2022 4182 si
2056 4139 2171 4180 rem
2198 4122 2531 4193 cogitatione
2567 4121 2803 4174 humana
2839 4116 3154 4183 metiamur,
3195 4121 3414 4186 captum
3467 4130 3566 4170 no-

1977 4225 2152 4275 strum
2179 4213 2500 4272 excedentia
2530 4222 2584 4268 et
2605 4207 2945 4265 incredibilia
2979 4206 3180 4262 dicant.

2053 4474 2217 4531 Vsus.
2254 4475 2312 4543 2,
2347 4473 2402 4529 3.
2433 4471 2573 4527 Ecce
2596 4485 2692 4542 ego
2718 4485 2857 4540 pono
2893 4466 3196 4524 Jerusalem
3219 4468 3356 4523 sicut
3399 4469 3564 4524 vestiu

268 4573 669 4642 σαλευόμενα
695 4569 850 4624 πᾶσι
905 4569 1032 4635 τοῖς
1065 4566 1240 4633 λαοῖς
1282 4567 1510 4631 κύκλῳ,
1551 4564 1651 4618 καί
1691 4563 1762 4618 ἐν
1796 4563 1874 4633 τῇ

1980 4569 2124 4634 bula,
2152 4584 2270 4640 qua:
2291 4575 2563 4622 moventur
2588 4563 2830 4619 omnibus
2876 4559 3082 4632 pepulis
3117 4561 3172 4615 ist
3207 4561 3438 4616 circuitu
3461 4577 3481 4616 :
3515 4569 3569 4615 et

286 4664 560 4730 Ἰουδαίᾳ
602 4661 779 4717 ἔσται
835 4658 1087 4730 περιοχὴ
1137 4657 1241 4712 ἐπὶ
1293 4654 1706 4726 Ἰερουσαλήμ.
1761 4653 1874 4708 Καὶ

270 4760 451 4814 ἔσται
479 4756 554 4809 ἐν
598 4753 676 4818 τῆ
717 4751 912 4824 ἡμέρᾳ
945 4751 1171 4818 ἐκείνῃ,
1211 4748 1470 4818 θήσομαι
1505 4745 1620 4815 τὴν
1654 4745 1875 4812 Ἰερου-

265 4845 496 4914 σαλὴμ
531 4843 711 4898 λίθον
749 4840 1281 4910 καταπατούμενον
1302 4837 1457 4893 πᾶσι
1482 4835 1611 4902 τοῖς
1644 4835 1870 4889 ἔθνεσι.

269 4938 404 5004 Πᾶς
429 4939 466 4991 ό
514 4931 878 4990 καταπατῶν
932 4931 1130 5000 αὐτὴν
1155 4929 1454 5000 ἐμπαίζων
1487 4926 1873 4997 ἐμπαίξεται,

273 5029 375 5082 καί
419 5024 926 5094 συναχθήσονται
975 5022 1068 5086 ἐφ’
1106 5017 1304 5087 αὐτὴν
1361 5017 1559 5071 πάντα
1611 5014 1685 5068 τὰ
1734 5013 1880 5082 ἔθνη

271 5120 385 5189 τῆς
409 5116 548 5190 γῆςο

347 5213 478 5266 ΠΖ’.
516 5209 609 5264 Ἐν
635 5210 750 5271 τοίς
774 5207 874 5279 ἠδη
927 5202 1478 5277 προαπηγγελμένοις
1526 5202 1556 5254 6
1600 5199 1741 5255 κατά
1779 5197 1881 5267 γῆς

283 5304 556 5367 Ἰουδαίας
581 5301 822 5372 πόλεμος
840 5299 930 5354 διὰ
953 5299 1055 5369 τῆς
1095 5294 1384 5367 Ῥωμαίων
1425 5295 1682 5365 ἐσόμενος
1713 5307 1880 5362 στρα-

273 5401 398 5463 τιᾶς
432 5399 626 5466 εἴρητο
665 5394 874 5464 σαφῶς.
911 5391 1022 5445 Καὶ
1047 5389 1178 5460 γοῦν
1239 5387 1466 5458 ἔφασκε·
1506 5406 1530 5437 ‹
1563 5383 1720 5456 Φωνὴ
1745 5384 1878 5455 θρη-

275 5490 517 5544 νούντων
577 5485 874 5556 ποιμένων,
929 5483 1013 5537 ὅτι
1062 5477 1546 5548 τεταλαιπωρηκεν
1602 5477 1636 5546 ἡ
1701 5491 1875 5545 μεγα-

273 5583 479 5652 λοσύνη
509 5578 714 5634 αὐτῶν.
751 5597 770 5632 s
807 5578 917 5632 Καὶ
953 5576 1071 5648 μεθ’
1099 5574 1262 5646 ἕτερα
1305 5569 1488 5625 πάλινο
1523 5589 1541 5621 ι
1576 5567 1674 5621 Διά
1717 5565 1876 5620 τοῦτο

273 5677 335 5730 οὐ
361 5675 626 5746 φείσομαι
651 5672 729 5726 ἔτι
763 5672 856 5726 ἐπὶ
876 5671 1004 5735 τοὺς
1026 5666 1412 5730 κατοικοῦντας
1447 5663 1548 5735 τὴν
1568 5662 1695 5732 γῆν,
1723 5660 1874 5730 λέγει

349 5856 392 5888 ⁸¹
422 5853 570 5911 Psal.
598 5866 718 5917 cm,
747 5850 800 5906 2.
879 5853 924 5884 "
964 5849 1108 5906 Psal.
1138 5865 1192 5913 ι,
1230 5847 1318 5901 l2.

1395 5847 1442 5879 "
1471 5841 1700 5898 Zacltar.
1735 5855 1811 5905 st,
1843 5837 1897 5891 3.

1980 4664 2035 4718 in
2060 4662 2255 4717 ludam
2279 4662 2377 4714 erit
2407 4659 2606 4714 obsidio
2632 4673 2789 4726 super
2814 4654 3133 4710 Jerusalem.
3161 4654 3232 4709 Et
3260 4655 3357 4709 erit
3402 4656 3457 4708 in
3482 4655 3569 4708 die

1979 4755 2100 4822 illa,
2115 4769 2306 4823 ponam
2337 4751 2635 4806 Jerusalem
2693 4748 2920 4818 lapidem
2949 4746 3316 4801 conculcalum
3362 4746 3567 4800 cunctis

1977 4846 2235 4917 gentibus.
2273 4842 2459 4897 Omnis
2487 4841 2699 4894 calcans
2719 4855 2855 4903 earn,
2877 4837 3102 4892 illudens
3122 4837 3332 4904 illudet,
3357 4846 3406 4892 et
3439 4851 3569 4892 con-

1978 4939 2338 5007 gregabantur
2361 4950 2520 5003 super
2551 4949 2667 4987 eam
2685 4948 2866 4987 omnes
2891 4940 3068 5002 gentes
3100 4940 3281 4986 terrea.

2046 5195 2364 5255 LXXXV“.
2391 5195 2452 5250 in
2498 5194 2938 5266 praedictionibus
2987 5195 3320 5262 antegressis
3368 5189 3567 5245 bellum

1977 5292 2178 5348 Iudaeae
2203 5305 2232 5345 a
2265 5290 2512 5346 Romano
2533 5287 2776 5343 exercitu
2814 5283 3155 5341 inferendum
3191 5281 3422 5338 dilucide
3451 5294 3568 5333 me-

1987 5392 2254 5441 moratur.
2275 5381 2502 5437 Dicebat
2522 5381 2686 5451 igitur
2709 5394 2910 5450 supra:
2939 5395 2958 5429 ι
2998 5376 3114 5432 Vox
3151 5371 3567 5431 lamentantium

1984 5482 2286 5546 pastorum,
2311 5470 2569 5542 quoniam
2594 5469 2796 5526 misera
2843 5466 2982 5523 facta
3025 5473 3111 5520 est
3163 5459 3565 5532 magnilicentia

1983 5567 2223 5638 ipsorum
2248 5563 2315 5618 “.
2351 5581 2370 5616 ι
2403 5562 2470 5618 Et
2501 5561 2662 5633 paulo
2715 5568 2877 5632 post:
2920 5576 2940 5610 ι
3006 5559 3233 5626 Propter
3296 5554 3402 5609 hoc
3457 5567 3567 5608 non

1984 5671 2205 5728 parcam
2240 5668 2404 5725 super
2457 5652 2766 5710 habitantes
2830 5661 3056 5715 terram,
3105 5645 3240 5704 dicit
3285 5643 3566 5701 Dominus.
