  <div class='ocr_page' id='page_1' title='image "/cluster/home/n/w/nwhite01/storage/ocr_20150623/72:no.5/coo.31924054869700/111.png"; bbox 0 0 4098 6510; ppageno 0'>
   <div class='ocr_carea' id='block_1_1' title="bbox 521 411 624 466">
    <p class='ocr_par' dir='ltr' id='par_1_1' title="bbox 521 411 624 466">
     <span class='ocr_line' id='line_1_1' title="bbox 521 411 624 466; baseline -0.01 0"><span class='ocrx_word' id='word_1_1' title='bbox 521 411 624 466; x_wconf 76' lang='grc'><strong>207</strong></span> 
     </span>
    </p>
   </div>
   <div class='ocr_carea' id='block_1_2' title="bbox 1544 395 2786 455">
    <p class='ocr_par' dir='ltr' id='par_1_2' title="bbox 1544 395 2786 455">
     <span class='ocr_line' id='line_1_2' title="bbox 1544 395 2786 455; baseline -0.002 -2"><span class='ocrx_word' id='word_1_2' title='bbox 1544 400 1600 453; x_wconf 89' lang='lat' dir='ltr'><strong>S.</strong></span> <span class='ocrx_word' id='word_1_3' title='bbox 1641 399 1912 455; x_wconf 72' lang='lat' dir='ltr'><strong>CYRILLI</strong></span> <span class='ocrx_word' id='word_1_4' title='bbox 1952 395 2425 452; x_wconf 71' lang='lat' dir='ltr'><strong>ALEXANDRINI</strong></span> <span class='ocrx_word' id='word_1_5' title='bbox 2464 395 2786 452; x_wconf 76' lang='lat' dir='ltr'><strong>ARCIIIEP.</strong></span> 
     </span>
    </p>
   </div>
   <div class='ocr_carea' id='block_1_3' title="bbox 3673 399 3777 454">
    <p class='ocr_par' dir='ltr' id='par_1_3' title="bbox 3673 399 3777 454">
     <span class='ocr_line' id='line_1_3' title="bbox 3673 399 3777 454; baseline 0.01 -2"><span class='ocrx_word' id='word_1_6' title='bbox 3673 399 3777 454; x_wconf 75' lang='grc'><strong>208</strong></span> 
     </span>
    </p>
   </div>
   <div class='ocr_carea' id='block_1_4' title="bbox 519 510 2092 594">
    <p class='ocr_par' dir='ltr' id='par_1_4' title="bbox 519 518 2092 594">
     <span class='ocr_line' id='line_1_4' title="bbox 519 518 2092 594; baseline -0.01 -9"><span class='ocrx_word' id='word_1_7' title='bbox 519 531 587 586; x_wconf 86' lang='grc' dir='ltr'>Ει</span> <span class='ocrx_word' id='word_1_8' title='bbox 607 540 734 582; x_wconf 88' lang='lat' dir='ltr'><strong>ecce</strong></span> <span class='ocrx_word' id='word_1_9' title='bbox 759 538 857 594; x_wconf 88' lang='lat' dir='ltr'><strong>ego</strong></span> <span class='ocrx_word' id='word_1_10' title='bbox 891 521 1046 576; x_wconf 98' lang='lat' dir='ltr'><strong>trado</strong></span> <span class='ocrx_word' id='word_1_11' title='bbox 1076 520 1344 581; x_wconf 91' lang='lat' dir='ltr'><strong>homines,</strong></span> <span class='ocrx_word' id='word_1_12' title='bbox 1368 531 1805 587; x_wconf 74' lang='lat' dir='ltr'><strong>unumquemque</strong></span> <span class='ocrx_word' id='word_1_13' title='bbox 1837 518 1890 572; x_wconf 92' lang='lat' dir='ltr'><strong>in</strong></span> <span class='ocrx_word' id='word_1_14' title='bbox 1906 531 2092 572; x_wconf 88' lang='lat' dir='ltr'><strong>manus</strong></span> 
     </span>
    </p>
   </div>
   <div class='ocr_carea' id='block_1_5' title="bbox 2192 510 3774 594">
    <p class='ocr_par' dir='ltr' id='par_1_5' title="bbox 2201 510 3774 585">
     <span class='ocr_line' id='line_1_5' title="bbox 2201 510 3774 585; baseline -0.002 -18"><span class='ocrx_word' id='word_1_15' title='bbox 2201 515 2422 585; x_wconf 79' lang='grc' dir='ltr'>Κύριος.</span> <span class='ocrx_word' id='word_1_16' title='bbox 2457 517 2567 569; x_wconf 72' lang='grc' dir='ltr'><strong>Καὶ</strong></span> <span class='ocrx_word' id='word_1_17' title='bbox 2608 515 2714 568; x_wconf 76' lang='grc' dir='ltr'>ἰδοὺ</span> <span class='ocrx_word' id='word_1_18' title='bbox 2759 512 2870 581; x_wconf 85' lang='grc' dir='ltr'><strong>ἐγὼ</strong></span> <span class='ocrx_word' id='word_1_19' title='bbox 2902 512 3244 582; x_wconf 86' lang='grc' dir='ltr'>παραδίδωμι</span> <span class='ocrx_word' id='word_1_20' title='bbox 3269 510 3393 573; x_wconf 84' lang='grc' dir='ltr'>τοὺς</span> <span class='ocrx_word' id='word_1_21' title='bbox 3439 510 3774 583; x_wconf 80' lang='grc' dir='ltr'><strong>ἀνθρώπους,</strong></span> 
     </span>
    </p>
   </div>
   <div class='ocr_carea' id='block_1_6' title="bbox 519 607 2092 689">
    <p class='ocr_par' dir='ltr' id='par_1_6' title="bbox 519 607 2092 689">
     <span class='ocr_line' id='line_1_6' title="bbox 519 607 2092 689; baseline -0.008 -15"><span class='ocrx_word' id='word_1_22' title='bbox 519 616 754 689; x_wconf 81' lang='lat' dir='ltr'><strong>proximi</strong></span> <span class='ocrx_word' id='word_1_23' title='bbox 785 614 894 675; x_wconf 92' lang='lat' dir='ltr'><strong>sui,</strong></span> <span class='ocrx_word' id='word_1_24' title='bbox 926 621 982 666; x_wconf 92' lang='lat' dir='ltr'><strong>et</strong></span> <span class='ocrx_word' id='word_1_25' title='bbox 1007 613 1061 664; x_wconf 92' lang='lat' dir='ltr'><strong>in</strong></span> <span class='ocrx_word' id='word_1_26' title='bbox 1089 623 1281 664; x_wconf 89' lang='lat' dir='ltr'><strong>manus</strong></span> <span class='ocrx_word' id='word_1_27' title='bbox 1310 608 1452 677; x_wconf 87' lang='lat' dir='ltr'><strong>regis</strong></span> <span class='ocrx_word' id='word_1_28' title='bbox 1500 608 1638 674; x_wconf 87' lang='lat' dir='ltr'><strong>ejus.</strong></span> <span class='ocrx_word' id='word_1_29' title='bbox 1692 607 1759 660; x_wconf 92' lang='lat' dir='ltr'><strong>Et</strong></span> <span class='ocrx_word' id='word_1_30' title='bbox 1807 607 2092 663; x_wconf 85' lang='lat' dir='ltr'><strong>concident</strong></span> 
     </span>
    </p>
   </div>
   <div class='ocr_carea' id='block_1_7' title="bbox 523 689 2093 773">
    <p class='ocr_par' dir='ltr' id='par_1_7' title="bbox 523 689 2093 773">
     <span class='ocr_line' id='line_1_7' title="bbox 523 689 2093 773; baseline -0.007 -11"><span class='ocrx_word' id='word_1_31' title='bbox 523 719 749 773; x_wconf 85' lang='lat' dir='ltr'><strong>terram,</strong></span> <span class='ocrx_word' id='word_1_32' title='bbox 775 713 822 758; x_wconf 88' lang='lat' dir='ltr'><strong>et</strong></span> <span class='ocrx_word' id='word_1_33' title='bbox 857 718 964 756; x_wconf 91' lang='lat' dir='ltr'><strong>non</strong></span> <span class='ocrx_word' id='word_1_34' title='bbox 999 715 1184 756; x_wconf 87' lang='lat' dir='ltr'><strong>eruam</strong></span> <span class='ocrx_word' id='word_1_35' title='bbox 1208 699 1275 753; x_wconf 90' lang='lat' dir='ltr'><strong>de</strong></span> <span class='ocrx_word' id='word_1_36' title='bbox 1302 689 1680 753; x_wconf 83' lang='lat' dir='ltr'><strong>manu&#39;eorum</strong></span> <span class='ocrx_word' id='word_1_37' title='bbox 1709 697 1776 750; x_wconf 78' lang='grc'><strong>“.</strong></span> <span class='ocrx_word' id='word_1_38' title='bbox 1814 717 1831 747; x_wconf 74' lang='grc' dir='ltr'><strong>ι</strong></span> <span class='ocrx_word' id='word_1_39' title='bbox 1860 697 1916 752; x_wconf 87' lang='grc' dir='ltr'>1η</span> <span class='ocrx_word' id='word_1_40' title='bbox 1971 713 2093 752; x_wconf 85' lang='lat' dir='ltr'><strong>ver-</strong></span> 
     </span>
    </p>
   </div>
   <div class='ocr_carea' id='block_1_8' title="bbox 519 789 2092 857">
    <p class='ocr_par' dir='ltr' id='par_1_8' title="bbox 519 789 2092 857">
     <span class='ocr_line' id='line_1_8' title="bbox 519 789 2092 857; baseline -0.009 0"><span class='ocrx_word' id='word_1_41' title='bbox 519 802 606 857; x_wconf 84' lang='lat' dir='ltr'><strong>bis</strong></span> <span class='ocrx_word' id='word_1_42' title='bbox 639 795 1008 854; x_wconf 75' lang='lat' dir='ltr'><strong>autem—modo</strong></span> <span class='ocrx_word' id='word_1_43' title='bbox 1045 793 1211 846; x_wconf 75' lang='lat' dir='ltr'><strong>illatis</strong></span> <span class='ocrx_word' id='word_1_44' title='bbox 1257 792 1534 847; x_wconf 88' lang='lat' dir='ltr'><strong>institutas</strong></span> <span class='ocrx_word' id='word_1_45' title='bbox 1573 803 1761 845; x_wconf 86' lang='lat' dir='ltr'><strong>contra</strong></span> <span class='ocrx_word' id='word_1_46' title='bbox 1794 789 2092 846; x_wconf 87' lang='lat' dir='ltr'><strong>Ecclesiam</strong></span> 
     </span>
    </p>
   </div>
   <div class='ocr_carea' id='block_1_9' title="bbox 521 882 2093 961">
    <p class='ocr_par' dir='ltr' id='par_1_9' title="bbox 521 882 2093 961">
     <span class='ocr_line' id='line_1_9' title="bbox 521 882 2093 961; baseline -0.006 -15"><span class='ocrx_word' id='word_1_47' title='bbox 521 890 930 961; x_wconf 88' lang='lat' dir='ltr'><strong>persecutiones</strong></span> <span class='ocrx_word' id='word_1_48' title='bbox 956 885 1160 953; x_wconf 90' lang='lat' dir='ltr'><strong>liquido</strong></span> <span class='ocrx_word' id='word_1_49' title='bbox 1203 882 1554 937; x_wconf 91' lang='lat' dir='ltr'><strong>vaticinatur.</strong></span> <span class='ocrx_word' id='word_1_50' title='bbox 1608 882 1884 938; x_wconf 80' lang='lat' dir='ltr'><strong>Vexarunt</strong></span> <span class='ocrx_word' id='word_1_51' title='bbox 1950 882 2093 937; x_wconf 88' lang='lat' dir='ltr'><strong>enim</strong></span> 
     </span>
    </p>
   </div>
   <div class='ocr_carea' id='block_1_10' title="bbox 521 973 2095 1045">
    <p class='ocr_par' dir='ltr' id='par_1_10' title="bbox 521 973 2095 1045">
     <span class='ocr_line' id='line_1_10' title="bbox 521 973 2095 1045; baseline -0.006 -8"><span class='ocrx_word' id='word_1_52' title='bbox 521 981 811 1037; x_wconf 83' lang='lat' dir='ltr'><strong>credentes</strong></span> <span class='ocrx_word' id='word_1_53' title='bbox 842 978 893 1030; x_wconf 83' lang='lat' dir='ltr'><strong>in</strong></span> <span class='ocrx_word' id='word_1_54' title='bbox 914 975 1188 1031; x_wconf 81' lang='lat' dir='ltr'><strong>Christum</strong></span> <span class='ocrx_word' id='word_1_55' title='bbox 1219 990 1330 1045; x_wconf 75' lang='lat' dir='ltr'><strong>pra:</strong></span> <span class='ocrx_word' id='word_1_56' title='bbox 1360 974 1482 1028; x_wconf 88' lang='lat' dir='ltr'><strong>aliis</strong></span> <span class='ocrx_word' id='word_1_57' title='bbox 1522 974 1774 1029; x_wconf 89' lang='lat' dir='ltr'><strong>omnibus</strong></span> <span class='ocrx_word' id='word_1_58' title='bbox 1819 973 2095 1042; x_wconf 88' lang='lat' dir='ltr'><strong>principes</strong></span> 
     </span>
    </p>
   </div>
   <div class='ocr_carea' id='block_1_11' title="bbox 525 1064 2097 1144">
    <p class='ocr_par' dir='ltr' id='par_1_11' title="bbox 525 1064 2097 1144">
     <span class='ocr_line' id='line_1_11' title="bbox 525 1064 2097 1144; baseline -0.006 -16"><span class='ocrx_word' id='word_1_59' title='bbox 525 1072 822 1144; x_wconf 66' lang='lat' dir='ltr'><strong>Synagogae</strong></span> <span class='ocrx_word' id='word_1_60' title='bbox 843 1068 1178 1129; x_wconf 69' lang='lat' dir='ltr'><strong>Judmorum,</strong></span> <span class='ocrx_word' id='word_1_61' title='bbox 1203 1066 1584 1120; x_wconf 81' lang='lat' dir='ltr'><strong>denuntiantes</strong></span> <span class='ocrx_word' id='word_1_62' title='bbox 1608 1067 1811 1120; x_wconf 85' lang='lat' dir='ltr'><strong>sanctis</strong></span> <span class='ocrx_word' id='word_1_63' title='bbox 1838 1064 2097 1134; x_wconf 83' lang='lat' dir='ltr'><strong>apostolis</strong></span> 
     </span>
    </p>
   </div>
   <div class='ocr_carea' id='block_1_12' title="bbox 524 1152 2096 1228">
    <p class='ocr_par' dir='ltr' id='par_1_12' title="bbox 524 1152 2096 1228">
     <span class='ocr_line' id='line_1_12' title="bbox 524 1152 2096 1228; baseline -0.007 -12"><span class='ocrx_word' id='word_1_64' title='bbox 524 1177 590 1216; x_wconf 91' lang='lat' dir='ltr'><strong>ne</strong></span> <span class='ocrx_word' id='word_1_65' title='bbox 631 1163 982 1228; x_wconf 87' lang='lat' dir='ltr'><strong>loquerentur</strong></span> <span class='ocrx_word' id='word_1_66' title='bbox 1033 1156 1086 1210; x_wconf 92' lang='lat' dir='ltr'><strong>in</strong></span> <span class='ocrx_word' id='word_1_67' title='bbox 1145 1155 1362 1209; x_wconf 88' lang='lat' dir='ltr'><strong>nomine</strong></span> <span class='ocrx_word' id='word_1_68' title='bbox 1409 1154 1611 1209; x_wconf 89' lang='lat' dir='ltr'><strong>Christi</strong></span> <span class='ocrx_word' id='word_1_69' title='bbox 1633 1154 1711 1220; x_wconf 80' lang='lat'><strong>&quot;;</strong></span> <span class='ocrx_word' id='word_1_70' title='bbox 1764 1152 2096 1222; x_wconf 83' lang='lat' dir='ltr'><strong>ﬂagellantes</strong></span> 
     </span>
    </p>
   </div>
   <div class='ocr_carea' id='block_1_13' title="bbox 522 1242 2093 1321">
    <p class='ocr_par' dir='ltr' id='par_1_13' title="bbox 522 1242 2093 1321">
     <span class='ocr_line' id='line_1_13' title="bbox 522 1242 2093 1321; baseline -0.008 -15"><span class='ocrx_word' id='word_1_71' title='bbox 522 1265 736 1321; x_wconf 83' lang='lat' dir='ltr'><strong>quoque</strong></span> <span class='ocrx_word' id='word_1_72' title='bbox 777 1248 896 1302; x_wconf 91' lang='lat' dir='ltr'><strong>illos</strong></span> <span class='ocrx_word' id='word_1_73' title='bbox 921 1247 973 1300; x_wconf 94' lang='lat' dir='ltr'><strong>in</strong></span> <span class='ocrx_word' id='word_1_74' title='bbox 1001 1245 1251 1301; x_wconf 84' lang='lat' dir='ltr'><strong>conciliis</strong></span> <span class='ocrx_word' id='word_1_75' title='bbox 1273 1248 1342 1309; x_wconf 75' lang='grc' dir='ltr'><strong>⁸ο,</strong></span> <span class='ocrx_word' id='word_1_76' title='bbox 1373 1254 1426 1300; x_wconf 94' lang='lat' dir='ltr'><strong>et</strong></span> <span class='ocrx_word' id='word_1_77' title='bbox 1456 1252 1718 1313; x_wconf 82' lang='lat' dir='ltr'><strong>praeterea</strong></span> <span class='ocrx_word' id='word_1_78' title='bbox 1745 1242 1973 1313; x_wconf 87' lang='lat' dir='ltr'><strong>lapidari</strong></span> <span class='ocrx_word' id='word_1_79' title='bbox 1995 1256 2093 1297; x_wconf 90' lang='lat' dir='ltr'><strong>cu-</strong></span> 
     </span>
    </p>
   </div>
   <div class='ocr_carea' id='block_1_14' title="bbox 521 1334 2097 1407">
    <p class='ocr_par' dir='ltr' id='par_1_14' title="bbox 521 1334 2097 1407">
     <span class='ocr_line' id='line_1_14' title="bbox 521 1334 2097 1407; baseline -0.006 -11"><span class='ocrx_word' id='word_1_80' title='bbox 521 1352 703 1396; x_wconf 88' lang='lat' dir='ltr'><strong>rantes</strong></span> <span class='ocrx_word' id='word_1_81' title='bbox 717 1341 786 1404; x_wconf 82' lang='lat'><strong>&quot;,</strong></span> <span class='ocrx_word' id='word_1_82' title='bbox 807 1348 862 1394; x_wconf 87' lang='lat' dir='ltr'><strong>et</strong></span> <span class='ocrx_word' id='word_1_83' title='bbox 894 1338 1022 1407; x_wconf 89' lang='lat' dir='ltr'><strong>quid</strong></span> <span class='ocrx_word' id='word_1_84' title='bbox 1049 1353 1153 1392; x_wconf 90' lang='lat' dir='ltr'><strong>non</strong></span> <span class='ocrx_word' id='word_1_85' title='bbox 1184 1338 1396 1392; x_wconf 85' lang='lat' dir='ltr'><strong>tandem</strong></span> <span class='ocrx_word' id='word_1_86' title='bbox 1421 1335 1898 1391; x_wconf 86' lang='lat' dir='ltr'><strong>sceleratissimum</strong></span> <span class='ocrx_word' id='word_1_87' title='bbox 1922 1334 1976 1387; x_wconf 92' lang='lat' dir='ltr'><strong>in</strong></span> <span class='ocrx_word' id='word_1_88' title='bbox 2003 1345 2097 1387; x_wconf 89' lang='lat' dir='ltr'><strong>eos</strong></span> 
     </span>
    </p>
   </div>
   <div class='ocr_carea' id='block_1_15' title="bbox 518 1426 2098 1496">
    <p class='ocr_par' dir='ltr' id='par_1_15' title="bbox 518 1426 2098 1496">
     <span class='ocr_line' id='line_1_15' title="bbox 518 1426 2098 1496; baseline -0.006 -10"><span class='ocrx_word' id='word_1_89' title='bbox 518 1434 760 1488; x_wconf 85' lang='lat' dir='ltr'><strong>dicentes</strong></span> <span class='ocrx_word' id='word_1_90' title='bbox 795 1445 858 1484; x_wconf 86' lang='lat' dir='ltr'><strong>ac</strong></span> <span class='ocrx_word' id='word_1_91' title='bbox 887 1428 1190 1482; x_wconf 80' lang='lat' dir='ltr'><strong>facientes?</strong></span> <span class='ocrx_word' id='word_1_92' title='bbox 1244 1426 1536 1496; x_wconf 86' lang='lat' dir='ltr'><strong>Postquam</strong></span> <span class='ocrx_word' id='word_1_93' title='bbox 1599 1433 1777 1479; x_wconf 80' lang='lat' dir='ltr'><strong>autem</strong></span> <span class='ocrx_word' id='word_1_94' title='bbox 1833 1437 1929 1492; x_wconf 87' lang='lat' dir='ltr'><strong>per</strong></span> <span class='ocrx_word' id='word_1_95' title='bbox 1973 1437 2098 1492; x_wconf 90' lang='lat' dir='ltr'><strong>gen-</strong></span> 
     </span>
    </p>
   </div>
   <div class='ocr_carea' id='block_1_16' title="bbox 518 1511 2092 1586">
    <p class='ocr_par' dir='ltr' id='par_1_16' title="bbox 518 1511 2092 1586">
     <span class='ocr_line' id='line_1_16' title="bbox 518 1511 2092 1586; baseline -0.005 -14"><span class='ocrx_word' id='word_1_96' title='bbox 518 1521 653 1572; x_wconf 88' lang='lat' dir='ltr'><strong>tium</strong></span> <span class='ocrx_word' id='word_1_97' title='bbox 689 1531 902 1586; x_wconf 82' lang='lat' dir='ltr'><strong>quoquc</strong></span> <span class='ocrx_word' id='word_1_98' title='bbox 932 1516 1181 1586; x_wconf 76' lang='lat' dir='ltr'><strong>regiones</strong></span> <span class='ocrx_word' id='word_1_99' title='bbox 1210 1528 1393 1569; x_wconf 90' lang='lat' dir='ltr'><strong>sermo</strong></span> <span class='ocrx_word' id='word_1_100' title='bbox 1418 1514 1483 1568; x_wconf 93' lang='lat' dir='ltr'><strong>de</strong></span> <span class='ocrx_word' id='word_1_101' title='bbox 1505 1512 1726 1569; x_wconf 85' lang='lat' dir='ltr'><strong>Christo</strong></span> <span class='ocrx_word' id='word_1_102' title='bbox 1759 1511 2092 1582; x_wconf 85' lang='lat' dir='ltr'><strong>percrebuit,</strong></span> 
     </span>
    </p>
   </div>
   <div class='ocr_carea' id='block_1_17' title="bbox 517 1596 2098 1672">
    <p class='ocr_par' dir='ltr' id='par_1_17' title="bbox 517 1596 2098 1672">
     <span class='ocr_line' id='line_1_17' title="bbox 517 1596 2098 1672; baseline -0.007 -15"><span class='ocrx_word' id='word_1_103' title='bbox 517 1613 570 1658; x_wconf 90' lang='lat' dir='ltr'><strong>ct</strong></span> <span class='ocrx_word' id='word_1_104' title='bbox 595 1603 857 1672; x_wconf 71' lang='lat' dir='ltr'><strong>indigena:</strong></span> <span class='ocrx_word' id='word_1_105' title='bbox 887 1598 1216 1670; x_wconf 86' lang='lat' dir='ltr'><strong>evangelicis</strong></span> <span class='ocrx_word' id='word_1_106' title='bbox 1236 1596 1713 1668; x_wconf 65' lang='lat' dir='ltr'><strong>praedicationibus</strong></span> <span class='ocrx_word' id='word_1_107' title='bbox 1761 1597 2098 1664; x_wconf 88' lang='lat' dir='ltr'><strong>obtempera-</strong></span> 
     </span>
    </p>
   </div>
   <div class='ocr_carea' id='block_1_18' title="bbox 517 1686 2098 1764">
    <p class='ocr_par' dir='ltr' id='par_1_18' title="bbox 517 1686 2098 1764">
     <span class='ocr_line' id='line_1_18' title="bbox 517 1686 2098 1764; baseline -0.008 -14"><span class='ocrx_word' id='word_1_108' title='bbox 517 1703 665 1761; x_wconf 89' lang='lat' dir='ltr'><strong>runt,</strong></span> <span class='ocrx_word' id='word_1_109' title='bbox 683 1691 847 1764; x_wconf 69' lang='grc'><strong>7⁸741</strong></span> <span class='ocrx_word' id='word_1_110' title='bbox 881 1706 1090 1746; x_wconf 83' lang='lat' dir='ltr'><strong>rursum</strong></span> <span class='ocrx_word' id='word_1_111' title='bbox 1121 1690 1238 1744; x_wconf 65' lang='lat' dir='ltr'><strong>alia:</strong></span> <span class='ocrx_word' id='word_1_112' title='bbox 1270 1689 1678 1760; x_wconf 81' lang='lat' dir='ltr'><strong>persecutiones</strong></span> <span class='ocrx_word' id='word_1_113' title='bbox 1698 1686 1949 1742; x_wconf 69' lang='lat' dir='ltr'><strong>excitatae</strong></span> <span class='ocrx_word' id='word_1_114' title='bbox 1970 1692 2098 1740; x_wconf 88' lang='lat' dir='ltr'><strong>sunt</strong></span> 
     </span>
    </p>
   </div>
   <div class='ocr_carea' id='block_1_19' title="bbox 518 1775 2098 1854">
    <p class='ocr_par' dir='ltr' id='par_1_19' title="bbox 518 1775 2098 1854">
     <span class='ocr_line' id='line_1_19' title="bbox 518 1775 2098 1854; baseline -0.008 -14"><span class='ocrx_word' id='word_1_115' title='bbox 518 1801 614 1854; x_wconf 88' lang='lat' dir='ltr'><strong>per</strong></span> <span class='ocrx_word' id='word_1_116' title='bbox 647 1799 765 1844; x_wconf 88' lang='lat' dir='ltr'><strong>eos.</strong></span> <span class='ocrx_word' id='word_1_117' title='bbox 795 1783 884 1851; x_wconf 89' lang='lat' dir='ltr'><strong>qui</strong></span> <span class='ocrx_word' id='word_1_118' title='bbox 913 1780 1258 1837; x_wconf 85' lang='lat' dir='ltr'><strong>successione</strong></span> <span class='ocrx_word' id='word_1_119' title='bbox 1320 1785 1708 1846; x_wconf 80' lang='lat' dir='ltr'><strong>regnaverunt,</strong></span> <span class='ocrx_word' id='word_1_120' title='bbox 1743 1786 1799 1831; x_wconf 92' lang='lat' dir='ltr'><strong>et</strong></span> <span class='ocrx_word' id='word_1_121' title='bbox 1831 1775 2098 1844; x_wconf 80' lang='lat' dir='ltr'><strong>impuram</strong></span> 
     </span>
    </p>
   </div>
   <div class='ocr_carea' id='block_1_20' title="bbox 529 1855 2167 1929">
    <p class='ocr_par' dir='ltr' id='par_1_20' title="bbox 529 1855 2167 1929">
     <span class='ocr_line' id='line_1_20' title="bbox 529 1855 2167 1929; baseline -0.009 0"><span class='ocrx_word' id='word_1_122' title='bbox 529 1892 591 1929; x_wconf 85' lang='lat' dir='ltr'><strong>ac</strong></span> <span class='ocrx_word' id='word_1_123' title='bbox 621 1874 996 1928; x_wconf 88' lang='lat' dir='ltr'><strong>detestandam</strong></span> <span class='ocrx_word' id='word_1_124' title='bbox 1073 1870 1438 1926; x_wconf 85' lang='lat' dir='ltr'><strong>idololatriam</strong></span> <span class='ocrx_word' id='word_1_125' title='bbox 1485 1869 1764 1923; x_wconf 87' lang='lat' dir='ltr'><strong>vindicare</strong></span> <span class='ocrx_word' id='word_1_126' title='bbox 1811 1873 2090 1929; x_wconf 86' lang='lat' dir='ltr'><strong>conantes,</strong></span> <span class='ocrx_word' id='word_1_127' title='bbox 2127 1855 2167 1914; x_wconf 86' lang='grc' dir='ltr'><strong><em>Β</em></strong></span> 
     </span>
    </p>
   </div>
   <div class='ocr_carea' id='block_1_21' title="bbox 517 1954 2095 2032">
    <p class='ocr_par' dir='ltr' id='par_1_21' title="bbox 517 1954 2095 2032">
     <span class='ocr_line' id='line_1_21' title="bbox 517 1954 2095 2032; baseline -0.007 -13"><span class='ocrx_word' id='word_1_128' title='bbox 517 1965 899 2032; x_wconf 69' lang='lat' dir='ltr'><strong>diabolicmqne</strong></span> <span class='ocrx_word' id='word_1_129' title='bbox 924 1961 1217 2031; x_wconf 87' lang='lat' dir='ltr'><strong>impietatis</strong></span> <span class='ocrx_word' id='word_1_130' title='bbox 1251 1959 1484 2014; x_wconf 89' lang='lat' dir='ltr'><strong>ministri</strong></span> <span class='ocrx_word' id='word_1_131' title='bbox 1541 1957 1696 2022; x_wconf 84' lang='lat' dir='ltr'><strong>lacti,</strong></span> <span class='ocrx_word' id='word_1_132' title='bbox 1738 1965 1959 2011; x_wconf 87' lang='lat' dir='ltr'><strong>sanctos</strong></span> <span class='ocrx_word' id='word_1_133' title='bbox 2027 1954 2095 2009; x_wconf 87' lang='lat' dir='ltr'><strong>ad</strong></span> 
     </span>
    </p>
   </div>
   <div class='ocr_carea' id='block_1_22' title="bbox 516 2044 2092 2126">
    <p class='ocr_par' dir='ltr' id='par_1_22' title="bbox 516 2044 2092 2126">
     <span class='ocr_line' id='line_1_22' title="bbox 516 2044 2092 2126; baseline -0.008 -17"><span class='ocrx_word' id='word_1_134' title='bbox 516 2055 811 2126; x_wconf 80' lang='lat' dir='ltr'><strong>martyrica</strong></span> <span class='ocrx_word' id='word_1_135' title='bbox 843 2053 1146 2108; x_wconf 89' lang='lat' dir='ltr'><strong>certamina</strong></span> <span class='ocrx_word' id='word_1_136' title='bbox 1186 2060 1448 2107; x_wconf 89' lang='lat' dir='ltr'><strong>vocantes</strong></span> <span class='ocrx_word' id='word_1_137' title='bbox 1507 2049 1920 2104; x_wconf 82' lang='lat' dir='ltr'><strong>interemerunt.</strong></span> <span class='ocrx_word' id='word_1_138' title='bbox 1966 2044 2092 2099; x_wconf 81' lang='lat' dir='ltr'><strong>Visa</strong></span> 
     </span>
    </p>
   </div>
   <div class='ocr_carea' id='block_1_23' title="bbox 515 2137 2094 2214">
    <p class='ocr_par' dir='ltr' id='par_1_23' title="bbox 515 2137 2094 2214">
     <span class='ocr_line' id='line_1_23' title="bbox 515 2137 2094 2214; baseline -0.008 -12"><span class='ocrx_word' id='word_1_139' title='bbox 515 2156 598 2203; x_wconf 87' lang='lat' dir='ltr'><strong>est</strong></span> <span class='ocrx_word' id='word_1_140' title='bbox 621 2156 799 2201; x_wconf 88' lang='lat' dir='ltr'><strong>autem</strong></span> <span class='ocrx_word' id='word_1_141' title='bbox 834 2145 1075 2201; x_wconf 81' lang='lat' dir='ltr'><strong>Ecclesia</strong></span> <span class='ocrx_word' id='word_1_142' title='bbox 1105 2152 1410 2214; x_wconf 83' lang='lat' dir='ltr'><strong>opportuna</strong></span> <span class='ocrx_word' id='word_1_143' title='bbox 1451 2140 1685 2210; x_wconf 86' lang='lat' dir='ltr'><strong>injuriis,</strong></span> <span class='ocrx_word' id='word_1_144' title='bbox 1749 2137 1967 2192; x_wconf 90' lang='lat' dir='ltr'><strong>nemine</strong></span> <span class='ocrx_word' id='word_1_145' title='bbox 2000 2137 2094 2190; x_wconf 86' lang='lat' dir='ltr'><strong>de-</strong></span> 
     </span>
    </p>
   </div>
   <div class='ocr_carea' id='block_1_24' title="bbox 514 2227 2092 2302">
    <p class='ocr_par' dir='ltr' id='par_1_24' title="bbox 514 2227 2092 2302">
     <span class='ocr_line' id='line_1_24' title="bbox 514 2227 2092 2302; baseline -0.008 -11"><span class='ocrx_word' id='word_1_146' title='bbox 514 2239 863 2302; x_wconf 78' lang='lat' dir='ltr'><strong>fendente,et</strong></span> <span class='ocrx_word' id='word_1_147' title='bbox 890 2234 1086 2290; x_wconf 83' lang='lat' dir='ltr'><strong>similis</strong></span> <span class='ocrx_word' id='word_1_148' title='bbox 1108 2233 1391 2290; x_wconf 84' lang='lat' dir='ltr'><strong>vestibulis</strong></span> <span class='ocrx_word' id='word_1_149' title='bbox 1415 2231 1633 2301; x_wconf 78' lang='lat' dir='ltr'><strong>agitatis</strong></span> <span class='ocrx_word' id='word_1_150' title='bbox 1684 2239 1738 2283; x_wconf 93' lang='lat' dir='ltr'><strong>et</strong></span> <span class='ocrx_word' id='word_1_151' title='bbox 1770 2227 2092 2292; x_wconf 86' lang='lat' dir='ltr'><strong>labentibus,</strong></span> 
     </span>
    </p>
   </div>
   <div class='ocr_carea' id='block_1_25' title="bbox 514 2318 2092 2396">
    <p class='ocr_par' dir='ltr' id='par_1_25' title="bbox 514 2318 2092 2396">
     <span class='ocr_line' id='line_1_25' title="bbox 514 2318 2092 2396; baseline -0.008 -13"><span class='ocrx_word' id='word_1_152' title='bbox 514 2330 799 2383; x_wconf 89' lang='lat' dir='ltr'><strong>autetiam</strong></span> <span class='ocrx_word' id='word_1_153' title='bbox 833 2326 994 2396; x_wconf 81' lang='lat' dir='ltr'><strong>lapidi</strong></span> <span class='ocrx_word' id='word_1_154' title='bbox 1035 2323 1370 2381; x_wconf 88' lang='lat' dir='ltr'><strong>conculcato.</strong></span> <span class='ocrx_word' id='word_1_155' title='bbox 1405 2321 1618 2376; x_wconf 87' lang='lat' dir='ltr'><strong>Etenim</strong></span> <span class='ocrx_word' id='word_1_156' title='bbox 1645 2318 1894 2374; x_wconf 84' lang='lat' dir='ltr'><strong>Salvator</strong></span> <span class='ocrx_word' id='word_1_157' title='bbox 1941 2331 2092 2372; x_wconf 84' lang='lat' dir='ltr'><strong>com-</strong></span> 
     </span>
    </p>
   </div>
   <div class='ocr_carea' id='block_1_26' title="bbox 514 2408 2092 2486">
    <p class='ocr_par' dir='ltr' id='par_1_26' title="bbox 514 2408 2092 2486">
     <span class='ocr_line' id='line_1_26' title="bbox 514 2408 2092 2486; baseline -0.008 -13"><span class='ocrx_word' id='word_1_158' title='bbox 514 2419 716 2483; x_wconf 89' lang='lat' dir='ltr'><strong>munis,</strong></span> <span class='ocrx_word' id='word_1_159' title='bbox 740 2433 860 2472; x_wconf 92' lang='lat' dir='ltr'><strong>cum</strong></span> <span class='ocrx_word' id='word_1_160' title='bbox 886 2415 1043 2470; x_wconf 82' lang='lat' dir='ltr'><strong>facile</strong></span> <span class='ocrx_word' id='word_1_161' title='bbox 1072 2423 1255 2486; x_wconf 91' lang='lat' dir='ltr'><strong>posset</strong></span> <span class='ocrx_word' id='word_1_162' title='bbox 1287 2412 1484 2468; x_wconf 91' lang='lat' dir='ltr'><strong>bellum</strong></span> <span class='ocrx_word' id='word_1_163' title='bbox 1532 2425 1695 2468; x_wconf 88' lang='lat' dir='ltr'><strong>omne</strong></span> <span class='ocrx_word' id='word_1_164' title='bbox 1743 2409 1956 2472; x_wconf 86' lang='lat' dir='ltr'><strong>sedare,</strong></span> <span class='ocrx_word' id='word_1_165' title='bbox 1983 2408 2092 2461; x_wconf 90' lang='lat' dir='ltr'><strong>imo</strong></span> 
     </span>
    </p>
   </div>
   <div class='ocr_carea' id='block_1_27' title="bbox 517 2499 2089 2578">
    <p class='ocr_par' dir='ltr' id='par_1_27' title="bbox 517 2499 2089 2578">
     <span class='ocr_line' id='line_1_27' title="bbox 517 2499 2089 2578; baseline -0.008 -14"><span class='ocrx_word' id='word_1_166' title='bbox 517 2520 572 2565; x_wconf 87' lang='lat' dir='ltr'><strong>et</strong></span> <span class='ocrx_word' id='word_1_167' title='bbox 591 2511 658 2564; x_wconf 89' lang='lat' dir='ltr'><strong>ab</strong></span> <span class='ocrx_word' id='word_1_168' title='bbox 677 2510 851 2578; x_wconf 85' lang='lat' dir='ltr'><strong>ipsum</strong></span> <span class='ocrx_word' id='word_1_169' title='bbox 885 2505 1278 2562; x_wconf 87' lang='lat' dir='ltr'><strong>honorantibus</strong></span> <span class='ocrx_word' id='word_1_170' title='bbox 1307 2517 1609 2566; x_wconf 87' lang='lat' dir='ltr'><strong>removere,</strong></span> <span class='ocrx_word' id='word_1_171' title='bbox 1635 2514 1835 2569; x_wconf 87' lang='lat' dir='ltr'><strong>eosque</strong></span> <span class='ocrx_word' id='word_1_172' title='bbox 1857 2499 1923 2552; x_wconf 89' lang='lat' dir='ltr'><strong>ab</strong></span> <span class='ocrx_word' id='word_1_173' title='bbox 1945 2499 2089 2552; x_wconf 90' lang='lat' dir='ltr'><strong>omni</strong></span> 
     </span>
    </p>
   </div>
   <div class='ocr_carea' id='block_1_28' title="bbox 515 2590 2091 2664">
    <p class='ocr_par' dir='ltr' id='par_1_28' title="bbox 515 2590 2091 2664">
     <span class='ocr_line' id='line_1_28' title="bbox 515 2590 2091 2664; baseline -0.008 -8"><span class='ocrx_word' id='word_1_174' title='bbox 515 2601 814 2659; x_wconf 87' lang='lat' dir='ltr'><strong>tentatione</strong></span> <span class='ocrx_word' id='word_1_175' title='bbox 847 2599 1116 2652; x_wconf 82' lang='lat' dir='ltr'><strong>immunes</strong></span> <span class='ocrx_word' id='word_1_176' title='bbox 1166 2595 1512 2664; x_wconf 88' lang='lat' dir='ltr'><strong>hostiumque</strong></span> <span class='ocrx_word' id='word_1_177' title='bbox 1531 2593 1739 2647; x_wconf 87' lang='lat' dir='ltr'><strong>viribus</strong></span> <span class='ocrx_word' id='word_1_178' title='bbox 1779 2590 2091 2661; x_wconf 87' lang='lat' dir='ltr'><strong>superiores</strong></span> 
     </span>
    </p>
   </div>
   <div class='ocr_carea' id='block_1_29' title="bbox 500 2683 2092 2762">
    <p class='ocr_par' dir='ltr' id='par_1_29' title="bbox 500 2683 2092 2762">
     <span class='ocr_line' id='line_1_29' title="bbox 500 2683 2092 2762; baseline -0.009 -14"><span class='ocrx_word' id='word_1_179' title='bbox 500 2702 780 2762; x_wconf 82' lang='lat' dir='ltr'><strong>praestare</strong></span> <span class='ocrx_word' id='word_1_180' title='bbox 813 2730 830 2756; x_wconf 94' lang='lat'><strong>,</strong></span> <span class='ocrx_word' id='word_1_181' title='bbox 893 2703 990 2744; x_wconf 88' lang='lat' dir='ltr'><strong>sua</strong></span> <span class='ocrx_word' id='word_1_182' title='bbox 1048 2686 1230 2741; x_wconf 89' lang='lat' dir='ltr'><strong>divina</strong></span> <span class='ocrx_word' id='word_1_183' title='bbox 1284 2683 1620 2754; x_wconf 81' lang='lat' dir='ltr'><strong>providentia</strong></span> <span class='ocrx_word' id='word_1_184' title='bbox 1666 2697 1762 2752; x_wconf 91' lang='lat' dir='ltr'><strong>per</strong></span> <span class='ocrx_word' id='word_1_185' title='bbox 1827 2695 1986 2736; x_wconf 87' lang='lat' dir='ltr'><strong>casus</strong></span> <span class='ocrx_word' id='word_1_186' title='bbox 2035 2688 2092 2734; x_wconf 91' lang='lat' dir='ltr'><strong>et</strong></span> 
     </span>
    </p>
   </div>
   <div class='ocr_carea' id='block_1_30' title="bbox 507 2771 2090 2846">
    <p class='ocr_par' dir='ltr' id='par_1_30' title="bbox 507 2771 2090 2846">
     <span class='ocr_line' id='line_1_30' title="bbox 507 2771 2090 2846; baseline -0.008 -8"><span class='ocrx_word' id='word_1_187' title='bbox 507 2795 783 2838; x_wconf 74' lang='lat' dir='ltr'><strong>mrumnas</strong></span> <span class='ocrx_word' id='word_1_188' title='bbox 802 2777 1061 2833; x_wconf 90' lang='lat' dir='ltr'><strong>illustrari</strong></span> <span class='ocrx_word' id='word_1_189' title='bbox 1092 2776 1357 2846; x_wconf 85' lang='lat' dir='ltr'><strong>permisit,</strong></span> <span class='ocrx_word' id='word_1_190' title='bbox 1383 2783 1444 2827; x_wconf 89' lang='lat' dir='ltr'><strong>ut</strong></span> <span class='ocrx_word' id='word_1_191' title='bbox 1470 2773 1572 2829; x_wconf 85' lang='lat' dir='ltr'><strong>sibi</strong></span> <span class='ocrx_word' id='word_1_192' title='bbox 1605 2771 1912 2827; x_wconf 82' lang='lat' dir='ltr'><strong>conformes</strong></span> <span class='ocrx_word' id='word_1_193' title='bbox 1975 2771 2090 2825; x_wconf 91' lang='lat' dir='ltr'><strong>red-</strong></span> 
     </span>
    </p>
   </div>
   <div class='ocr_carea' id='block_1_31' title="bbox 510 2859 2086 2939">
    <p class='ocr_par' dir='ltr' id='par_1_31' title="bbox 510 2859 2086 2939">
     <span class='ocr_line' id='line_1_31' title="bbox 510 2859 2086 2939; baseline -0.01 -12"><span class='ocrx_word' id='word_1_194' title='bbox 510 2873 631 2936; x_wconf 82' lang='lat' dir='ltr'><strong>diti,</strong></span> <span class='ocrx_word' id='word_1_195' title='bbox 663 2885 767 2924; x_wconf 91' lang='lat' dir='ltr'><strong>una</strong></span> <span class='ocrx_word' id='word_1_196' title='bbox 809 2868 1251 2939; x_wconf 87' lang='lat' dir='ltr'><strong>glorilicarentur</strong></span> <span class='ocrx_word' id='word_1_197' title='bbox 1279 2872 1333 2916; x_wconf 91' lang='lat' dir='ltr'><strong>et</strong></span> <span class='ocrx_word' id='word_1_198' title='bbox 1358 2869 1779 2930; x_wconf 80' lang='lat' dir='ltr'><strong>conregnarent.</strong></span> <span class='ocrx_word' id='word_1_199' title='bbox 1822 2878 1840 2911; x_wconf 83' lang='grc' dir='ltr'><strong>ι</strong></span> <span class='ocrx_word' id='word_1_200' title='bbox 1867 2860 1920 2914; x_wconf 89' lang='lat' dir='ltr'><strong>Si</strong></span> <span class='ocrx_word' id='word_1_201' title='bbox 1941 2859 2086 2914; x_wconf 84' lang='lat' dir='ltr'><strong>enim</strong></span> 
     </span>
    </p>
   </div>
   <div class='ocr_carea' id='block_1_32' title="bbox 509 2948 2086 3032">
    <p class='ocr_par' dir='ltr' id='par_1_32' title="bbox 509 2948 2086 3032">
     <span class='ocr_line' id='line_1_32' title="bbox 509 2948 2086 3032; baseline -0.008 -16"><span class='ocrx_word' id='word_1_202' title='bbox 509 2961 892 3032; x_wconf 80' lang='lat' dir='ltr'><strong>compatiinur,</strong></span> <span class='ocrx_word' id='word_1_203' title='bbox 909 2967 962 3013; x_wconf 92' lang='lat' dir='ltr'><strong>et</strong></span> <span class='ocrx_word' id='word_1_204' title='bbox 982 2954 1432 3026; x_wconf 84' lang='lat' dir='ltr'><strong>conregnabimus</strong></span> <span class='ocrx_word' id='word_1_205' title='bbox 1451 2952 1548 3020; x_wconf 91' lang='lat' dir='ltr'><strong>illi,</strong></span> <span class='ocrx_word' id='word_1_206' title='bbox 1568 2963 1625 3006; x_wconf 93' lang='lat' dir='ltr'><strong>ut</strong></span> <span class='ocrx_word' id='word_1_207' title='bbox 1643 2950 1902 3020; x_wconf 90' lang='lat' dir='ltr'><strong>scriptum</strong></span> <span class='ocrx_word' id='word_1_208' title='bbox 1922 2948 2086 3015; x_wconf 73' lang='lat' dir='ltr'><strong>est“,</strong></span> 
     </span>
    </p>
   </div>
   <div class='ocr_carea' id='block_1_33' title="bbox 509 3040 2089 3119">
    <p class='ocr_par' dir='ltr' id='par_1_33' title="bbox 509 3040 2089 3119">
     <span class='ocr_line' id='line_1_33' title="bbox 509 3040 2089 3119; baseline -0.007 -13"><span class='ocrx_word' id='word_1_209' title='bbox 509 3062 564 3106; x_wconf 86' lang='lat' dir='ltr'><strong>et</strong></span> <span class='ocrx_word' id='word_1_210' title='bbox 604 3053 648 3106; x_wconf 90' lang='lat' dir='ltr'><strong>si</strong></span> <span class='ocrx_word' id='word_1_211' title='bbox 693 3050 824 3106; x_wconf 89' lang='lat' dir='ltr'><strong>socii</strong></span> <span class='ocrx_word' id='word_1_212' title='bbox 884 3049 1202 3119; x_wconf 89' lang='lat' dir='ltr'><strong>passionum</strong></span> <span class='ocrx_word' id='word_1_213' title='bbox 1258 3059 1470 3109; x_wconf 86' lang='lat' dir='ltr'><strong>sumus,</strong></span> <span class='ocrx_word' id='word_1_214' title='bbox 1535 3043 1699 3098; x_wconf 90' lang='lat' dir='ltr'><strong>etiam</strong></span> <span class='ocrx_word' id='word_1_215' title='bbox 1757 3041 1941 3112; x_wconf 83' lang='lat' dir='ltr'><strong>gloriae</strong></span> <span class='ocrx_word' id='word_1_216' title='bbox 1980 3040 2089 3096; x_wconf 85' lang='lat' dir='ltr'><strong>eri-</strong></span> 
     </span>
    </p>
   </div>
   <div class='ocr_carea' id='block_1_34' title="bbox 513 3131 2088 3209">
    <p class='ocr_par' dir='ltr' id='par_1_34' title="bbox 513 3131 2088 3209">
     <span class='ocr_line' id='line_1_34' title="bbox 513 3131 2088 3209; baseline -0.005 -13"><span class='ocrx_word' id='word_1_217' title='bbox 513 3158 633 3197; x_wconf 87' lang='lat' dir='ltr'><strong>mus</strong></span> <span class='ocrx_word' id='word_1_218' title='bbox 657 3143 726 3198; x_wconf 68' lang='grc' dir='ltr'><strong>δ’.</strong></span> <span class='ocrx_word' id='word_1_219' title='bbox 763 3160 784 3195; x_wconf 75' lang='grc' dir='ltr'><strong>ι</strong></span> <span class='ocrx_word' id='word_1_220' title='bbox 819 3141 910 3196; x_wconf 82' lang='lat' dir='ltr'><strong>Ait</strong></span> <span class='ocrx_word' id='word_1_221' title='bbox 935 3153 1104 3209; x_wconf 88' lang='lat' dir='ltr'><strong>ergo:</strong></span> <span class='ocrx_word' id='word_1_222' title='bbox 1141 3154 1162 3189; x_wconf 77' lang='grc' dir='ltr'><strong>ι</strong></span> <span class='ocrx_word' id='word_1_223' title='bbox 1196 3135 1338 3191; x_wconf 88' lang='lat' dir='ltr'><strong>Ecce</strong></span> <span class='ocrx_word' id='word_1_224' title='bbox 1365 3149 1466 3206; x_wconf 91' lang='lat' dir='ltr'><strong>ego</strong></span> <span class='ocrx_word' id='word_1_225' title='bbox 1490 3150 1631 3206; x_wconf 91' lang='lat' dir='ltr'><strong>pono</strong></span> <span class='ocrx_word' id='word_1_226' title='bbox 1658 3131 1962 3190; x_wconf 80' lang='lat' dir='ltr'><strong>Jerusalem</strong></span> <span class='ocrx_word' id='word_1_227' title='bbox 2028 3142 2088 3188; x_wconf 92' lang='lat' dir='ltr'><strong>ut</strong></span> 
     </span>
    </p>
   </div>
   <div class='ocr_carea' id='block_1_35' title="bbox 515 3225 2089 3296">
    <p class='ocr_par' dir='ltr' id='par_1_35' title="bbox 515 3225 2089 3296">
     <span class='ocr_line' id='line_1_35' title="bbox 515 3225 2089 3296; baseline -0.005 -10"><span class='ocrx_word' id='word_1_228' title='bbox 515 3233 778 3289; x_wconf 82' lang='lat' dir='ltr'><strong>vestibula</strong></span> <span class='ocrx_word' id='word_1_229' title='bbox 809 3237 1134 3287; x_wconf 68' lang='lat' dir='ltr'><strong>commota.)</strong></span> <span class='ocrx_word' id='word_1_230' title='bbox 1166 3225 1320 3294; x_wconf 87' lang='lat' dir='ltr'><strong>Quod</strong></span> <span class='ocrx_word' id='word_1_231' title='bbox 1345 3225 1392 3282; x_wconf 92' lang='lat' dir='ltr'><strong>si</strong></span> <span class='ocrx_word' id='word_1_232' title='bbox 1423 3225 1538 3294; x_wconf 83' lang='lat' dir='ltr'><strong>ﬂat,</strong></span> <span class='ocrx_word' id='word_1_233' title='bbox 1569 3226 1838 3296; x_wconf 89' lang='lat' dir='ltr'><strong>cingetur,</strong></span> <span class='ocrx_word' id='word_1_234' title='bbox 1854 3225 1956 3280; x_wconf 91' lang='lat' dir='ltr'><strong>hoc</strong></span> <span class='ocrx_word' id='word_1_235' title='bbox 2005 3233 2089 3279; x_wconf 87' lang='lat' dir='ltr'><strong>est</strong></span> 
     </span>
    </p>
   </div>
   <div class='ocr_carea' id='block_1_36' title="bbox 509 3315 2092 3381">
    <p class='ocr_par' dir='ltr' id='par_1_36' title="bbox 509 3315 2092 3381">
     <span class='ocr_line' id='line_1_36' title="bbox 509 3315 2092 3381; baseline -0.006 0"><span class='ocrx_word' id='word_1_236' title='bbox 509 3323 848 3381; x_wconf 86' lang='lat' dir='ltr'><strong>obsidebitnr</strong></span> <span class='ocrx_word' id='word_1_237' title='bbox 878 3322 946 3376; x_wconf 85' lang='lat' dir='ltr'><strong>ab</strong></span> <span class='ocrx_word' id='word_1_238' title='bbox 979 3319 1229 3374; x_wconf 88' lang='lat' dir='ltr'><strong>omnibus</strong></span> <span class='ocrx_word' id='word_1_239' title='bbox 1261 3333 1276 3372; x_wconf 90' lang='lat'><strong>:</strong></span> <span class='ocrx_word' id='word_1_240' title='bbox 1326 3325 1380 3372; x_wconf 91' lang='lat' dir='ltr'><strong>et</strong></span> <span class='ocrx_word' id='word_1_241' title='bbox 1413 3331 1536 3371; x_wconf 90' lang='lat' dir='ltr'><strong>cum</strong></span> <span class='ocrx_word' id='word_1_242' title='bbox 1568 3315 1839 3370; x_wconf 73' lang='lat' dir='ltr'><strong>videbitur</strong></span> <span class='ocrx_word' id='word_1_243' title='bbox 1867 3329 1988 3371; x_wconf 89' lang='lat' dir='ltr'><strong>esse</strong></span> <span class='ocrx_word' id='word_1_244' title='bbox 2029 3321 2092 3371; x_wconf 85' lang='lat' dir='ltr'><strong>ut</strong></span> 
     </span>
    </p>
   </div>
   <div class='ocr_carea' id='block_1_37' title="bbox 512 3405 2092 3488">
    <p class='ocr_par' dir='ltr' id='par_1_37' title="bbox 512 3405 2092 3488">
     <span class='ocr_line' id='line_1_37' title="bbox 512 3405 2092 3488; baseline -0.009 -18"><span class='ocrx_word' id='word_1_245' title='bbox 512 3417 654 3486; x_wconf 86' lang='lat' dir='ltr'><strong>lapis</strong></span> <span class='ocrx_word' id='word_1_246' title='bbox 681 3411 1059 3488; x_wconf 86' lang='lat' dir='ltr'><strong>conculcatus,</strong></span> <span class='ocrx_word' id='word_1_247' title='bbox 1104 3418 1230 3464; x_wconf 89' lang='lat' dir='ltr'><strong>tunc</strong></span> <span class='ocrx_word' id='word_1_248' title='bbox 1255 3408 1433 3463; x_wconf 87' lang='lat' dir='ltr'><strong>omnis</strong></span> <span class='ocrx_word' id='word_1_249' title='bbox 1457 3406 1689 3461; x_wconf 86' lang='lat' dir='ltr'><strong>illudens</strong></span> <span class='ocrx_word' id='word_1_250' title='bbox 1712 3405 1922 3460; x_wconf 89' lang='lat' dir='ltr'><strong>illudct.</strong></span> <span class='ocrx_word' id='word_1_251' title='bbox 1946 3405 2092 3459; x_wconf 85' lang='lat' dir='ltr'><strong>Con-</strong></span> 
     </span>
    </p>
   </div>
   <div class='ocr_carea' id='block_1_38' title="bbox 513 3495 2086 3577">
    <p class='ocr_par' dir='ltr' id='par_1_38' title="bbox 513 3495 2086 3577">
     <span class='ocr_line' id='line_1_38' title="bbox 513 3495 2086 3577; baseline -0.01 -15"><span class='ocrx_word' id='word_1_252' title='bbox 513 3508 636 3577; x_wconf 85' lang='lat' dir='ltr'><strong>tigit</strong></span> <span class='ocrx_word' id='word_1_253' title='bbox 697 3505 822 3570; x_wconf 88' lang='lat' dir='ltr'><strong>hoc,</strong></span> <span class='ocrx_word' id='word_1_254' title='bbox 871 3503 1013 3558; x_wconf 85' lang='lat' dir='ltr'><strong>sicut</strong></span> <span class='ocrx_word' id='word_1_255' title='bbox 1061 3501 1221 3572; x_wconf 87' lang='lat' dir='ltr'><strong>paulo</strong></span> <span class='ocrx_word' id='word_1_256' title='bbox 1263 3507 1388 3554; x_wconf 90' lang='lat' dir='ltr'><strong>ante</strong></span> <span class='ocrx_word' id='word_1_257' title='bbox 1434 3497 1706 3560; x_wconf 90' lang='lat' dir='ltr'><strong>dicebam,</strong></span> <span class='ocrx_word' id='word_1_258' title='bbox 1752 3495 2086 3564; x_wconf 88' lang='lat' dir='ltr'><strong>singulorum</strong></span> 
     </span>
    </p>
   </div>
   <div class='ocr_carea' id='block_1_39' title="bbox 510 3587 2091 3666">
    <p class='ocr_par' dir='ltr' id='par_1_39' title="bbox 510 3587 2091 3666">
     <span class='ocr_line' id='line_1_39' title="bbox 510 3587 2091 3666; baseline -0.007 -14"><span class='ocrx_word' id='word_1_259' title='bbox 510 3608 810 3666; x_wconf 86' lang='lat' dir='ltr'><strong>temporum</strong></span> <span class='ocrx_word' id='word_1_260' title='bbox 843 3589 1330 3662; x_wconf 87' lang='lat' dir='ltr'><strong>persecutionibus.</strong></span> <span class='ocrx_word' id='word_1_261' title='bbox 1349 3587 1537 3644; x_wconf 78' lang='lat' dir='ltr'><strong>Adorti</strong></span> <span class='ocrx_word' id='word_1_262' title='bbox 1567 3594 1693 3642; x_wconf 89' lang='lat' dir='ltr'><strong>sunt</strong></span> <span class='ocrx_word' id='word_1_263' title='bbox 1709 3587 1852 3640; x_wconf 87' lang='lat' dir='ltr'><strong>enim</strong></span> <span class='ocrx_word' id='word_1_264' title='bbox 1873 3597 2091 3641; x_wconf 87' lang='lat' dir='ltr'><strong>sanctos</strong></span> 
     </span>
    </p>
   </div>
   <div class='ocr_carea' id='block_1_40' title="bbox 512 3678 2092 3748">
    <p class='ocr_par' dir='ltr' id='par_1_40' title="bbox 512 3678 2092 3748">
     <span class='ocr_line' id='line_1_40' title="bbox 512 3678 2092 3748; baseline -0.006 -6"><span class='ocrx_word' id='word_1_265' title='bbox 512 3687 695 3742; x_wconf 87' lang='lat' dir='ltr'><strong>multis</strong></span> <span class='ocrx_word' id='word_1_266' title='bbox 734 3685 910 3740; x_wconf 89' lang='lat' dir='ltr'><strong>modis</strong></span> <span class='ocrx_word' id='word_1_267' title='bbox 934 3698 1031 3739; x_wconf 86' lang='lat' dir='ltr'><strong>cos</strong></span> <span class='ocrx_word' id='word_1_268' title='bbox 1059 3681 1392 3748; x_wconf 88' lang='lat' dir='ltr'><strong>cruciantes,</strong></span> <span class='ocrx_word' id='word_1_269' title='bbox 1421 3689 1477 3736; x_wconf 93' lang='lat' dir='ltr'><strong>et</strong></span> <span class='ocrx_word' id='word_1_270' title='bbox 1553 3679 1908 3734; x_wconf 88' lang='lat' dir='ltr'><strong>morientibus</strong></span> <span class='ocrx_word' id='word_1_271' title='bbox 1955 3678 2092 3733; x_wconf 82' lang='lat' dir='ltr'><strong>torte</strong></span> 
     </span>
    </p>
   </div>
   <div class='ocr_carea' id='block_1_41' title="bbox 509 3767 2092 3851">
    <p class='ocr_par' dir='ltr' id='par_1_41' title="bbox 509 3767 2092 3851">
     <span class='ocr_line' id='line_1_41' title="bbox 509 3767 2092 3851; baseline -0.005 -19"><span class='ocrx_word' id='word_1_272' title='bbox 509 3779 673 3833; x_wconf 89' lang='lat' dir='ltr'><strong>etiam</strong></span> <span class='ocrx_word' id='word_1_273' title='bbox 705 3773 1251 3851; x_wconf 80' lang='lat' dir='ltr'><strong>insultantesmiseri.</strong></span> <span class='ocrx_word' id='word_1_274' title='bbox 1283 3771 1610 3828; x_wconf 85' lang='lat' dir='ltr'><strong>Nesciebant</strong></span> <span class='ocrx_word' id='word_1_275' title='bbox 1642 3769 1787 3824; x_wconf 88' lang='lat' dir='ltr'><strong>enim</strong></span> <span class='ocrx_word' id='word_1_276' title='bbox 1849 3767 2092 3838; x_wconf 84' lang='lat' dir='ltr'><strong>profecto</strong></span> 
     </span>
    </p>
   </div>
   <div class='ocr_carea' id='block_1_42' title="bbox 510 3860 2095 3940">
    <p class='ocr_par' dir='ltr' id='par_1_42' title="bbox 510 3860 2095 3940">
     <span class='ocr_line' id='line_1_42' title="bbox 510 3860 2095 3940; baseline -0.008 -14"><span class='ocrx_word' id='word_1_277' title='bbox 510 3881 711 3940; x_wconf 90' lang='lat' dir='ltr'><strong>quanta</strong></span> <span class='ocrx_word' id='word_1_278' title='bbox 735 3883 802 3924; x_wconf 77' lang='lat' dir='ltr'><strong>ex</strong></span> <span class='ocrx_word' id='word_1_279' title='bbox 825 3866 1206 3923; x_wconf 82' lang='lat' dir='ltr'><strong>aﬂlictionibus</strong></span> <span class='ocrx_word' id='word_1_280' title='bbox 1231 3863 1547 3936; x_wconf 88' lang='lat' dir='ltr'><strong>proveniret</strong></span> <span class='ocrx_word' id='word_1_281' title='bbox 1601 3861 1794 3931; x_wconf 87' lang='lat' dir='ltr'><strong>gloria,</strong></span> <span class='ocrx_word' id='word_1_282' title='bbox 1830 3869 1885 3916; x_wconf 93' lang='lat' dir='ltr'><strong>et</strong></span> <span class='ocrx_word' id='word_1_283' title='bbox 1947 3860 2095 3915; x_wconf 87' lang='lat' dir='ltr'><strong>dolo-</strong></span> 
     </span>
    </p>
   </div>
   <div class='ocr_carea' id='block_1_43' title="bbox 508 3953 2090 4030">
    <p class='ocr_par' dir='ltr' id='par_1_43' title="bbox 508 3953 2090 4030">
     <span class='ocr_line' id='line_1_43' title="bbox 508 3953 2090 4030; baseline -0.007 -12"><span class='ocrx_word' id='word_1_284' title='bbox 508 3978 625 4018; x_wconf 87' lang='lat' dir='ltr'><strong>rem</strong></span> <span class='ocrx_word' id='word_1_285' title='bbox 658 3961 765 4016; x_wconf 92' lang='lat' dir='ltr'><strong>illis</strong></span> <span class='ocrx_word' id='word_1_286' title='bbox 799 3969 1112 4030; x_wconf 90' lang='lat' dir='ltr'><strong>perpeluam</strong></span> <span class='ocrx_word' id='word_1_287' title='bbox 1147 3955 1316 4010; x_wconf 86' lang='lat' dir='ltr'><strong>animi</strong></span> <span class='ocrx_word' id='word_1_288' title='bbox 1386 3953 1712 4010; x_wconf 89' lang='lat' dir='ltr'><strong>hilaritatem</strong></span> <span class='ocrx_word' id='word_1_289' title='bbox 1767 3954 2090 4022; x_wconf 90' lang='lat' dir='ltr'><strong>pariturum.</strong></span> 
     </span>
    </p>
   </div>
   <div class='ocr_carea' id='block_1_44' title="bbox 517 4046 2095 4124">
    <p class='ocr_par' dir='ltr' id='par_1_44' title="bbox 517 4046 2095 4124">
     <span class='ocr_line' id='line_1_44' title="bbox 517 4046 2095 4124; baseline -0.004 -15"><span class='ocrx_word' id='word_1_290' title='bbox 517 4053 799 4124; x_wconf 82' lang='lat' dir='ltr'><strong>Perpende</strong></span> <span class='ocrx_word' id='word_1_291' title='bbox 828 4067 1012 4120; x_wconf 80' lang='lat' dir='ltr'><strong>porro,</strong></span> <span class='ocrx_word' id='word_1_292' title='bbox 1038 4047 1310 4119; x_wconf 88' lang='lat' dir='ltr'><strong>quomodo</strong></span> <span class='ocrx_word' id='word_1_293' title='bbox 1340 4061 1444 4100; x_wconf 88' lang='lat' dir='ltr'><strong>non</strong></span> <span class='ocrx_word' id='word_1_294' title='bbox 1473 4046 1636 4112; x_wconf 84' lang='lat' dir='ltr'><strong>dicat,</strong></span> <span class='ocrx_word' id='word_1_295' title='bbox 1655 4061 1792 4116; x_wconf 89' lang='lat' dir='ltr'><strong>opus</strong></span> <span class='ocrx_word' id='word_1_296' title='bbox 1815 4061 1934 4100; x_wconf 87' lang='lat' dir='ltr'><strong>esse</strong></span> <span class='ocrx_word' id='word_1_297' title='bbox 1965 4062 2095 4115; x_wconf 86' lang='lat' dir='ltr'><strong>gen-</strong></span> 
     </span>
    </p>
   </div>
   <div class='ocr_carea' id='block_1_45' title="bbox 512 4136 2093 4213">
    <p class='ocr_par' dir='ltr' id='par_1_45' title="bbox 512 4136 2093 4213">
     <span class='ocr_line' id='line_1_45' title="bbox 512 4136 2093 4213; baseline -0.006 -12"><span class='ocrx_word' id='word_1_298' title='bbox 512 4147 644 4201; x_wconf 88' lang='lat' dir='ltr'><strong>tium</strong></span> <span class='ocrx_word' id='word_1_299' title='bbox 670 4143 946 4213; x_wconf 73' lang='lat' dir='ltr'><strong>potentiae,</strong></span> <span class='ocrx_word' id='word_1_300' title='bbox 990 4141 1249 4196; x_wconf 76' lang='lat' dir='ltr'><strong>Ecclesia:</strong></span> <span class='ocrx_word' id='word_1_301' title='bbox 1307 4136 1802 4202; x_wconf 86' lang='lat' dir='ltr'><strong>conculcationem,</strong></span> <span class='ocrx_word' id='word_1_302' title='bbox 1853 4136 1946 4191; x_wconf 91' lang='lat' dir='ltr'><strong>scd</strong></span> <span class='ocrx_word' id='word_1_303' title='bbox 1982 4152 2093 4191; x_wconf 68' lang='lat' dir='ltr'><strong>sure</strong></span> 
     </span>
    </p>
   </div>
   <div class='ocr_carea' id='block_1_46' title="bbox 506 4228 2094 4298">
    <p class='ocr_par' dir='ltr' id='par_1_46' title="bbox 506 4228 2094 4298">
     <span class='ocr_line' id='line_1_46' title="bbox 506 4228 2094 4298; baseline -0.006 -7"><span class='ocrx_word' id='word_1_304' title='bbox 506 4236 801 4291; x_wconf 83' lang='lat' dir='ltr'><strong>voluntatis</strong></span> <span class='ocrx_word' id='word_1_305' title='bbox 860 4241 912 4286; x_wconf 92' lang='lat' dir='ltr'><strong>et</strong></span> <span class='ocrx_word' id='word_1_306' title='bbox 939 4231 1172 4289; x_wconf 86' lang='lat' dir='ltr'><strong>consilii.</strong></span> <span class='ocrx_word' id='word_1_307' title='bbox 1204 4229 1366 4298; x_wconf 85' lang='lat' dir='ltr'><strong>Cupit</strong></span> <span class='ocrx_word' id='word_1_308' title='bbox 1395 4229 1563 4292; x_wconf 89' lang='lat' dir='ltr'><strong>enim,</strong></span> <span class='ocrx_word' id='word_1_309' title='bbox 1599 4237 1658 4282; x_wconf 95' lang='lat' dir='ltr'><strong>ut</strong></span> <span class='ocrx_word' id='word_1_310' title='bbox 1703 4228 1836 4293; x_wconf 79' lang='lat' dir='ltr'><strong>dixi,</strong></span> <span class='ocrx_word' id='word_1_311' title='bbox 1903 4228 2094 4282; x_wconf 83' lang='lat' dir='ltr'><strong>adora-</strong></span> 
     </span>
    </p>
   </div>
   <div class='ocr_carea' id='block_1_47' title="bbox 509 4319 2095 4390">
    <p class='ocr_par' dir='ltr' id='par_1_47' title="bbox 509 4319 2095 4390">
     <span class='ocr_line' id='line_1_47' title="bbox 509 4319 2095 4390; baseline -0.006 -8"><span class='ocrx_word' id='word_1_312' title='bbox 509 4339 656 4383; x_wconf 83' lang='lat' dir='ltr'><strong>tores</strong></span> <span class='ocrx_word' id='word_1_313' title='bbox 705 4340 833 4380; x_wconf 89' lang='lat' dir='ltr'><strong>suos</strong></span> <span class='ocrx_word' id='word_1_314' title='bbox 878 4323 1038 4379; x_wconf 87' lang='lat' dir='ltr'><strong>rebus</strong></span> <span class='ocrx_word' id='word_1_315' title='bbox 1093 4322 1332 4375; x_wconf 83' lang='lat' dir='ltr'><strong>adversis</strong></span> <span class='ocrx_word' id='word_1_316' title='bbox 1364 4319 1547 4390; x_wconf 80' lang='lat' dir='ltr'><strong>perlici</strong></span> <span class='ocrx_word' id='word_1_317' title='bbox 1608 4329 1661 4374; x_wconf 89' lang='lat' dir='ltr'><strong>et</strong></span> <span class='ocrx_word' id='word_1_318' title='bbox 1709 4319 2095 4374; x_wconf 86' lang='lat' dir='ltr'><strong>consummari.</strong></span> 
     </span>
    </p>
   </div>
   <div class='ocr_carea' id='block_1_48' title="bbox 508 4409 2094 4485">
    <p class='ocr_par' dir='ltr' id='par_1_48' title="bbox 508 4409 2094 4485">
     <span class='ocr_line' id='line_1_48' title="bbox 508 4409 2094 4485; baseline -0.007 -12"><span class='ocrx_word' id='word_1_319' title='bbox 508 4419 602 4473; x_wconf 82' lang='lat' dir='ltr'><strong>Ait</strong></span> <span class='ocrx_word' id='word_1_320' title='bbox 636 4430 871 4485; x_wconf 87' lang='lat' dir='ltr'><strong>namque</strong></span> <span class='ocrx_word' id='word_1_321' title='bbox 904 4434 916 4467; x_wconf 83' lang='lat'><strong>:</strong></span> <span class='ocrx_word' id='word_1_322' title='bbox 954 4433 972 4466; x_wconf 75' lang='grc' dir='ltr'><strong>ι</strong></span> <span class='ocrx_word' id='word_1_323' title='bbox 1013 4415 1124 4482; x_wconf 81' lang='lat' dir='ltr'><strong>Ego</strong></span> <span class='ocrx_word' id='word_1_324' title='bbox 1173 4427 1316 4480; x_wconf 87' lang='lat' dir='ltr'><strong>pono</strong></span> <span class='ocrx_word' id='word_1_325' title='bbox 1359 4410 1667 4468; x_wconf 87' lang='lat' dir='ltr'><strong>Jerusalem</strong></span> <span class='ocrx_word' id='word_1_326' title='bbox 1722 4419 1780 4462; x_wconf 90' lang='lat' dir='ltr'><strong>ut</strong></span> <span class='ocrx_word' id='word_1_327' title='bbox 1825 4409 2094 4464; x_wconf 86' lang='lat' dir='ltr'><strong>vestibula</strong></span> 
     </span>
    </p>
   </div>
   <div class='ocr_carea' id='block_1_49' title="bbox 2199 602 3776 679">
    <p class='ocr_par' dir='ltr' id='par_1_49' title="bbox 2199 602 3776 679">
     <span class='ocr_line' id='line_1_49' title="bbox 2199 602 3776 679; baseline -0.001 -20"><span class='ocrx_word' id='word_1_328' title='bbox 2199 609 2424 661; x_wconf 76' lang='grc' dir='ltr'>ἕκαστον</span> <span class='ocrx_word' id='word_1_329' title='bbox 2453 609 2533 670; x_wconf 89' lang='grc' dir='ltr'><strong>είς</strong></span> <span class='ocrx_word' id='word_1_330' title='bbox 2558 609 2740 679; x_wconf 89' lang='grc' dir='ltr'>χεῖρας</span> <span class='ocrx_word' id='word_1_331' title='bbox 2773 605 2866 657; x_wconf 88' lang='grc' dir='ltr'><strong>τοῦ</strong></span> <span class='ocrx_word' id='word_1_332' title='bbox 2893 604 3119 674; x_wconf 81' lang='grc' dir='ltr'>πλησίον</span> <span class='ocrx_word' id='word_1_333' title='bbox 3138 602 3327 668; x_wconf 88' lang='grc' dir='ltr'>αὐτοῦ,</span> <span class='ocrx_word' id='word_1_334' title='bbox 3359 603 3454 657; x_wconf 77' lang='grc' dir='ltr'>καὶ</span> <span class='ocrx_word' id='word_1_335' title='bbox 3482 606 3562 666; x_wconf 86' lang='grc' dir='ltr'><strong>είς</strong></span> <span class='ocrx_word' id='word_1_336' title='bbox 3591 607 3776 674; x_wconf 87' lang='grc' dir='ltr'>χεῖρας</span> 
     </span>
    </p>
   </div>
   <div class='ocr_carea' id='block_1_50' title="bbox 2199 693 3776 765">
    <p class='ocr_par' dir='ltr' id='par_1_50' title="bbox 2199 693 3776 765">
     <span class='ocr_line' id='line_1_50' title="bbox 2199 693 3776 765; baseline 0 -18"><span class='ocrx_word' id='word_1_337' title='bbox 2199 695 2460 764; x_wconf 86' lang='grc' dir='ltr'>βασιλέως</span> <span class='ocrx_word' id='word_1_338' title='bbox 2493 693 2678 749; x_wconf 87' lang='grc' dir='ltr'>αὐτοῦ.</span> <span class='ocrx_word' id='word_1_339' title='bbox 2715 693 2824 748; x_wconf 74' lang='grc' dir='ltr'><strong>Καὶ</strong></span> <span class='ocrx_word' id='word_1_340' title='bbox 2882 695 3250 763; x_wconf 73' lang='grc' dir='ltr'>κατακόψουσι</span> <span class='ocrx_word' id='word_1_341' title='bbox 3299 694 3396 765; x_wconf 81' lang='grc' dir='ltr'>τὴν</span> <span class='ocrx_word' id='word_1_342' title='bbox 3427 695 3550 765; x_wconf 80' lang='grc' dir='ltr'>γῆν,</span> <span class='ocrx_word' id='word_1_343' title='bbox 3578 695 3671 748; x_wconf 75' lang='grc' dir='ltr'>καὶ</span> <span class='ocrx_word' id='word_1_344' title='bbox 3714 697 3776 747; x_wconf 91' lang='grc' dir='ltr'><strong>οὐ</strong></span> 
     </span>
    </p>
   </div>
   <div class='ocr_carea' id='block_1_51' title="bbox 2201 782 3781 857">
    <p class='ocr_par' dir='ltr' id='par_1_51' title="bbox 2201 782 3781 857">
     <span class='ocr_line' id='line_1_51' title="bbox 2201 782 3781 857; baseline 0.001 -20"><span class='ocrx_word' id='word_1_345' title='bbox 2201 785 2274 855; x_wconf 86' lang='grc' dir='ltr'>μὴ</span> <span class='ocrx_word' id='word_1_346' title='bbox 2309 784 2576 856; x_wconf 79' lang='grc' dir='ltr'>ἐξέλωμαι</span> <span class='ocrx_word' id='word_1_347' title='bbox 2599 787 2663 839; x_wconf 85' lang='grc' dir='ltr'><strong>ἐκ</strong></span> <span class='ocrx_word' id='word_1_348' title='bbox 2707 785 2889 857; x_wconf 82' lang='grc' dir='ltr'>χειρὸς</span> <span class='ocrx_word' id='word_1_349' title='bbox 2918 785 3116 839; x_wconf 86' lang='grc' dir='ltr'>αὐτῶν.</span> <span class='ocrx_word' id='word_1_350' title='bbox 3155 804 3173 836; x_wconf 74' lang='grc' dir='ltr'><strong>ι</strong></span> <span class='ocrx_word' id='word_1_351' title='bbox 3219 784 3308 838; x_wconf 86' lang='grc' dir='ltr'>Ἐν</span> <span class='ocrx_word' id='word_1_352' title='bbox 3326 782 3382 838; x_wconf 84' lang='grc' dir='ltr'><strong>δέ</strong></span> <span class='ocrx_word' id='word_1_353' title='bbox 3412 802 3474 854; x_wconf 92' lang='grc' dir='ltr'><strong>γε</strong></span> <span class='ocrx_word' id='word_1_354' title='bbox 3506 789 3618 848; x_wconf 87' lang='grc' dir='ltr'>τοῖς</span> <span class='ocrx_word' id='word_1_355' title='bbox 3650 803 3781 857; x_wconf 85' lang='grc' dir='ltr'><strong>προ⁶</strong></span> 
     </span>
    </p>
   </div>
   <div class='ocr_carea' id='block_1_52' title="bbox 2196 875 3781 948">
    <p class='ocr_par' dir='ltr' id='par_1_52' title="bbox 2196 875 3781 948">
     <span class='ocr_line' id='line_1_52' title="bbox 2196 875 3781 948; baseline 0.003 -18"><span class='ocrx_word' id='word_1_356' title='bbox 2196 875 2464 946; x_wconf 77' lang='grc' dir='ltr'><strong>κειμένοις</strong></span> <span class='ocrx_word' id='word_1_357' title='bbox 2489 919 2504 942; x_wconf 89' lang='grc'><strong>,</strong></span> <span class='ocrx_word' id='word_1_358' title='bbox 2557 877 2683 940; x_wconf 81' lang='grc' dir='ltr'>τοὺς</span> <span class='ocrx_word' id='word_1_359' title='bbox 2746 876 2888 930; x_wconf 89' lang='grc' dir='ltr'><strong>κατὰ</strong></span> <span class='ocrx_word' id='word_1_360' title='bbox 2938 877 3037 948; x_wconf 86' lang='grc' dir='ltr'><strong>τῆς</strong></span> <span class='ocrx_word' id='word_1_361' title='bbox 3105 878 3430 948; x_wconf 77' lang='grc' dir='ltr'>Ἐκκλησίας</span> <span class='ocrx_word' id='word_1_362' title='bbox 3494 881 3781 948; x_wconf 78' lang='grc' dir='ltr'>γεγονότος</span> 
     </span>
    </p>
   </div>
   <div class='ocr_carea' id='block_1_53' title="bbox 2196 967 3783 1042">
    <p class='ocr_par' dir='ltr' id='par_1_53' title="bbox 2196 967 3783 1042">
     <span class='ocr_line' id='line_1_53' title="bbox 2196 967 3783 1042; baseline 0.003 -22"><span class='ocrx_word' id='word_1_363' title='bbox 2196 967 2471 1038; x_wconf 82' lang='grc' dir='ltr'><strong>διωγμοὺς</strong></span> <span class='ocrx_word' id='word_1_364' title='bbox 2503 970 2898 1038; x_wconf 81' lang='grc' dir='ltr'>προαφηγεῖται</span> <span class='ocrx_word' id='word_1_365' title='bbox 2940 968 3145 1036; x_wconf 75' lang='grc' dir='ltr'>σαφῶς.</span> <span class='ocrx_word' id='word_1_366' title='bbox 3194 969 3615 1040; x_wconf 87' lang='grc' dir='ltr'>Πεπολεμήκασι</span> <span class='ocrx_word' id='word_1_367' title='bbox 3674 972 3783 1042; x_wconf 71' lang='grc' dir='ltr'><strong>γὰρ</strong></span> 
     </span>
    </p>
   </div>
   <div class='ocr_carea' id='block_1_54' title="bbox 2197 1058 3782 1131">
    <p class='ocr_par' dir='ltr' id='par_1_54' title="bbox 2197 1058 3782 1131">
     <span class='ocr_line' id='line_1_54' title="bbox 2197 1058 3782 1131; baseline 0.003 -22"><span class='ocrx_word' id='word_1_368' title='bbox 2197 1061 2309 1122; x_wconf 90' lang='grc' dir='ltr'>τοῖς</span> <span class='ocrx_word' id='word_1_369' title='bbox 2355 1058 2714 1112; x_wconf 82' lang='grc' dir='ltr'><strong>πιστεύσασιν</strong></span> <span class='ocrx_word' id='word_1_370' title='bbox 2757 1061 2836 1122; x_wconf 82' lang='grc' dir='ltr'>εἰς</span> <span class='ocrx_word' id='word_1_371' title='bbox 2888 1060 3140 1131; x_wconf 86' lang='grc' dir='ltr'>Χριστὸν,</span> <span class='ocrx_word' id='word_1_372' title='bbox 3199 1059 3306 1131; x_wconf 83' lang='grc' dir='ltr'>πρὸ</span> <span class='ocrx_word' id='word_1_373' title='bbox 3355 1061 3455 1130; x_wconf 81' lang='grc' dir='ltr'>μὲν</span> <span class='ocrx_word' id='word_1_374' title='bbox 3475 1061 3584 1114; x_wconf 88' lang='grc' dir='ltr'><strong>τῶν</strong></span> <span class='ocrx_word' id='word_1_375' title='bbox 3609 1061 3782 1115; x_wconf 79' lang='grc' dir='ltr'>ἄλλων</span> 
     </span>
    </p>
   </div>
   <div class='ocr_carea' id='block_1_55' title="bbox 2198 1148 3782 1224">
    <p class='ocr_par' dir='ltr' id='par_1_55' title="bbox 2198 1148 3782 1224">
     <span class='ocr_line' id='line_1_55' title="bbox 2198 1148 3782 1224; baseline 0.003 -23"><span class='ocrx_word' id='word_1_376' title='bbox 2198 1148 2454 1202; x_wconf 87' lang='grc' dir='ltr'>ἁπάντων</span> <span class='ocrx_word' id='word_1_377' title='bbox 2482 1151 2530 1202; x_wconf 79' lang='grc' dir='ltr'>οἱ</span> <span class='ocrx_word' id='word_1_378' title='bbox 2585 1150 2684 1219; x_wconf 89' lang='grc' dir='ltr'><strong>τῆς</strong></span> <span class='ocrx_word' id='word_1_379' title='bbox 2741 1149 3010 1203; x_wconf 85' lang='grc' dir='ltr'>Ἰουδαίων</span> <span class='ocrx_word' id='word_1_380' title='bbox 3067 1151 3397 1222; x_wconf 81' lang='grc' dir='ltr'><strong>Συναγωγῆς</strong></span> <span class='ocrx_word' id='word_1_381' title='bbox 3451 1153 3744 1224; x_wconf 85' lang='grc' dir='ltr'>ἡγούμενοι</span> <span class='ocrx_word' id='word_1_382' title='bbox 3768 1193 3782 1217; x_wconf 97' lang='grc'><strong>,</strong></span> 
     </span>
    </p>
   </div>
   <div class='ocr_carea' id='block_1_56' title="bbox 2198 1241 3785 1313">
    <p class='ocr_par' dir='ltr' id='par_1_56' title="bbox 2198 1241 3785 1313">
     <span class='ocr_line' id='line_1_56' title="bbox 2198 1241 3785 1313; baseline 0.004 -22"><span class='ocrx_word' id='word_1_383' title='bbox 2198 1241 2667 1310; x_wconf 85' lang='grc' dir='ltr'><strong>παραγγέλλοντες</strong></span> <span class='ocrx_word' id='word_1_384' title='bbox 2692 1242 2789 1311; x_wconf 84' lang='grc' dir='ltr'>μὲν</span> <span class='ocrx_word' id='word_1_385' title='bbox 2809 1244 2920 1305; x_wconf 90' lang='grc' dir='ltr'>τοῖς</span> <span class='ocrx_word' id='word_1_386' title='bbox 2946 1242 3118 1310; x_wconf 77' lang='grc' dir='ltr'>ἁγίοις</span> <span class='ocrx_word' id='word_1_387' title='bbox 3150 1242 3464 1306; x_wconf 81' lang='grc' dir='ltr'>ἀποστόλοις</span> <span class='ocrx_word' id='word_1_388' title='bbox 3508 1242 3582 1313; x_wconf 72' lang='grc' dir='ltr'>μὴ</span> <span class='ocrx_word' id='word_1_389' title='bbox 3604 1243 3785 1297; x_wconf 86' lang='grc' dir='ltr'>λαλεῖν</span> 
     </span>
    </p>
   </div>
   <div class='ocr_carea' id='block_1_57' title="bbox 2197 1329 3786 1401">
    <p class='ocr_par' dir='ltr' id='par_1_57' title="bbox 2197 1329 3786 1401">
     <span class='ocr_line' id='line_1_57' title="bbox 2197 1329 3786 1401; baseline 0.001 -18"><span class='ocrx_word' id='word_1_390' title='bbox 2197 1331 2290 1384; x_wconf 79' lang='grc' dir='ltr'>ἐπὶ</span> <span class='ocrx_word' id='word_1_391' title='bbox 2315 1331 2393 1401; x_wconf 83' lang='grc' dir='ltr'><strong>τῷ</strong></span> <span class='ocrx_word' id='word_1_392' title='bbox 2413 1331 2638 1401; x_wconf 86' lang='grc' dir='ltr'>ὀνόματι</span> <span class='ocrx_word' id='word_1_393' title='bbox 2680 1331 2774 1384; x_wconf 88' lang='grc' dir='ltr'><strong>τοῦ</strong></span> <span class='ocrx_word' id='word_1_394' title='bbox 2821 1330 3080 1401; x_wconf 76' lang='grc' dir='ltr'><strong>Χριστοῦ,</strong></span> <span class='ocrx_word' id='word_1_395' title='bbox 3121 1329 3472 1401; x_wconf 81' lang='grc' dir='ltr'>μαστίζοντες</span> <span class='ocrx_word' id='word_1_396' title='bbox 3521 1331 3576 1384; x_wconf 85' lang='grc' dir='ltr'>δὲ</span> <span class='ocrx_word' id='word_1_397' title='bbox 3609 1331 3701 1384; x_wconf 73' lang='grc' dir='ltr'>καὶ</span> <span class='ocrx_word' id='word_1_398' title='bbox 3728 1333 3786 1384; x_wconf 89' lang='grc' dir='ltr'><strong>ἐν</strong></span> 
     </span>
    </p>
   </div>
   <div class='ocr_carea' id='block_1_58' title="bbox 2199 1421 3787 1494">
    <p class='ocr_par' dir='ltr' id='par_1_58' title="bbox 2199 1421 3787 1494">
     <span class='ocr_line' id='line_1_58' title="bbox 2199 1421 3787 1494; baseline 0 -17"><span class='ocrx_word' id='word_1_399' title='bbox 2199 1423 2495 1492; x_wconf 83' lang='grc' dir='ltr'>συνεδρίοις</span> <span class='ocrx_word' id='word_1_400' title='bbox 2519 1423 2735 1487; x_wconf 80' lang='grc' dir='ltr'>αὐτοὺς,</span> <span class='ocrx_word' id='word_1_401' title='bbox 2771 1421 3160 1475; x_wconf 78' lang='grc' dir='ltr'>λιθοϐολεῖσθαι</span> <span class='ocrx_word' id='word_1_402' title='bbox 3177 1422 3234 1475; x_wconf 85' lang='grc' dir='ltr'>δὲ</span> <span class='ocrx_word' id='word_1_403' title='bbox 3265 1423 3358 1475; x_wconf 78' lang='grc' dir='ltr'>καὶ</span> <span class='ocrx_word' id='word_1_404' title='bbox 3380 1422 3583 1492; x_wconf 80' lang='grc' dir='ltr'><strong>ἑτέρως</strong></span> <span class='ocrx_word' id='word_1_405' title='bbox 3605 1440 3787 1494; x_wconf 83' lang='grc' dir='ltr'>παρα-</span> 
     </span>
    </p>
   </div>
   <div class='ocr_carea' id='block_1_59' title="bbox 2201 1514 3788 1585">
    <p class='ocr_par' dir='ltr' id='par_1_59' title="bbox 2201 1514 3788 1585">
     <span class='ocr_line' id='line_1_59' title="bbox 2201 1514 3788 1585; baseline 0.001 -18"><span class='ocrx_word' id='word_1_406' title='bbox 2201 1514 2591 1579; x_wconf 74' lang='grc' dir='ltr'>σκευάζοντες,</span> <span class='ocrx_word' id='word_1_407' title='bbox 2643 1514 2741 1567; x_wconf 80' lang='grc' dir='ltr'>καὶ</span> <span class='ocrx_word' id='word_1_408' title='bbox 2797 1514 2851 1566; x_wconf 93' lang='grc' dir='ltr'><strong>τί</strong></span> <span class='ocrx_word' id='word_1_409' title='bbox 2899 1514 3008 1585; x_wconf 85' lang='grc' dir='ltr'><strong>γὰρ</strong></span> <span class='ocrx_word' id='word_1_410' title='bbox 3067 1514 3188 1584; x_wconf 75' lang='grc' dir='ltr'>οὐχὶ</span> <span class='ocrx_word' id='word_1_411' title='bbox 3243 1514 3350 1567; x_wconf 87' lang='grc' dir='ltr'><strong>τῶν</strong></span> <span class='ocrx_word' id='word_1_412' title='bbox 3407 1515 3788 1569; x_wconf 81' lang='grc' dir='ltr'>ἀνοσιωτάτων</span> 
     </span>
    </p>
   </div>
   <div class='ocr_carea' id='block_1_60' title="bbox 2197 1605 3790 1676">
    <p class='ocr_par' dir='ltr' id='par_1_60' title="bbox 2197 1605 3790 1676">
     <span class='ocr_line' id='line_1_60' title="bbox 2197 1605 3790 1676; baseline 0.001 -18"><span class='ocrx_word' id='word_1_413' title='bbox 2197 1605 2431 1676; x_wconf 87' lang='grc' dir='ltr'>δρῶντες</span> <span class='ocrx_word' id='word_1_414' title='bbox 2481 1605 2576 1659; x_wconf 80' lang='grc' dir='ltr'>καὶ</span> <span class='ocrx_word' id='word_1_415' title='bbox 2611 1605 2900 1674; x_wconf 85' lang='grc' dir='ltr'>λέγοντες;</span> <span class='ocrx_word' id='word_1_416' title='bbox 2954 1605 3168 1676; x_wconf 79' lang='grc' dir='ltr'>Ἐπειδὴ</span> <span class='ocrx_word' id='word_1_417' title='bbox 3197 1605 3255 1658; x_wconf 84' lang='grc' dir='ltr'><strong>δέ</strong></span> <span class='ocrx_word' id='word_1_418' title='bbox 3307 1605 3402 1658; x_wconf 75' lang='grc' dir='ltr'>καὶ</span> <span class='ocrx_word' id='word_1_419' title='bbox 3431 1606 3487 1658; x_wconf 88' lang='grc' dir='ltr'><strong>ἐν</strong></span> <span class='ocrx_word' id='word_1_420' title='bbox 3529 1607 3647 1669; x_wconf 91' lang='grc' dir='ltr'>ταῖς</span> <span class='ocrx_word' id='word_1_421' title='bbox 3675 1605 3790 1659; x_wconf 90' lang='grc' dir='ltr'><strong>τῶν</strong></span> 
     </span>
    </p>
   </div>
   <div class='ocr_carea' id='block_1_61' title="bbox 2198 1694 3785 1766">
    <p class='ocr_par' dir='ltr' id='par_1_61' title="bbox 2198 1694 3785 1766">
     <span class='ocr_line' id='line_1_61' title="bbox 2198 1694 3785 1766; baseline 0.001 -20"><span class='ocrx_word' id='word_1_422' title='bbox 2198 1694 2368 1748; x_wconf 88' lang='grc' dir='ltr'>ἐθνῶν</span> <span class='ocrx_word' id='word_1_423' title='bbox 2395 1694 2600 1765; x_wconf 84' lang='grc' dir='ltr'>χώραις</span> <span class='ocrx_word' id='word_1_424' title='bbox 2625 1695 3022 1766; x_wconf 81' lang='grc' dir='ltr'>ἐκπεφοίτηκεν</span> <span class='ocrx_word' id='word_1_425' title='bbox 3050 1697 3078 1748; x_wconf 99' lang='lat'><strong>6</strong></span> <span class='ocrx_word' id='word_1_426' title='bbox 3108 1695 3284 1763; x_wconf 87' lang='grc' dir='ltr'>λόγος,</span> <span class='ocrx_word' id='word_1_427' title='bbox 3309 1697 3338 1748; x_wconf 92' lang='lat'><strong>6</strong></span> <span class='ocrx_word' id='word_1_428' title='bbox 3369 1696 3497 1766; x_wconf 79' lang='grc' dir='ltr'>περὶ</span> <span class='ocrx_word' id='word_1_429' title='bbox 3522 1696 3785 1766; x_wconf 75' lang='grc' dir='ltr'>Χριστοῦ,</span> 
     </span>
    </p>
   </div>
   <div class='ocr_carea' id='block_1_62' title="bbox 2200 1787 3789 1859">
    <p class='ocr_par' dir='ltr' id='par_1_62' title="bbox 2200 1787 3789 1859">
     <span class='ocr_line' id='line_1_62' title="bbox 2200 1787 3789 1859; baseline -0.001 -17"><span class='ocrx_word' id='word_1_430' title='bbox 2200 1789 2295 1842; x_wconf 71' lang='grc' dir='ltr'>καὶ</span> <span class='ocrx_word' id='word_1_431' title='bbox 2321 1789 2430 1843; x_wconf 90' lang='grc' dir='ltr'><strong>τῶν</strong></span> <span class='ocrx_word' id='word_1_432' title='bbox 2453 1787 2822 1857; x_wconf 86' lang='grc' dir='ltr'>εὐαγγελικῶν</span> <span class='ocrx_word' id='word_1_433' title='bbox 2860 1787 3232 1859; x_wconf 82' lang='grc' dir='ltr'>κηρυγμάτων</span> <span class='ocrx_word' id='word_1_434' title='bbox 3267 1788 3524 1858; x_wconf 77' lang='grc' dir='ltr'>κατήκοοι</span> <span class='ocrx_word' id='word_1_435' title='bbox 3555 1787 3789 1856; x_wconf 88' lang='grc' dir='ltr'>γεγόνα-</span> 
     </span>
    </p>
   </div>
   <div class='ocr_carea' id='block_1_63' title="bbox 2197 1878 3788 1949">
    <p class='ocr_par' dir='ltr' id='par_1_63' title="bbox 2197 1878 3788 1949">
     <span class='ocr_line' id='line_1_63' title="bbox 2197 1878 3788 1949; baseline -0.001 -14"><span class='ocrx_word' id='word_1_436' title='bbox 2197 1898 2281 1935; x_wconf 91' lang='grc' dir='ltr'><strong>σιν</strong></span> <span class='ocrx_word' id='word_1_437' title='bbox 2311 1882 2360 1933; x_wconf 89' lang='grc' dir='ltr'>οἱ</span> <span class='ocrx_word' id='word_1_438' title='bbox 2393 1880 2450 1932; x_wconf 83' lang='grc' dir='ltr'><strong>ἐν</strong></span> <span class='ocrx_word' id='word_1_439' title='bbox 2481 1881 2693 1944; x_wconf 88' lang='grc' dir='ltr'>αὐταῖς,</span> <span class='ocrx_word' id='word_1_440' title='bbox 2721 1879 2884 1934; x_wconf 90' lang='grc' dir='ltr'>πάλιν</span> <span class='ocrx_word' id='word_1_441' title='bbox 2917 1878 3203 1947; x_wconf 86' lang='grc' dir='ltr'>γεγόνασιν</span> <span class='ocrx_word' id='word_1_442' title='bbox 3229 1879 3407 1948; x_wconf 75' lang='grc' dir='ltr'>ἕτεροι</span> <span class='ocrx_word' id='word_1_443' title='bbox 3432 1879 3664 1949; x_wconf 70' lang='grc' dir='ltr'>διωγμοὶ</span> <span class='ocrx_word' id='word_1_444' title='bbox 3695 1879 3788 1933; x_wconf 74' lang='grc' dir='ltr'><strong>διὰ</strong></span> 
     </span>
    </p>
   </div>
   <div class='ocr_carea' id='block_1_64' title="bbox 2195 1967 3786 2041">
    <p class='ocr_par' dir='ltr' id='par_1_64' title="bbox 2195 1967 3786 2041">
     <span class='ocr_line' id='line_1_64' title="bbox 2195 1967 3786 2041; baseline 0 -18"><span class='ocrx_word' id='word_1_445' title='bbox 2195 1969 2302 2024; x_wconf 89' lang='grc' dir='ltr'><strong>τῶν</strong></span> <span class='ocrx_word' id='word_1_446' title='bbox 2326 1969 2470 2023; x_wconf 76' lang='grc' dir='ltr'>κατὰ</span> <span class='ocrx_word' id='word_1_447' title='bbox 2500 1969 2726 2040; x_wconf 80' lang='grc' dir='ltr'>καιροὺς</span> <span class='ocrx_word' id='word_1_448' title='bbox 2766 1967 3249 2037; x_wconf 76' lang='grc' dir='ltr'>βεδασιλευκότων,</span> <span class='ocrx_word' id='word_1_449' title='bbox 3286 1969 3336 2022; x_wconf 79' lang='grc' dir='ltr'>οἳ</span> <span class='ocrx_word' id='word_1_450' title='bbox 3386 1971 3484 2039; x_wconf 81' lang='grc' dir='ltr'><strong>τῆς</strong></span> <span class='ocrx_word' id='word_1_451' title='bbox 3553 1970 3786 2041; x_wconf 77' lang='grc' dir='ltr'>βεϐήλου</span> 
     </span>
    </p>
   </div>
   <div class='ocr_carea' id='block_1_65' title="bbox 2195 2057 3790 2130">
    <p class='ocr_par' dir='ltr' id='par_1_65' title="bbox 2195 2057 3790 2130">
     <span class='ocr_line' id='line_1_65' title="bbox 2195 2057 3790 2130; baseline 0 -16"><span class='ocrx_word' id='word_1_452' title='bbox 2195 2057 2582 2130; x_wconf 64' lang='grc' dir='ltr'>καῖ’βδελυρᾶς</span> <span class='ocrx_word' id='word_1_453' title='bbox 2628 2059 3071 2129; x_wconf 82' lang='grc' dir='ltr'>είδωλολατρείας</span> <span class='ocrx_word' id='word_1_454' title='bbox 3113 2060 3522 2130; x_wconf 87' lang='grc' dir='ltr'>μεταποιεῖσθαι</span> <span class='ocrx_word' id='word_1_455' title='bbox 3551 2061 3790 2114; x_wconf 83' lang='grc' dir='ltr'>σπουδά-</span> 
     </span>
    </p>
   </div>
   <div class='ocr_carea' id='block_1_66' title="bbox 2195 2149 3788 2222">
    <p class='ocr_par' dir='ltr' id='par_1_66' title="bbox 2195 2149 3788 2222">
     <span class='ocr_line' id='line_1_66' title="bbox 2195 2149 3788 2222; baseline 0 -17"><span class='ocrx_word' id='word_1_456' title='bbox 2195 2149 2399 2215; x_wconf 81' lang='grc' dir='ltr'>ζοντες,</span> <span class='ocrx_word' id='word_1_457' title='bbox 2440 2152 2536 2205; x_wconf 76' lang='lat' dir='ltr'><strong>xal.</strong></span> <span class='ocrx_word' id='word_1_458' title='bbox 2561 2149 2874 2220; x_wconf 77' lang='grc' dir='ltr'>διαϐολικῆς</span> <span class='ocrx_word' id='word_1_459' title='bbox 2903 2151 3246 2220; x_wconf 82' lang='grc' dir='ltr'>ἀνοσιότητος</span> <span class='ocrx_word' id='word_1_460' title='bbox 3277 2151 3541 2222; x_wconf 77' lang='grc' dir='ltr'>ὑπουργοὶ</span> <span class='ocrx_word' id='word_1_461' title='bbox 3565 2153 3788 2221; x_wconf 86' lang='grc' dir='ltr'>γεγονό-</span> 
     </span>
    </p>
   </div>
   <div class='ocr_carea' id='block_1_67' title="bbox 2193 2241 3786 2314">
    <p class='ocr_par' dir='ltr' id='par_1_67' title="bbox 2193 2241 3786 2314">
     <span class='ocr_line' id='line_1_67' title="bbox 2193 2241 3786 2314; baseline -0.001 -18"><span class='ocrx_word' id='word_1_462' title='bbox 2193 2261 2305 2306; x_wconf 85' lang='grc' dir='ltr'>τες,</span> <span class='ocrx_word' id='word_1_463' title='bbox 2337 2243 2666 2297; x_wconf 83' lang='grc' dir='ltr'>ἀπεκτόνασι</span> <span class='ocrx_word' id='word_1_464' title='bbox 2696 2242 2823 2305; x_wconf 76' lang='grc' dir='ltr'>τοὺς</span> <span class='ocrx_word' id='word_1_465' title='bbox 2853 2241 3040 2310; x_wconf 85' lang='grc' dir='ltr'>ἁγίους</span> <span class='ocrx_word' id='word_1_466' title='bbox 3063 2243 3144 2305; x_wconf 88' lang='grc' dir='ltr'><strong>είς</strong></span> <span class='ocrx_word' id='word_1_467' title='bbox 3176 2242 3302 2303; x_wconf 82' lang='grc' dir='ltr'>τοὺς</span> <span class='ocrx_word' id='word_1_468' title='bbox 3331 2243 3422 2296; x_wconf 76' lang='grc' dir='ltr'>ἐπὶ</span> <span class='ocrx_word' id='word_1_469' title='bbox 3472 2246 3587 2307; x_wconf 86' lang='grc' dir='ltr'>τοῖς</span> <span class='ocrx_word' id='word_1_470' title='bbox 3638 2262 3786 2314; x_wconf 87' lang='grc' dir='ltr'>μαρ-</span> 
     </span>
    </p>
   </div>
   <div class='ocr_carea' id='block_1_68' title="bbox 2192 2331 3786 2406">
    <p class='ocr_par' dir='ltr' id='par_1_68' title="bbox 2192 2331 3786 2406">
     <span class='ocr_line' id='line_1_68' title="bbox 2192 2331 3786 2406; baseline 0 -18"><span class='ocrx_word' id='word_1_471' title='bbox 2192 2335 2400 2406; x_wconf 90' lang='grc' dir='ltr'>τυρίοις</span> <span class='ocrx_word' id='word_1_472' title='bbox 2434 2334 2728 2398; x_wconf 82' lang='grc' dir='ltr'>καλοῦντες</span> <span class='ocrx_word' id='word_1_473' title='bbox 2761 2334 3002 2402; x_wconf 87' lang='grc' dir='ltr'>ἀγῶνας.</span> <span class='ocrx_word' id='word_1_474' title='bbox 3037 2331 3224 2398; x_wconf 79' lang='grc' dir='ltr'>Ἔδοξε</span> <span class='ocrx_word' id='word_1_475' title='bbox 3246 2334 3303 2387; x_wconf 84' lang='grc' dir='ltr'><strong>δέ</strong></span> <span class='ocrx_word' id='word_1_476' title='bbox 3332 2353 3445 2398; x_wconf 87' lang='grc' dir='ltr'><strong>πως</strong></span> <span class='ocrx_word' id='word_1_477' title='bbox 3473 2337 3504 2406; x_wconf 76' lang='grc' dir='ltr'><strong>ἡ</strong></span> <span class='ocrx_word' id='word_1_478' title='bbox 3549 2336 3786 2405; x_wconf 87' lang='grc' dir='ltr'>Ἐκκλη-</span> 
     </span>
    </p>
   </div>
   <div class='ocr_carea' id='block_1_69' title="bbox 2195 2427 3785 2499">
    <p class='ocr_par' dir='ltr' id='par_1_69' title="bbox 2195 2427 3785 2499">
     <span class='ocr_line' id='line_1_69' title="bbox 2195 2427 3785 2499; baseline -0.001 -16"><span class='ocrx_word' id='word_1_479' title='bbox 2195 2430 2307 2495; x_wconf 86' lang='grc' dir='ltr'>σία,</span> <span class='ocrx_word' id='word_1_480' title='bbox 2362 2429 2457 2483; x_wconf 75' lang='grc' dir='ltr'>καὶ</span> <span class='ocrx_word' id='word_1_481' title='bbox 2506 2431 2737 2499; x_wconf 77' lang='grc' dir='ltr'>πάσχειν</span> <span class='ocrx_word' id='word_1_482' title='bbox 2787 2428 3054 2492; x_wconf 85' lang='grc' dir='ltr'>εὐκόλως,</span> <span class='ocrx_word' id='word_1_483' title='bbox 3116 2427 3486 2497; x_wconf 76' lang='grc' dir='ltr'>ἐπαμύνοντος</span> <span class='ocrx_word' id='word_1_484' title='bbox 3545 2429 3785 2495; x_wconf 78' lang='grc' dir='ltr'>οὐδενὸς,</span> 
     </span>
    </p>
   </div>
   <div class='ocr_carea' id='block_1_70' title="bbox 2191 2517 3786 2592">
    <p class='ocr_par' dir='ltr' id='par_1_70' title="bbox 2191 2517 3786 2592">
     <span class='ocr_line' id='line_1_70' title="bbox 2191 2517 3786 2592; baseline -0.001 -19"><span class='ocrx_word' id='word_1_485' title='bbox 2191 2521 2427 2575; x_wconf 85' lang='grc' dir='ltr'>ἐοικέναι</span> <span class='ocrx_word' id='word_1_486' title='bbox 2463 2539 2521 2574; x_wconf 89' lang='grc' dir='ltr'><strong>τε</strong></span> <span class='ocrx_word' id='word_1_487' title='bbox 2545 2520 2837 2592; x_wconf 86' lang='grc' dir='ltr'>προθύροις</span> <span class='ocrx_word' id='word_1_488' title='bbox 2861 2519 3089 2572; x_wconf 88' lang='grc' dir='ltr'>σεσαλευ</span> <span class='ocrx_word' id='word_1_489' title='bbox 3098 2517 3301 2588; x_wconf 86' lang='grc' dir='ltr'>μένοις,</span> <span class='ocrx_word' id='word_1_490' title='bbox 3336 2518 3430 2572; x_wconf 83' lang='grc' dir='ltr'>καὶ</span> <span class='ocrx_word' id='word_1_491' title='bbox 3453 2518 3752 2572; x_wconf 84' lang='grc' dir='ltr'>πίπτουσιν</span> <span class='ocrx_word' id='word_1_492' title='bbox 3769 2561 3786 2584; x_wconf 96' lang='grc'><strong>,</strong></span> 
     </span>
    </p>
   </div>
   <div class='ocr_carea' id='block_1_71' title="bbox 2192 2608 3789 2684">
    <p class='ocr_par' dir='ltr' id='par_1_71' title="bbox 2192 2608 3789 2684">
     <span class='ocr_line' id='line_1_71' title="bbox 2192 2608 3789 2684; baseline -0.004 -17"><span class='ocrx_word' id='word_1_493' title='bbox 2192 2612 2352 2684; x_wconf 78' lang='grc' dir='ltr'>ἢκαὶ</span> <span class='ocrx_word' id='word_1_494' title='bbox 2401 2612 2534 2682; x_wconf 85' lang='grc' dir='ltr'>λίθῳ</span> <span class='ocrx_word' id='word_1_495' title='bbox 2581 2609 3067 2681; x_wconf 84' lang='grc' dir='ltr'>καταπατουμένῳ.</span> <span class='ocrx_word' id='word_1_496' title='bbox 3120 2609 3314 2663; x_wconf 81' lang='grc' dir='ltr'>Καίτοι</span> <span class='ocrx_word' id='word_1_497' title='bbox 3358 2609 3469 2678; x_wconf 81' lang='grc' dir='ltr'><strong>γὰρ</strong></span> <span class='ocrx_word' id='word_1_498' title='bbox 3521 2608 3725 2679; x_wconf 80' lang='grc' dir='ltr'>ἰσχύων</span> <span class='ocrx_word' id='word_1_499' title='bbox 3759 2610 3789 2660; x_wconf 91' lang='grc' dir='ltr'>ὁ</span> 
     </span>
    </p>
   </div>
   <div class='ocr_carea' id='block_1_72' title="bbox 2189 2701 3789 2775">
    <p class='ocr_par' dir='ltr' id='par_1_72' title="bbox 2189 2701 3789 2775">
     <span class='ocr_line' id='line_1_72' title="bbox 2189 2701 3789 2775; baseline -0.003 -17"><span class='ocrx_word' id='word_1_500' title='bbox 2189 2705 2300 2758; x_wconf 88' lang='grc' dir='ltr'><strong>τῶν</strong></span> <span class='ocrx_word' id='word_1_501' title='bbox 2353 2705 2491 2758; x_wconf 86' lang='grc' dir='ltr'>ὅλων</span> <span class='ocrx_word' id='word_1_502' title='bbox 2542 2703 2729 2775; x_wconf 76' lang='grc' dir='ltr'>Σωτὴρ</span> <span class='ocrx_word' id='word_1_503' title='bbox 2781 2702 2876 2756; x_wconf 58' lang='grc' dir='ltr'><strong>καλ⁹</strong></span> <span class='ocrx_word' id='word_1_504' title='bbox 2926 2701 3102 2756; x_wconf 88' lang='grc' dir='ltr'>πάντα</span> <span class='ocrx_word' id='word_1_505' title='bbox 3157 2701 3394 2771; x_wconf 83' lang='grc' dir='ltr'>πόλεμον</span> <span class='ocrx_word' id='word_1_506' title='bbox 3448 2703 3789 2755; x_wconf 90' lang='grc' dir='ltr'>κατευνάσαι</span> 
     </span>
    </p>
   </div>
   <div class='ocr_carea' id='block_1_73' title="bbox 2193 2786 3791 2865">
    <p class='ocr_par' dir='ltr' id='par_1_73' title="bbox 2193 2786 3791 2865">
     <span class='ocr_line' id='line_1_73' title="bbox 2193 2786 3791 2865; baseline -0.003 -20"><span class='ocrx_word' id='word_1_507' title='bbox 2193 2792 2410 2865; x_wconf 67' lang='grc' dir='ltr'>ῥᾳδίως,</span> <span class='ocrx_word' id='word_1_508' title='bbox 2441 2792 2640 2864; x_wconf 78' lang='grc' dir='ltr'>μᾶλλον</span> <span class='ocrx_word' id='word_1_509' title='bbox 2674 2791 2732 2845; x_wconf 82' lang='grc' dir='ltr'>δὲ</span> <span class='ocrx_word' id='word_1_510' title='bbox 2759 2791 2854 2845; x_wconf 70' lang='grc' dir='ltr'><strong>καὶ</strong></span> <span class='ocrx_word' id='word_1_511' title='bbox 2894 2790 3202 2860; x_wconf 79' lang='grc' dir='ltr'>ἀποστῆσαι</span> <span class='ocrx_word' id='word_1_512' title='bbox 3246 2786 3525 2851; x_wconf 87' lang='grc' dir='ltr'>παντελῶς</span> <span class='ocrx_word' id='word_1_513' title='bbox 3557 2787 3664 2842; x_wconf 92' lang='grc' dir='ltr'><strong>τῶν</strong></span> <span class='ocrx_word' id='word_1_514' title='bbox 3695 2806 3791 2841; x_wconf 89' lang='grc' dir='ltr'>σε-</span> 
     </span>
    </p>
   </div>
   <div class='ocr_carea' id='block_1_74' title="bbox 2189 2879 3788 2953">
    <p class='ocr_par' dir='ltr' id='par_1_74' title="bbox 2189 2879 3788 2953">
     <span class='ocr_line' id='line_1_74' title="bbox 2189 2879 3788 2953; baseline -0.003 -17"><span class='ocrx_word' id='word_1_515' title='bbox 2189 2883 2436 2953; x_wconf 70' lang='grc' dir='ltr'>ϐομένων</span> <span class='ocrx_word' id='word_1_516' title='bbox 2473 2883 2550 2953; x_wconf 83' lang='grc'><strong>(1)</strong></span> <span class='ocrx_word' id='word_1_517' title='bbox 2587 2882 2774 2945; x_wconf 83' lang='grc' dir='ltr'>αὐτὸν,</span> <span class='ocrx_word' id='word_1_518' title='bbox 2831 2881 2929 2935; x_wconf 76' lang='grc' dir='ltr'>καὶ</span> <span class='ocrx_word' id='word_1_519' title='bbox 2965 2879 3225 2950; x_wconf 86' lang='grc' dir='ltr'>ἀμείνους</span> <span class='ocrx_word' id='word_1_520' title='bbox 3250 2879 3526 2949; x_wconf 85' lang='grc' dir='ltr'>ἀποφῆναι</span> <span class='ocrx_word' id='word_1_521' title='bbox 3579 2879 3788 2941; x_wconf 81' lang='grc' dir='ltr'>παντὸς</span> 
     </span>
    </p>
   </div>
   <div class='ocr_carea' id='block_1_75' title="bbox 2191 2968 3791 3045">
    <p class='ocr_par' dir='ltr' id='par_1_75' title="bbox 2191 2968 3791 3045">
     <span class='ocr_line' id='line_1_75' title="bbox 2191 2968 3791 3045; baseline -0.003 -18"><span class='ocrx_word' id='word_1_522' title='bbox 2191 2972 2524 3045; x_wconf 84' lang='grc' dir='ltr'>πειρασμοῦ,</span> <span class='ocrx_word' id='word_1_523' title='bbox 2579 2971 2675 3026; x_wconf 76' lang='grc' dir='ltr'>καὶ</span> <span class='ocrx_word' id='word_1_524' title='bbox 2724 2970 2827 3042; x_wconf 86' lang='grc' dir='ltr'><strong>τῆς</strong></span> <span class='ocrx_word' id='word_1_525' title='bbox 2864 2969 2973 3024; x_wconf 91' lang='grc' dir='ltr'><strong>τῶν</strong></span> <span class='ocrx_word' id='word_1_526' title='bbox 3005 2968 3217 3041; x_wconf 79' lang='grc' dir='ltr'>ἐχθρῶν</span> <span class='ocrx_word' id='word_1_527' title='bbox 3245 2968 3791 3039; x_wconf 81' lang='grc' dir='ltr'>κατευμεγεθοῦντας</span> 
     </span>
    </p>
   </div>
   <div class='ocr_carea' id='block_1_76' title="bbox 2191 3059 3789 3137">
    <p class='ocr_par' dir='ltr' id='par_1_76' title="bbox 2191 3059 3789 3137">
     <span class='ocr_line' id='line_1_76' title="bbox 2191 3059 3789 3137; baseline -0.003 -20"><span class='ocrx_word' id='word_1_528' title='bbox 2191 3065 2395 3137; x_wconf 82' lang='grc' dir='ltr'>χειρὸς,</span> <span class='ocrx_word' id='word_1_529' title='bbox 2442 3065 2646 3135; x_wconf 84' lang='grc' dir='ltr'>ἐφῆκεν</span> <span class='ocrx_word' id='word_1_530' title='bbox 2693 3060 3049 3132; x_wconf 74' lang='grc' dir='ltr'>οἰκονομικῶς</span> <span class='ocrx_word' id='word_1_531' title='bbox 3091 3059 3650 3130; x_wconf 86' lang='grc' dir='ltr'>καταλαμπρύνεσθαι</span> <span class='ocrx_word' id='word_1_532' title='bbox 3688 3060 3789 3114; x_wconf 85' lang='grc' dir='ltr'><strong>διὰ</strong></span> 
     </span>
    </p>
   </div>
   <div class='ocr_carea' id='block_1_77' title="bbox 2191 3145 3790 3226">
    <p class='ocr_par' dir='ltr' id='par_1_77' title="bbox 2191 3145 3790 3226">
     <span class='ocr_line' id='line_1_77' title="bbox 2191 3145 3790 3226; baseline -0.006 -19"><span class='ocrx_word' id='word_1_533' title='bbox 2191 3152 2551 3226; x_wconf 81' lang='grc' dir='ltr'>παθημάτων,</span> <span class='ocrx_word' id='word_1_534' title='bbox 2581 3152 2668 3205; x_wconf 76' lang='grc' dir='ltr'>ἵνα</span> <span class='ocrx_word' id='word_1_535' title='bbox 2698 3151 3011 3221; x_wconf 88' lang='grc' dir='ltr'>σύμμορφοι</span> <span class='ocrx_word' id='word_1_536' title='bbox 3045 3145 3330 3216; x_wconf 86' lang='grc' dir='ltr'>γεγονότες</span> <span class='ocrx_word' id='word_1_537' title='bbox 3377 3145 3546 3216; x_wconf 81' lang='grc' dir='ltr'>αὐτῷ,</span> <span class='ocrx_word' id='word_1_538' title='bbox 3589 3146 3790 3199; x_wconf 82' lang='grc' dir='ltr'>συνδο-</span> 
     </span>
    </p>
   </div>
   <div class='ocr_carea' id='block_1_78' title="bbox 2190 3233 3790 3311">
    <p class='ocr_par' dir='ltr' id='par_1_78' title="bbox 2190 3233 3790 3311">
     <span class='ocr_line' id='line_1_78' title="bbox 2190 3233 3790 3311; baseline -0.011 -13"><span class='ocrx_word' id='word_1_539' title='bbox 2190 3241 2439 3311; x_wconf 81' lang='grc' dir='ltr'>ξασθείέν</span> <span class='ocrx_word' id='word_1_540' title='bbox 2460 3257 2522 3295; x_wconf 86' lang='grc' dir='ltr'><strong>τε</strong></span> <span class='ocrx_word' id='word_1_541' title='bbox 2566 3239 2661 3294; x_wconf 73' lang='grc' dir='ltr'>καὶ</span> <span class='ocrx_word' id='word_1_542' title='bbox 2713 3233 3223 3309; x_wconf 79' lang='grc' dir='ltr'>συμϐασιλεύσειαν.</span> <span class='ocrx_word' id='word_1_543' title='bbox 3257 3253 3276 3286; x_wconf 74' lang='grc' dir='ltr'><strong>ι</strong></span> <span class='ocrx_word' id='word_1_544' title='bbox 3316 3234 3379 3286; x_wconf 80' lang='lat' dir='ltr'><strong>Et</strong></span> <span class='ocrx_word' id='word_1_545' title='bbox 3409 3233 3518 3304; x_wconf 82' lang='grc' dir='ltr'><strong>γὰρ</strong></span> <span class='ocrx_word' id='word_1_546' title='bbox 3558 3235 3790 3304; x_wconf 80' lang='grc' dir='ltr'>συμπά-</span> 
     </span>
    </p>
   </div>
   <div class='ocr_carea' id='block_1_79' title="bbox 2149 3327 3788 3408">
    <p class='ocr_par' dir='ltr' id='par_1_79' title="bbox 2149 3327 3788 3408">
     <span class='ocr_line' id='line_1_79' title="bbox 2149 3327 3788 3408; baseline -0.007 -18"><span class='ocrx_word' id='word_1_547' title='bbox 2149 3371 2152 3374; x_wconf 75' lang='lat'><strong><em>~</em></strong></span> <span class='ocrx_word' id='word_1_548' title='bbox 2190 3333 2532 3408; x_wconf 71' lang='grc' dir='ltr'>σχομεν,καὶ</span> <span class='ocrx_word' id='word_1_549' title='bbox 2555 3331 3058 3405; x_wconf 74' lang='grc' dir='ltr'>συμϐασιλεύσομεν</span> <span class='ocrx_word' id='word_1_550' title='bbox 3087 3329 3256 3399; x_wconf 85' lang='grc' dir='ltr'>αὐτῷ,</span> <span class='ocrx_word' id='word_1_551' title='bbox 3273 3327 3413 3382; x_wconf 84' lang='grc' dir='ltr'><strong>κατὰ</strong></span> <span class='ocrx_word' id='word_1_552' title='bbox 3438 3327 3498 3380; x_wconf 84' lang='grc' dir='ltr'><strong>τὺ</strong></span> <span class='ocrx_word' id='word_1_553' title='bbox 3529 3344 3788 3398; x_wconf 81' lang='grc' dir='ltr'>γεγραμ-</span> 
     </span>
    </p>
   </div>
   <div class='ocr_carea' id='block_1_80' title="bbox 2195 3416 3788 3496">
    <p class='ocr_par' dir='ltr' id='par_1_80' title="bbox 2195 3416 3788 3496">
     <span class='ocr_line' id='line_1_80' title="bbox 2195 3416 3788 3496; baseline -0.008 -16"><span class='ocrx_word' id='word_1_554' title='bbox 2195 3425 2374 3496; x_wconf 82' lang='grc' dir='ltr'>μένον,</span> <span class='ocrx_word' id='word_1_555' title='bbox 2408 3424 2506 3478; x_wconf 69' lang='grc' dir='ltr'>καὶ</span> <span class='ocrx_word' id='word_1_556' title='bbox 2539 3423 2592 3478; x_wconf 81' lang='grc' dir='ltr'><strong>εί</strong></span> <span class='ocrx_word' id='word_1_557' title='bbox 2611 3421 2861 3479; x_wconf 70' lang='grc' dir='ltr'>κοινωνοὶ</span> <span class='ocrx_word' id='word_1_558' title='bbox 2886 3421 2999 3476; x_wconf 85' lang='grc' dir='ltr'><strong>τῶν</strong></span> <span class='ocrx_word' id='word_1_559' title='bbox 3029 3417 3370 3490; x_wconf 86' lang='grc' dir='ltr'>παθημάτων</span> <span class='ocrx_word' id='word_1_560' title='bbox 3397 3416 3582 3487; x_wconf 78' lang='grc' dir='ltr'>ἐσμὲν,</span> <span class='ocrx_word' id='word_1_561' title='bbox 3640 3417 3788 3470; x_wconf 85' lang='grc' dir='ltr'><strong>ἀλλὰ</strong></span> 
     </span>
    </p>
   </div>
   <div class='ocr_carea' id='block_1_81' title="bbox 2192 3507 3789 3583">
    <p class='ocr_par' dir='ltr' id='par_1_81' title="bbox 2192 3507 3789 3583">
     <span class='ocr_line' id='line_1_81' title="bbox 2192 3507 3789 3583; baseline -0.005 -16"><span class='ocrx_word' id='word_1_562' title='bbox 2192 3514 2286 3568; x_wconf 75' lang='grc' dir='ltr'>καὶ</span> <span class='ocrx_word' id='word_1_563' title='bbox 2313 3513 2413 3583; x_wconf 86' lang='grc' dir='ltr'><strong>τῆς</strong></span> <span class='ocrx_word' id='word_1_564' title='bbox 2439 3512 2596 3581; x_wconf 79' lang='grc' dir='ltr'>δόξης</span> <span class='ocrx_word' id='word_1_565' title='bbox 2613 3511 3014 3582; x_wconf 80' lang='grc' dir='ltr'>ἐσόμεθα.›-‹</span> <span class='ocrx_word' id='word_1_566' title='bbox 3035 3510 3165 3564; x_wconf 84' lang='grc' dir='ltr'>Ἰδοὺ</span> <span class='ocrx_word' id='word_1_567' title='bbox 3184 3509 3379 3572; x_wconf 85' lang='grc' dir='ltr'>τοίνυν,</span> <span class='ocrx_word' id='word_1_568' title='bbox 3406 3508 3558 3577; x_wconf 78' lang='grc' dir='ltr'>φησὶ,</span> <span class='ocrx_word' id='word_1_569' title='bbox 3587 3507 3789 3580; x_wconf 89' lang='grc' dir='ltr'>τίθημι</span> 
     </span>
    </p>
   </div>
   <div class='ocr_carea' id='block_1_82' title="bbox 2190 3598 3785 3677">
    <p class='ocr_par' dir='ltr' id='par_1_82' title="bbox 2190 3598 3785 3677">
     <span class='ocr_line' id='line_1_82' title="bbox 2190 3598 3785 3677; baseline -0.005 -19"><span class='ocrx_word' id='word_1_570' title='bbox 2190 3605 2289 3677; x_wconf 83' lang='grc' dir='ltr'>τὴν</span> <span class='ocrx_word' id='word_1_571' title='bbox 2325 3604 2702 3676; x_wconf 82' lang='grc' dir='ltr'>Ἰερουσαλὴμ,</span> <span class='ocrx_word' id='word_1_572' title='bbox 2731 3603 2806 3667; x_wconf 87' lang='grc' dir='ltr'><strong>ὡς</strong></span> <span class='ocrx_word' id='word_1_573' title='bbox 2829 3600 3079 3675; x_wconf 86' lang='grc' dir='ltr'>πρόθυρα</span> <span class='ocrx_word' id='word_1_574' title='bbox 3100 3599 3453 3669; x_wconf 88' lang='grc' dir='ltr'>σαλευόμενα.</span> <span class='ocrx_word' id='word_1_575' title='bbox 3484 3617 3502 3650; x_wconf 74' lang='grc' dir='ltr'><strong>ι</strong></span> <span class='ocrx_word' id='word_1_576' title='bbox 3536 3599 3600 3651; x_wconf 89' lang='grc' dir='ltr'>Εί</span> <span class='ocrx_word' id='word_1_577' title='bbox 3633 3598 3694 3651; x_wconf 84' lang='grc' dir='ltr'>δὲ</span> <span class='ocrx_word' id='word_1_578' title='bbox 3719 3599 3785 3670; x_wconf 83' lang='grc' dir='ltr'>δὴ</span> 
     </span>
    </p>
   </div>
   <div class='ocr_carea' id='block_1_83' title="bbox 2191 3690 3784 3765">
    <p class='ocr_par' dir='ltr' id='par_1_83' title="bbox 2191 3690 3784 3765">
     <span class='ocr_line' id='line_1_83' title="bbox 2191 3690 3784 3765; baseline -0.005 -14"><span class='ocrx_word' id='word_1_579' title='bbox 2191 3696 2349 3751; x_wconf 86' lang='grc' dir='ltr'>τοῦτο</span> <span class='ocrx_word' id='word_1_580' title='bbox 2407 3697 2638 3765; x_wconf 90' lang='grc' dir='ltr'>γένοιτο,</span> <span class='ocrx_word' id='word_1_581' title='bbox 2694 3693 2993 3764; x_wconf 88' lang='grc' dir='ltr'>καταχθείη</span> <span class='ocrx_word' id='word_1_582' title='bbox 3057 3691 3188 3763; x_wconf 77' lang='grc' dir='ltr'>περὶ</span> <span class='ocrx_word' id='word_1_583' title='bbox 3240 3690 3411 3761; x_wconf 85' lang='grc' dir='ltr'>αὐτὴν</span> <span class='ocrx_word' id='word_1_584' title='bbox 3437 3691 3471 3760; x_wconf 82' lang='grc' dir='ltr'><strong>ἡ</strong></span> <span class='ocrx_word' id='word_1_585' title='bbox 3518 3690 3784 3760; x_wconf 83' lang='grc' dir='ltr'>περιοχὴ,</span> 
     </span>
    </p>
   </div>
   <div class='ocr_carea' id='block_1_84' title="bbox 2191 3775 3786 3854">
    <p class='ocr_par' dir='ltr' id='par_1_84' title="bbox 2191 3775 3786 3854">
     <span class='ocr_line' id='line_1_84' title="bbox 2191 3775 3786 3854; baseline -0.004 -16"><span class='ocrx_word' id='word_1_586' title='bbox 2191 3784 2494 3848; x_wconf 82' lang='grc' dir='ltr'>τουτέστιν,</span> <span class='ocrx_word' id='word_1_587' title='bbox 2525 3785 2558 3854; x_wconf 82' lang='grc' dir='ltr'>ἡ</span> <span class='ocrx_word' id='word_1_588' title='bbox 2601 3781 2754 3854; x_wconf 86' lang='grc' dir='ltr'><strong>παρά</strong></span> <span class='ocrx_word' id='word_1_589' title='bbox 2777 3782 2994 3836; x_wconf 88' lang='grc' dir='ltr'>πάντων</span> <span class='ocrx_word' id='word_1_590' title='bbox 3021 3779 3325 3852; x_wconf 66' lang='grc' dir='ltr'>πολιορκίω</span> <span class='ocrx_word' id='word_1_591' title='bbox 3358 3779 3451 3833; x_wconf 77' lang='grc' dir='ltr'>καὶ</span> <span class='ocrx_word' id='word_1_592' title='bbox 3476 3780 3605 3832; x_wconf 84' lang='grc' dir='ltr'>ὅταν</span> <span class='ocrx_word' id='word_1_593' title='bbox 3632 3775 3786 3832; x_wconf 83' lang='grc' dir='ltr'>εἶναι</span> 
     </span>
    </p>
   </div>
   <div class='ocr_carea' id='block_1_85' title="bbox 2191 3871 3791 3944">
    <p class='ocr_par' dir='ltr' id='par_1_85' title="bbox 2191 3871 3791 3944">
     <span class='ocr_line' id='line_1_85' title="bbox 2191 3871 3791 3944; baseline -0.005 -14"><span class='ocrx_word' id='word_1_594' title='bbox 2191 3875 2394 3940; x_wconf 83' lang='grc' dir='ltr'>δόξειεν</span> <span class='ocrx_word' id='word_1_595' title='bbox 2417 3874 2491 3938; x_wconf 89' lang='grc' dir='ltr'><strong>ώς</strong></span> <span class='ocrx_word' id='word_1_596' title='bbox 2509 3874 2654 3937; x_wconf 87' lang='grc' dir='ltr'>λίθος</span> <span class='ocrx_word' id='word_1_597' title='bbox 2683 3872 3188 3944; x_wconf 84' lang='grc' dir='ltr'>καταπατούμενος,</span> <span class='ocrx_word' id='word_1_598' title='bbox 3220 3873 3342 3926; x_wconf 87' lang='grc' dir='ltr'>τότε</span> <span class='ocrx_word' id='word_1_599' title='bbox 3389 3872 3496 3934; x_wconf 79' lang='grc' dir='ltr'>πᾶς</span> <span class='ocrx_word' id='word_1_600' title='bbox 3523 3872 3552 3923; x_wconf 91' lang='lat'><strong>6</strong></span> <span class='ocrx_word' id='word_1_601' title='bbox 3575 3871 3791 3942; x_wconf 86' lang='grc' dir='ltr'>ἐμπαί-</span> 
     </span>
    </p>
   </div>
   <div class='ocr_carea' id='block_1_86' title="bbox 2195 3960 3790 4035">
    <p class='ocr_par' dir='ltr' id='par_1_86' title="bbox 2195 3960 3790 4035">
     <span class='ocr_line' id='line_1_86' title="bbox 2195 3960 3790 4035; baseline -0.005 -17"><span class='ocrx_word' id='word_1_602' title='bbox 2195 3964 2303 4029; x_wconf 85' lang='grc' dir='ltr'>ζων</span> <span class='ocrx_word' id='word_1_603' title='bbox 2334 3962 2679 4035; x_wconf 84' lang='grc' dir='ltr'>ἐμπαίξεται.</span> <span class='ocrx_word' id='word_1_604' title='bbox 2711 3963 3032 4034; x_wconf 86' lang='grc' dir='ltr'>Πέπρακται</span> <span class='ocrx_word' id='word_1_605' title='bbox 3057 3961 3115 4016; x_wconf 81' lang='grc' dir='ltr'>δὲ</span> <span class='ocrx_word' id='word_1_606' title='bbox 3151 3960 3330 4028; x_wconf 86' lang='grc' dir='ltr'>τοῦτο,</span> <span class='ocrx_word' id='word_1_607' title='bbox 3363 3960 3614 4032; x_wconf 86' lang='grc' dir='ltr'>καθάπερ</span> <span class='ocrx_word' id='word_1_608' title='bbox 3641 3960 3790 4030; x_wconf 75' lang='grc' dir='ltr'>ἔφην</span> 
     </span>
    </p>
   </div>
   <div class='ocr_carea' id='block_1_87' title="bbox 2195 4051 3792 4127">
    <p class='ocr_par' dir='ltr' id='par_1_87' title="bbox 2195 4051 3792 4127">
     <span class='ocr_line' id='line_1_87' title="bbox 2195 4051 3792 4127; baseline -0.004 -17"><span class='ocrx_word' id='word_1_609' title='bbox 2195 4055 2418 4127; x_wconf 87' lang='grc' dir='ltr'>ἀρτίως,</span> <span class='ocrx_word' id='word_1_610' title='bbox 2454 4057 2512 4109; x_wconf 93' lang='grc' dir='ltr'><strong>ἐν</strong></span> <span class='ocrx_word' id='word_1_611' title='bbox 2539 4058 2652 4118; x_wconf 85' lang='grc' dir='ltr'>τοῖς</span> <span class='ocrx_word' id='word_1_612' title='bbox 2685 4055 2824 4110; x_wconf 87' lang='grc' dir='ltr'><strong>κατά</strong></span> <span class='ocrx_word' id='word_1_613' title='bbox 2851 4054 3076 4126; x_wconf 77' lang='grc' dir='ltr'>καιροὺς</span> <span class='ocrx_word' id='word_1_614' title='bbox 3119 4053 3398 4123; x_wconf 87' lang='grc' dir='ltr'>διωγμοῖς.</span> <span class='ocrx_word' id='word_1_615' title='bbox 3445 4051 3792 4120; x_wconf 77' lang='grc' dir='ltr'>Ἐπεφύοντο</span> 
     </span>
    </p>
   </div>
   <div class='ocr_carea' id='block_1_88' title="bbox 2195 4141 3788 4216">
    <p class='ocr_par' dir='ltr' id='par_1_88' title="bbox 2195 4141 3788 4216">
     <span class='ocr_line' id='line_1_88' title="bbox 2195 4141 3788 4216; baseline -0.003 -18"><span class='ocrx_word' id='word_1_616' title='bbox 2195 4147 2305 4216; x_wconf 83' lang='grc' dir='ltr'>γὰρ</span> <span class='ocrx_word' id='word_1_617' title='bbox 2326 4148 2438 4208; x_wconf 85' lang='grc' dir='ltr'>τοῖς</span> <span class='ocrx_word' id='word_1_618' title='bbox 2466 4145 2661 4214; x_wconf 77' lang='grc' dir='ltr'>ἁγίοις,</span> <span class='ocrx_word' id='word_1_619' title='bbox 2691 4144 2835 4199; x_wconf 81' lang='grc' dir='ltr'>κατὰ</span> <span class='ocrx_word' id='word_1_620' title='bbox 2885 4143 3113 4206; x_wconf 78' lang='grc' dir='ltr'>πολλοὺς</span> <span class='ocrx_word' id='word_1_621' title='bbox 3173 4141 3474 4206; x_wconf 75' lang='grc' dir='ltr'>αἰκίζοντες</span> <span class='ocrx_word' id='word_1_622' title='bbox 3503 4141 3752 4210; x_wconf 81' lang='grc' dir='ltr'>τρόπους</span> <span class='ocrx_word' id='word_1_623' title='bbox 3770 4180 3788 4204; x_wconf 93' lang='grc'><strong>,</strong></span> 
     </span>
    </p>
   </div>
   <div class='ocr_carea' id='block_1_89' title="bbox 2197 4232 3792 4308">
    <p class='ocr_par' dir='ltr' id='par_1_89' title="bbox 2197 4232 3792 4308">
     <span class='ocr_line' id='line_1_89' title="bbox 2197 4232 3792 4308; baseline -0.005 -16"><span class='ocrx_word' id='word_1_624' title='bbox 2197 4238 2290 4292; x_wconf 72' lang='grc' dir='ltr'>καὶ</span> <span class='ocrx_word' id='word_1_625' title='bbox 2319 4239 2460 4308; x_wconf 85' lang='grc' dir='ltr'>τάχα</span> <span class='ocrx_word' id='word_1_626' title='bbox 2495 4255 2598 4292; x_wconf 90' lang='grc' dir='ltr'><strong>που</strong></span> <span class='ocrx_word' id='word_1_627' title='bbox 2647 4236 2745 4292; x_wconf 74' lang='grc' dir='ltr'>καὶ</span> <span class='ocrx_word' id='word_1_628' title='bbox 2801 4235 3234 4306; x_wconf 81' lang='grc' dir='ltr'>ἀποθνήσκουσιν</span> <span class='ocrx_word' id='word_1_629' title='bbox 3289 4232 3703 4303; x_wconf 85' lang='grc' dir='ltr'>ἐπιμειδιῶντες</span> <span class='ocrx_word' id='word_1_630' title='bbox 3735 4235 3792 4285; x_wconf 80' lang='grc' dir='ltr'>οἱ</span> 
     </span>
    </p>
   </div>
   <div class='ocr_carea' id='block_1_90' title="bbox 2195 4325 3792 4401">
    <p class='ocr_par' dir='ltr' id='par_1_90' title="bbox 2195 4325 3792 4401">
     <span class='ocr_line' id='line_1_90' title="bbox 2195 4325 3792 4401; baseline -0.004 -18"><span class='ocrx_word' id='word_1_631' title='bbox 2195 4329 2442 4393; x_wconf 87' lang='grc' dir='ltr'>τάλανες.</span> <span class='ocrx_word' id='word_1_632' title='bbox 2487 4330 2562 4382; x_wconf 86' lang='grc' dir='ltr'><strong>Οὐ</strong></span> <span class='ocrx_word' id='word_1_633' title='bbox 2612 4328 2720 4400; x_wconf 89' lang='grc' dir='ltr'><strong>γάρ</strong></span> <span class='ocrx_word' id='word_1_634' title='bbox 2772 4329 2991 4401; x_wconf 75' lang='grc' dir='ltr'>ᾔδεσαν,</span> <span class='ocrx_word' id='word_1_635' title='bbox 3045 4328 3186 4383; x_wconf 87' lang='grc' dir='ltr'><strong>κατὰ</strong></span> <span class='ocrx_word' id='word_1_636' title='bbox 3217 4326 3278 4380; x_wconf 80' lang='grc' dir='ltr'>τὸ</span> <span class='ocrx_word' id='word_1_637' title='bbox 3301 4326 3466 4390; x_wconf 85' lang='grc' dir='ltr'>είκδς,</span> <span class='ocrx_word' id='word_1_638' title='bbox 3493 4325 3556 4378; x_wconf 83' lang='grc' dir='ltr'>τὸ</span> <span class='ocrx_word' id='word_1_639' title='bbox 3584 4327 3648 4378; x_wconf 91' lang='grc' dir='ltr'><strong>ἐκ</strong></span> <span class='ocrx_word' id='word_1_640' title='bbox 3682 4327 3792 4379; x_wconf 83' lang='grc' dir='ltr'><strong>τοῦ</strong></span> 
     </span>
    </p>
   </div>
   <div class='ocr_carea' id='block_1_91' title="bbox 2198 4415 3792 4492">
    <p class='ocr_par' dir='ltr' id='par_1_91' title="bbox 2198 4415 3792 4492">
     <span class='ocr_line' id='line_1_91' title="bbox 2198 4415 3792 4492; baseline -0.006 -16"><span class='ocrx_word' id='word_1_641' title='bbox 2198 4421 2386 4476; x_wconf 87' lang='grc' dir='ltr'>παθεῖν</span> <span class='ocrx_word' id='word_1_642' title='bbox 2405 4420 2646 4486; x_wconf 82' lang='grc' dir='ltr'>εὐκλεὲς,</span> <span class='ocrx_word' id='word_1_643' title='bbox 2700 4421 2794 4476; x_wconf 78' lang='grc' dir='ltr'>καὶ</span> <span class='ocrx_word' id='word_1_644' title='bbox 2841 4421 2924 4474; x_wconf 86' lang='grc' dir='ltr'>ὃτι</span> <span class='ocrx_word' id='word_1_645' title='bbox 2975 4419 3111 4492; x_wconf 77' lang='grc' dir='ltr'>πρὸς</span> <span class='ocrx_word' id='word_1_646' title='bbox 3157 4417 3422 4488; x_wconf 85' lang='grc' dir='ltr'>εὐθυμίας</span> <span class='ocrx_word' id='word_1_647' title='bbox 3449 4416 3633 4479; x_wconf 84' lang='grc' dir='ltr'>αὐτοῖς</span> <span class='ocrx_word' id='word_1_648' title='bbox 3680 4415 3792 4485; x_wconf 87' lang='grc' dir='ltr'><strong>τῆς</strong></span> 
     </span>
    </p>
   </div>
   <div class='ocr_carea' id='block_1_92' title="bbox 506 4498 2092 4583">
    <p class='ocr_par' dir='ltr' id='par_1_92' title="bbox 506 4498 2080 4572">
     <span class='ocr_line' id='line_1_92' title="bbox 506 4498 2080 4572; baseline -0.008 -8"><span class='ocrx_word' id='word_1_649' title='bbox 506 4517 777 4564; x_wconf 89' lang='lat' dir='ltr'><strong>commota</strong></span> <span class='ocrx_word' id='word_1_650' title='bbox 802 4505 1053 4561; x_wconf 86' lang='lat' dir='ltr'><strong>omnibus</strong></span> <span class='ocrx_word' id='word_1_651' title='bbox 1075 4501 1288 4572; x_wconf 90' lang='lat' dir='ltr'><strong>populis</strong></span> <span class='ocrx_word' id='word_1_652' title='bbox 1310 4502 1363 4555; x_wconf 89' lang='lat' dir='ltr'><strong>in</strong></span> <span class='ocrx_word' id='word_1_653' title='bbox 1397 4499 1650 4555; x_wconf 88' lang='lat' dir='ltr'><strong>circuitu.</strong></span> <span class='ocrx_word' id='word_1_654' title='bbox 1675 4517 1695 4551; x_wconf 69' lang='grc' dir='ltr'><strong>ι</strong></span> <span class='ocrx_word' id='word_1_655' title='bbox 1720 4499 1873 4553; x_wconf 87' lang='lat' dir='ltr'><strong>Haud</strong></span> <span class='ocrx_word' id='word_1_656' title='bbox 1897 4498 2080 4554; x_wconf 86' lang='lat' dir='ltr'><strong>diver—</strong></span> 
     </span>
    </p>
   </div>
   <div class='ocr_carea' id='block_1_93' title="bbox 2192 4498 3795 4583">
    <p class='ocr_par' dir='ltr' id='par_1_93' title="bbox 2192 4506 3795 4583">
     <span class='ocr_line' id='line_1_93' title="bbox 2192 4506 3795 4583; baseline -0.003 -19"><span class='ocrx_word' id='word_1_657' title='bbox 2192 4511 2467 4583; x_wconf 84' lang='grc' dir='ltr'>διηνεκοῦς</span> <span class='ocrx_word' id='word_1_658' title='bbox 2490 4510 2642 4565; x_wconf 79' lang='grc' dir='ltr'>ἐσται</span> <span class='ocrx_word' id='word_1_659' title='bbox 2691 4511 2755 4582; x_wconf 85' lang='grc' dir='ltr'>δὴ</span> <span class='ocrx_word' id='word_1_660' title='bbox 2797 4512 3013 4574; x_wconf 88' lang='grc' dir='ltr'>πάντως</span> <span class='ocrx_word' id='word_1_661' title='bbox 3041 4511 3070 4562; x_wconf 91' lang='lat'><strong>6</strong></span> <span class='ocrx_word' id='word_1_662' title='bbox 3101 4509 3280 4572; x_wconf 83' lang='grc' dir='ltr'>πόνος.</span> <span class='ocrx_word' id='word_1_663' title='bbox 3320 4506 3516 4578; x_wconf 84' lang='grc' dir='ltr'>Ἀθρει</span> <span class='ocrx_word' id='word_1_664' title='bbox 3540 4506 3597 4562; x_wconf 82' lang='grc' dir='ltr'><strong>δέ</strong></span> <span class='ocrx_word' id='word_1_665' title='bbox 3628 4507 3795 4569; x_wconf 85' lang='grc' dir='ltr'>ὅπως</span> 
     </span>
    </p>
   </div>
   <div class='ocr_carea' id='block_1_94' title="bbox 508 4587 2080 4666">
    <p class='ocr_par' dir='ltr' id='par_1_94' title="bbox 508 4587 2080 4666">
     <span class='ocr_line' id='line_1_94' title="bbox 508 4587 2080 4666; baseline -0.006 -13"><span class='ocrx_word' id='word_1_666' title='bbox 508 4615 626 4654; x_wconf 75' lang='lat' dir='ltr'><strong>sum</strong></span> <span class='ocrx_word' id='word_1_667' title='bbox 651 4598 778 4654; x_wconf 89' lang='lat' dir='ltr'><strong>illud</strong></span> <span class='ocrx_word' id='word_1_668' title='bbox 805 4605 904 4660; x_wconf 84' lang='lat' dir='ltr'><strong>est,</strong></span> <span class='ocrx_word' id='word_1_669' title='bbox 930 4595 1150 4666; x_wconf 88' lang='lat' dir='ltr'><strong>opinor,</strong></span> <span class='ocrx_word' id='word_1_670' title='bbox 1178 4592 1323 4662; x_wconf 89' lang='lat' dir='ltr'><strong>quod</strong></span> <span class='ocrx_word' id='word_1_671' title='bbox 1347 4605 1379 4645; x_wconf 90' lang='lat' dir='ltr'><strong>a</strong></span> <span class='ocrx_word' id='word_1_672' title='bbox 1425 4589 1709 4644; x_wconf 86' lang='lat' dir='ltr'><strong>Salvatore</strong></span> <span class='ocrx_word' id='word_1_673' title='bbox 1741 4588 1808 4642; x_wconf 90' lang='lat' dir='ltr'><strong>ad</strong></span> <span class='ocrx_word' id='word_1_674' title='bbox 1848 4587 2080 4643; x_wconf 82' lang='lat' dir='ltr'><strong>Pilatum</strong></span> 
     </span>
    </p>
   </div>
   <div class='ocr_carea' id='block_1_95' title="bbox 507 4678 2083 4750">
    <p class='ocr_par' dir='ltr' id='par_1_95' title="bbox 507 4678 2083 4750">
     <span class='ocr_line' id='line_1_95' title="bbox 507 4678 2083 4750; baseline -0.005 -8"><span class='ocrx_word' id='word_1_675' title='bbox 507 4689 746 4744; x_wconf 85' lang='lat' dir='ltr'><strong>dicitur:</strong></span> <span class='ocrx_word' id='word_1_676' title='bbox 786 4706 804 4739; x_wconf 75' lang='grc' dir='ltr'><strong>ι</strong></span> <span class='ocrx_word' id='word_1_677' title='bbox 835 4686 951 4740; x_wconf 81' lang='lat' dir='ltr'><strong>Non</strong></span> <span class='ocrx_word' id='word_1_678' title='bbox 989 4684 1217 4740; x_wconf 87' lang='lat' dir='ltr'><strong>haberes</strong></span> <span class='ocrx_word' id='word_1_679' title='bbox 1251 4688 1574 4750; x_wconf 85' lang='lat' dir='ltr'><strong>potestatem</strong></span> <span class='ocrx_word' id='word_1_680' title='bbox 1663 4678 1950 4734; x_wconf 86' lang='lat' dir='ltr'><strong>adversum</strong></span> <span class='ocrx_word' id='word_1_681' title='bbox 1999 4695 2083 4734; x_wconf 89' lang='lat' dir='ltr'><strong>me</strong></span> 
     </span>
    </p>
   </div>
   <div class='ocr_carea' id='block_1_96' title="bbox 508 4769 2086 4847">
    <p class='ocr_par' dir='ltr' id='par_1_96' title="bbox 508 4769 2086 4847">
     <span class='ocr_line' id='line_1_96' title="bbox 508 4769 2086 4847; baseline -0.006 -12"><span class='ocrx_word' id='word_1_682' title='bbox 508 4781 693 4847; x_wconf 89' lang='lat' dir='ltr'><strong>ullam,</strong></span> <span class='ocrx_word' id='word_1_683' title='bbox 714 4779 816 4833; x_wconf 88' lang='lat' dir='ltr'><strong>nisi</strong></span> <span class='ocrx_word' id='word_1_684' title='bbox 842 4778 934 4832; x_wconf 88' lang='lat' dir='ltr'><strong>tibi</strong></span> <span class='ocrx_word' id='word_1_685' title='bbox 966 4778 1150 4832; x_wconf 87' lang='lat' dir='ltr'><strong>datum</strong></span> <span class='ocrx_word' id='word_1_686' title='bbox 1173 4779 1317 4828; x_wconf 87' lang='lat' dir='ltr'><strong>esset</strong></span> <span class='ocrx_word' id='word_1_687' title='bbox 1345 4771 1576 4838; x_wconf 87' lang='lat' dir='ltr'><strong>desuper</strong></span> <span class='ocrx_word' id='word_1_688' title='bbox 1602 4769 1670 4825; x_wconf 74' lang='grc' dir='ltr'><strong>⁸ο.</strong></span> <span class='ocrx_word' id='word_1_689' title='bbox 1719 4789 1738 4822; x_wconf 73' lang='grc' dir='ltr'><strong>ι</strong></span> <span class='ocrx_word' id='word_1_690' title='bbox 1771 4769 1862 4824; x_wconf 80' lang='lat' dir='ltr'><strong>Sic</strong></span> <span class='ocrx_word' id='word_1_691' title='bbox 1892 4771 2086 4826; x_wconf 88' lang='lat' dir='ltr'><strong>merito</strong></span> 
     </span>
    </p>
   </div>
   <div class='ocr_carea' id='block_1_97' title="bbox 507 4859 2080 4938">
    <p class='ocr_par' dir='ltr' id='par_1_97' title="bbox 507 4859 2080 4938">
     <span class='ocr_line' id='line_1_97' title="bbox 507 4859 2080 4938; baseline -0.006 -13"><span class='ocrx_word' id='word_1_692' title='bbox 507 4873 668 4926; x_wconf 90' lang='lat' dir='ltr'><strong>etiam</strong></span> <span class='ocrx_word' id='word_1_693' title='bbox 700 4871 1026 4938; x_wconf 87' lang='lat' dir='ltr'><strong>dicatquam</strong></span> <span class='ocrx_word' id='word_1_694' title='bbox 1073 4866 1286 4920; x_wconf 90' lang='lat' dir='ltr'><strong>animus</strong></span> <span class='ocrx_word' id='word_1_695' title='bbox 1366 4863 1606 4916; x_wconf 89' lang='lat' dir='ltr'><strong>intuetur</strong></span> <span class='ocrx_word' id='word_1_696' title='bbox 1659 4859 1975 4926; x_wconf 87' lang='lat' dir='ltr'><strong>Jerusalem,</strong></span> <span class='ocrx_word' id='word_1_697' title='bbox 2027 4863 2080 4916; x_wconf 89' lang='lat' dir='ltr'><strong>id</strong></span> 
     </span>
    </p>
   </div>
   <div class='ocr_carea' id='block_1_98' title="bbox 504 4950 2082 5028">
    <p class='ocr_par' dir='ltr' id='par_1_98' title="bbox 504 4950 2082 5028">
     <span class='ocr_line' id='line_1_98' title="bbox 504 4950 2082 5028; baseline -0.005 -12"><span class='ocrx_word' id='word_1_698' title='bbox 504 4971 589 5016; x_wconf 90' lang='lat' dir='ltr'><strong>est</strong></span> <span class='ocrx_word' id='word_1_699' title='bbox 629 4961 891 5024; x_wconf 88' lang='lat' dir='ltr'><strong>Ecclesia,</strong></span> <span class='ocrx_word' id='word_1_700' title='bbox 952 4956 1293 5028; x_wconf 89' lang='lat' dir='ltr'><strong>persequenti</strong></span> <span class='ocrx_word' id='word_1_701' title='bbox 1345 4953 1589 5009; x_wconf 92' lang='lat' dir='ltr'><strong>mundo:</strong></span> <span class='ocrx_word' id='word_1_702' title='bbox 1638 4971 1654 5003; x_wconf 82' lang='grc' dir='ltr'><strong>ι</strong></span> <span class='ocrx_word' id='word_1_703' title='bbox 1694 4950 1811 5007; x_wconf 86' lang='lat' dir='ltr'><strong>Non</strong></span> <span class='ocrx_word' id='word_1_704' title='bbox 1856 4953 2082 5009; x_wconf 84' lang='lat' dir='ltr'><strong>haberes</strong></span> 
     </span>
    </p>
   </div>
   <div class='ocr_carea' id='block_1_99' title="bbox 505 5043 2078 5128">
    <p class='ocr_par' dir='ltr' id='par_1_99' title="bbox 505 5043 2078 5128">
     <span class='ocr_line' id='line_1_99' title="bbox 505 5043 2078 5128; baseline -0.004 -21"><span class='ocrx_word' id='word_1_705' title='bbox 505 5060 828 5128; x_wconf 83' lang='lat' dir='ltr'><strong>potestatem</strong></span> <span class='ocrx_word' id='word_1_706' title='bbox 863 5061 1054 5105; x_wconf 89' lang='lat' dir='ltr'><strong>contra</strong></span> <span class='ocrx_word' id='word_1_707' title='bbox 1081 5065 1166 5104; x_wconf 89' lang='lat' dir='ltr'><strong>me</strong></span> <span class='ocrx_word' id='word_1_708' title='bbox 1198 5047 1383 5111; x_wconf 86' lang='lat' dir='ltr'><strong>ullam,</strong></span> <span class='ocrx_word' id='word_1_709' title='bbox 1430 5044 1534 5098; x_wconf 88' lang='lat' dir='ltr'><strong>nisi</strong></span> <span class='ocrx_word' id='word_1_710' title='bbox 1569 5043 1754 5096; x_wconf 91' lang='lat' dir='ltr'><strong>datum</strong></span> <span class='ocrx_word' id='word_1_711' title='bbox 1784 5053 1928 5099; x_wconf 86' lang='lat' dir='ltr'><strong>esset</strong></span> <span class='ocrx_word' id='word_1_712' title='bbox 1985 5046 2078 5100; x_wconf 87' lang='lat' dir='ltr'><strong>tibi</strong></span> 
     </span>
    </p>
   </div>
   <div class='ocr_carea' id='block_1_100' title="bbox 505 5145 806 5215">
    <p class='ocr_par' dir='ltr' id='par_1_100' title="bbox 505 5145 806 5215">
     <span class='ocr_line' id='line_1_100' title="bbox 505 5145 806 5215; baseline -0.013 -15"><span class='ocrx_word' id='word_1_713' title='bbox 505 5145 754 5215; x_wconf 87' lang='lat' dir='ltr'><strong>desuper.</strong></span> <span class='ocrx_word' id='word_1_714' title='bbox 787 5163 806 5196; x_wconf 73' lang='grc' dir='ltr'><strong>ο</strong></span> 
     </span>
    </p>
   </div>
   <div class='ocr_carea' id='block_1_101' title="bbox 2187 4595 3794 4673">
    <p class='ocr_par' dir='ltr' id='par_1_101' title="bbox 2187 4595 3794 4673">
     <span class='ocr_line' id='line_1_101' title="bbox 2187 4595 3794 4673; baseline -0.002 -19"><span class='ocrx_word' id='word_1_715' title='bbox 2187 4603 2247 4655; x_wconf 84' lang='grc' dir='ltr'><strong>οὐ</strong></span> <span class='ocrx_word' id='word_1_716' title='bbox 2287 4603 2386 4673; x_wconf 89' lang='grc' dir='ltr'><strong>τῆς</strong></span> <span class='ocrx_word' id='word_1_717' title='bbox 2415 4601 2524 4656; x_wconf 89' lang='grc' dir='ltr'><strong>τῶν</strong></span> <span class='ocrx_word' id='word_1_718' title='bbox 2547 4601 2716 4656; x_wconf 89' lang='grc' dir='ltr'>ἐθνῶν</span> <span class='ocrx_word' id='word_1_719' title='bbox 2752 4601 2936 4672; x_wconf 77' lang='grc' dir='ltr'>ἰσχύος</span> <span class='ocrx_word' id='word_1_720' title='bbox 2960 4600 3120 4669; x_wconf 80' lang='grc' dir='ltr'>ἔργον</span> <span class='ocrx_word' id='word_1_721' title='bbox 3154 4595 3292 4652; x_wconf 84' lang='grc' dir='ltr'>εἷναί</span> <span class='ocrx_word' id='word_1_722' title='bbox 3319 4615 3472 4668; x_wconf 82' lang='grc' dir='ltr'>φησι,</span> <span class='ocrx_word' id='word_1_723' title='bbox 3512 4597 3573 4651; x_wconf 79' lang='grc' dir='ltr'>τὸ</span> <span class='ocrx_word' id='word_1_724' title='bbox 3605 4614 3794 4650; x_wconf 83' lang='grc' dir='ltr'>κατα-</span> 
     </span>
    </p>
   </div>
   <div class='ocr_carea' id='block_1_102' title="bbox 2190 4688 3791 4765">
    <p class='ocr_par' dir='ltr' id='par_1_102' title="bbox 2190 4688 3791 4765">
     <span class='ocr_line' id='line_1_102' title="bbox 2190 4688 3791 4765; baseline -0.004 -17"><span class='ocrx_word' id='word_1_725' title='bbox 2190 4695 2605 4765; x_wconf 83' lang='grc' dir='ltr'>πατηθήσεσθαι</span> <span class='ocrx_word' id='word_1_726' title='bbox 2638 4695 2735 4763; x_wconf 82' lang='grc' dir='ltr'>τὴν</span> <span class='ocrx_word' id='word_1_727' title='bbox 2776 4693 3128 4764; x_wconf 85' lang='grc' dir='ltr'>Ἐκκλησίαν,</span> <span class='ocrx_word' id='word_1_728' title='bbox 3163 4691 3300 4745; x_wconf 84' lang='grc' dir='ltr'>ἀλλὰ</span> <span class='ocrx_word' id='word_1_729' title='bbox 3320 4690 3418 4759; x_wconf 86' lang='grc' dir='ltr'><strong>τῆς</strong></span> <span class='ocrx_word' id='word_1_730' title='bbox 3450 4689 3616 4743; x_wconf 86' lang='grc' dir='ltr'>αὐτοῦ</span> <span class='ocrx_word' id='word_1_731' title='bbox 3652 4688 3791 4758; x_wconf 81' lang='grc' dir='ltr'>βου-</span> 
     </span>
    </p>
   </div>
   <div class='ocr_carea' id='block_1_103' title="bbox 2187 4781 3797 4855">
    <p class='ocr_par' dir='ltr' id='par_1_103' title="bbox 2187 4781 3797 4855">
     <span class='ocr_line' id='line_1_103' title="bbox 2187 4781 3797 4855; baseline -0.002 -19"><span class='ocrx_word' id='word_1_732' title='bbox 2187 4785 2304 4853; x_wconf 87' lang='grc' dir='ltr'>λῆς.</span> <span class='ocrx_word' id='word_1_733' title='bbox 2343 4786 2586 4854; x_wconf 81' lang='grc' dir='ltr'>Ἐφίεται</span> <span class='ocrx_word' id='word_1_734' title='bbox 2619 4785 2750 4855; x_wconf 82' lang='grc' dir='ltr'>γὰρ,</span> <span class='ocrx_word' id='word_1_735' title='bbox 2777 4785 2854 4848; x_wconf 88' lang='grc' dir='ltr'><strong>ώς</strong></span> <span class='ocrx_word' id='word_1_736' title='bbox 2883 4785 3040 4855; x_wconf 78' lang='grc' dir='ltr'>ἔφην,</span> <span class='ocrx_word' id='word_1_737' title='bbox 3063 4783 3151 4837; x_wconf 86' lang='grc' dir='ltr'><strong>διὰ</strong></span> <span class='ocrx_word' id='word_1_738' title='bbox 3174 4782 3517 4853; x_wconf 85' lang='grc' dir='ltr'>παθημάτων</span> <span class='ocrx_word' id='word_1_739' title='bbox 3547 4781 3797 4834; x_wconf 80' lang='grc' dir='ltr'>τελειοῦ-</span> 
     </span>
    </p>
   </div>
   <div class='ocr_carea' id='block_1_104' title="bbox 2185 4872 3789 4947">
    <p class='ocr_par' dir='ltr' id='par_1_104' title="bbox 2185 4872 3789 4947">
     <span class='ocr_line' id='line_1_104' title="bbox 2185 4872 3789 4947; baseline -0.004 -18"><span class='ocrx_word' id='word_1_740' title='bbox 2185 4875 2308 4929; x_wconf 81' lang='grc' dir='ltr'>σθαι</span> <span class='ocrx_word' id='word_1_741' title='bbox 2346 4878 2474 4940; x_wconf 87' lang='grc' dir='ltr'>τοὺς</span> <span class='ocrx_word' id='word_1_742' title='bbox 2507 4877 2672 4939; x_wconf 88' lang='grc' dir='ltr'>ίδίους</span> <span class='ocrx_word' id='word_1_743' title='bbox 2730 4876 3129 4947; x_wconf 87' lang='grc' dir='ltr'>προσκυνητάς.</span> <span class='ocrx_word' id='word_1_744' title='bbox 3175 4894 3193 4926; x_wconf 86' lang='grc'><strong><em>‹</em></strong></span> <span class='ocrx_word' id='word_1_745' title='bbox 3237 4874 3370 4926; x_wconf 84' lang='grc' dir='ltr'>Ἰδοὺ</span> <span class='ocrx_word' id='word_1_746' title='bbox 3413 4873 3543 4943; x_wconf 86' lang='grc' dir='ltr'>γὰρ,</span> <span class='ocrx_word' id='word_1_747' title='bbox 3576 4872 3789 4940; x_wconf 74' lang='grc' dir='ltr'>φησὶν,</span> 
     </span>
    </p>
   </div>
   <div class='ocr_carea' id='block_1_105' title="bbox 2185 4963 3788 5039">
    <p class='ocr_par' dir='ltr' id='par_1_105' title="bbox 2185 4963 3788 5039">
     <span class='ocr_line' id='line_1_105' title="bbox 2185 4963 3788 5039; baseline -0.002 -21"><span class='ocrx_word' id='word_1_748' title='bbox 2185 4965 2298 5034; x_wconf 88' lang='grc' dir='ltr'><strong>ἐγὼ</strong></span> <span class='ocrx_word' id='word_1_749' title='bbox 2329 4967 2521 5038; x_wconf 83' lang='grc' dir='ltr'>τίθημι</span> <span class='ocrx_word' id='word_1_750' title='bbox 2543 4968 2642 5035; x_wconf 82' lang='grc' dir='ltr'>τὴν</span> <span class='ocrx_word' id='word_1_751' title='bbox 2670 4967 3024 5039; x_wconf 81' lang='grc' dir='ltr'>Ἰερουσαλὴμ</span> <span class='ocrx_word' id='word_1_752' title='bbox 3050 4967 3126 5029; x_wconf 83' lang='grc' dir='ltr'>ὡς</span> <span class='ocrx_word' id='word_1_753' title='bbox 3158 4965 3408 5036; x_wconf 89' lang='grc' dir='ltr'>πρόθυρα</span> <span class='ocrx_word' id='word_1_754' title='bbox 3436 4963 3788 5032; x_wconf 71' lang='grc' dir='ltr'>σαλευόμενα</span> 
     </span>
    </p>
   </div>
   <div class='ocr_carea' id='block_1_106' title="bbox 2190 5053 3798 5128">
    <p class='ocr_par' dir='ltr' id='par_1_106' title="bbox 2190 5053 3798 5128">
     <span class='ocr_line' id='line_1_106' title="bbox 2190 5053 3798 5128; baseline -0.002 -20"><span class='ocrx_word' id='word_1_755' title='bbox 2190 5057 2322 5108; x_wconf 81' lang='grc' dir='ltr'>πᾶσι</span> <span class='ocrx_word' id='word_1_756' title='bbox 2351 5059 2462 5120; x_wconf 90' lang='grc' dir='ltr'>τοῖς</span> <span class='ocrx_word' id='word_1_757' title='bbox 2491 5057 2639 5120; x_wconf 88' lang='grc' dir='ltr'>λαοῖς</span> <span class='ocrx_word' id='word_1_758' title='bbox 2674 5057 2877 5128; x_wconf 82' lang='grc' dir='ltr'>κύκλῳ.</span> <span class='ocrx_word' id='word_1_759' title='bbox 2908 5077 2925 5109; x_wconf 75' lang='grc' dir='ltr'><strong>ι</strong></span> <span class='ocrx_word' id='word_1_760' title='bbox 2949 5055 3135 5125; x_wconf 86' lang='grc' dir='ltr'>Τούτῳ</span> <span class='ocrx_word' id='word_1_761' title='bbox 3169 5053 3550 5125; x_wconf 80' lang='grc' dir='ltr'>παραπλήσιον</span> <span class='ocrx_word' id='word_1_762' title='bbox 3575 5053 3798 5114; x_wconf 64' lang='grc' dir='ltr'>ἐκεῖνος</span> 
     </span>
    </p>
   </div>
   <div class='ocr_carea' id='block_1_107' title="bbox 2187 5140 3797 5218">
    <p class='ocr_par' dir='ltr' id='par_1_107' title="bbox 2187 5140 3797 5218">
     <span class='ocr_line' id='line_1_107' title="bbox 2187 5140 3797 5218; baseline -0.004 -22"><span class='ocrx_word' id='word_1_763' title='bbox 2187 5141 2361 5216; x_wconf 72' lang='grc' dir='ltr'>οἶμαι,</span> <span class='ocrx_word' id='word_1_764' title='bbox 2393 5145 2509 5199; x_wconf 78' lang='grc' dir='ltr'>ἐστι</span> <span class='ocrx_word' id='word_1_765' title='bbox 2532 5149 2592 5200; x_wconf 84' lang='grc' dir='ltr'>τὸ</span> <span class='ocrx_word' id='word_1_766' title='bbox 2621 5147 2708 5200; x_wconf 82' lang='grc' dir='ltr'><strong>διὰ</strong></span> <span class='ocrx_word' id='word_1_767' title='bbox 2735 5149 2832 5218; x_wconf 83' lang='grc' dir='ltr'><strong>τῆς</strong></span> <span class='ocrx_word' id='word_1_768' title='bbox 2860 5146 2954 5199; x_wconf 82' lang='grc' dir='ltr'><strong>τοῦ</strong></span> <span class='ocrx_word' id='word_1_769' title='bbox 2983 5145 3232 5215; x_wconf 84' lang='grc' dir='ltr'>Σωτῆρος</span> <span class='ocrx_word' id='word_1_770' title='bbox 3263 5143 3449 5212; x_wconf 82' lang='grc' dir='ltr'>φωνῆς</span> <span class='ocrx_word' id='word_1_771' title='bbox 3484 5140 3797 5211; x_wconf 82' lang='grc' dir='ltr'>εἰρημένον</span> 
     </span>
    </p>
   </div>
   <div class='ocr_carea' id='block_1_108' title="bbox 505 5226 3798 5310">
    <p class='ocr_par' dir='ltr' id='par_1_108' title="bbox 505 5226 3798 5310">
     <span class='ocr_line' id='line_1_108' title="bbox 505 5226 3798 5310; baseline -0.001 -21"><span class='ocrx_word' id='word_1_772' title='bbox 505 5236 644 5308; x_wconf 81' lang='grc' dir='ltr'>πρὸς</span> <span class='ocrx_word' id='word_1_773' title='bbox 687 5235 934 5290; x_wconf 87' lang='grc' dir='ltr'>Πιλάτον·</span> <span class='ocrx_word' id='word_1_774' title='bbox 989 5251 1008 5284; x_wconf 76' lang='grc' dir='ltr'><strong>ι</strong></span> <span class='ocrx_word' id='word_1_775' title='bbox 1063 5233 1176 5284; x_wconf 90' lang='grc' dir='ltr'><strong>Οὐκ</strong></span> <span class='ocrx_word' id='word_1_776' title='bbox 1215 5226 1358 5300; x_wconf 84' lang='grc' dir='ltr'>εἶχες</span> <span class='ocrx_word' id='word_1_777' title='bbox 1396 5230 1654 5299; x_wconf 86' lang='grc' dir='ltr'>οὐδεμίαν</span> <span class='ocrx_word' id='word_1_778' title='bbox 1682 5230 1929 5296; x_wconf 80' lang='grc' dir='ltr'>ἐξουσίαν</span> <span class='ocrx_word' id='word_1_779' title='bbox 1984 5237 2103 5288; x_wconf 83' lang='grc' dir='ltr'>κατ’</span> <span class='ocrx_word' id='word_1_780' title='bbox 2142 5236 2299 5306; x_wconf 84' lang='grc' dir='ltr'>ἐμοῦ,</span> <span class='ocrx_word' id='word_1_781' title='bbox 2342 5240 2390 5290; x_wconf 89' lang='grc' dir='ltr'>εἰ</span> <span class='ocrx_word' id='word_1_782' title='bbox 2435 5239 2508 5309; x_wconf 80' lang='grc' dir='ltr'>μὴ</span> <span class='ocrx_word' id='word_1_783' title='bbox 2556 5235 2624 5310; x_wconf 82' lang='grc' dir='ltr'>ἦν</span> <span class='ocrx_word' id='word_1_784' title='bbox 2663 5241 2946 5308; x_wconf 87' lang='grc' dir='ltr'>δεδομένον</span> <span class='ocrx_word' id='word_1_785' title='bbox 2989 5255 3069 5290; x_wconf 88' lang='grc' dir='ltr'><strong>σοι</strong></span> <span class='ocrx_word' id='word_1_786' title='bbox 3121 5237 3344 5291; x_wconf 85' lang='grc' dir='ltr'>ἀνωθεν.</span> <span class='ocrx_word' id='word_1_787' title='bbox 3379 5255 3396 5287; x_wconf 71' lang='grc' dir='ltr'><strong>ι</strong></span> <span class='ocrx_word' id='word_1_788' title='bbox 3424 5234 3560 5302; x_wconf 81' lang='grc' dir='ltr'>Φαίη</span> <span class='ocrx_word' id='word_1_789' title='bbox 3596 5233 3662 5286; x_wconf 84' lang='grc' dir='ltr'>ἂν</span> <span class='ocrx_word' id='word_1_790' title='bbox 3699 5234 3798 5285; x_wconf 83' lang='grc' dir='ltr'>εί-</span> 
     </span>
    </p>
   </div>
   <div class='ocr_carea' id='block_1_109' title="bbox 505 5321 3796 5401">
    <p class='ocr_par' dir='ltr' id='par_1_109' title="bbox 505 5321 3796 5401">
     <span class='ocr_line' id='line_1_109' title="bbox 505 5321 3796 5401; baseline -0.003 -12"><span class='ocrx_word' id='word_1_791' title='bbox 505 5327 679 5388; x_wconf 79' lang='grc' dir='ltr'>κότως</span> <span class='ocrx_word' id='word_1_792' title='bbox 734 5328 768 5396; x_wconf 81' lang='grc' dir='ltr'><strong>ἡ</strong></span> <span class='ocrx_word' id='word_1_793' title='bbox 826 5324 990 5396; x_wconf 79' lang='grc' dir='ltr'>νοητὴ</span> <span class='ocrx_word' id='word_1_794' title='bbox 1039 5324 1203 5376; x_wconf 82' lang='grc' dir='ltr'>πάλιν</span> <span class='ocrx_word' id='word_1_795' title='bbox 1287 5321 1660 5392; x_wconf 82' lang='grc' dir='ltr'>Ἰερουσαλὴμ,</span> <span class='ocrx_word' id='word_1_796' title='bbox 1719 5325 1995 5378; x_wconf 86' lang='grc' dir='ltr'>τουτέστιν</span> <span class='ocrx_word' id='word_1_797' title='bbox 2043 5328 2076 5396; x_wconf 79' lang='grc' dir='ltr'>ἡ</span> <span class='ocrx_word' id='word_1_798' title='bbox 2131 5328 2443 5398; x_wconf 83' lang='grc' dir='ltr'>Ἐκκλησία,</span> <span class='ocrx_word' id='word_1_799' title='bbox 2501 5329 2578 5400; x_wconf 84' lang='grc' dir='ltr'><strong>τῷ</strong></span> <span class='ocrx_word' id='word_1_800' title='bbox 2622 5331 2870 5384; x_wconf 82' lang='grc' dir='ltr'>διώκοντι</span> <span class='ocrx_word' id='word_1_801' title='bbox 2923 5332 3133 5401; x_wconf 83' lang='grc' dir='ltr'>κόσμῳ·</span> <span class='ocrx_word' id='word_1_802' title='bbox 3184 5348 3202 5380; x_wconf 85' lang='grc'><em>‹</em></span> <span class='ocrx_word' id='word_1_803' title='bbox 3272 5328 3385 5380; x_wconf 82' lang='grc' dir='ltr'><strong>Οὐκ</strong></span> <span class='ocrx_word' id='word_1_804' title='bbox 3459 5321 3605 5394; x_wconf 79' lang='grc' dir='ltr'>εἶχες</span> <span class='ocrx_word' id='word_1_805' title='bbox 3651 5325 3796 5378; x_wconf 82' lang='grc' dir='ltr'>κατ’</span> 
     </span>
    </p>
   </div>
   <div class='ocr_carea' id='block_1_110' title="bbox 506 5410 2394 5487">
    <p class='ocr_par' dir='ltr' id='par_1_110' title="bbox 506 5410 2394 5487">
     <span class='ocr_line' id='line_1_110' title="bbox 506 5410 2394 5487; baseline 0.002 -17"><span class='ocrx_word' id='word_1_806' title='bbox 506 5418 640 5487; x_wconf 84' lang='grc' dir='ltr'>ἐμοῦ</span> <span class='ocrx_word' id='word_1_807' title='bbox 696 5417 944 5484; x_wconf 81' lang='grc' dir='ltr'>ἐξουσίαν</span> <span class='ocrx_word' id='word_1_808' title='bbox 999 5413 1274 5480; x_wconf 86' lang='grc' dir='ltr'>οὐδεμίαν,</span> <span class='ocrx_word' id='word_1_809' title='bbox 1341 5415 1387 5467; x_wconf 83' lang='grc' dir='ltr'><strong>εί</strong></span> <span class='ocrx_word' id='word_1_810' title='bbox 1455 5413 1529 5482; x_wconf 85' lang='grc' dir='ltr'>μὴ</span> <span class='ocrx_word' id='word_1_811' title='bbox 1559 5410 1627 5482; x_wconf 84' lang='grc' dir='ltr'>ἦν</span> <span class='ocrx_word' id='word_1_812' title='bbox 1655 5415 1937 5486; x_wconf 73' lang='grc' dir='ltr'>δεδομένον</span> <span class='ocrx_word' id='word_1_813' title='bbox 1998 5435 2079 5470; x_wconf 85' lang='grc' dir='ltr'><strong>σοι</strong></span> <span class='ocrx_word' id='word_1_814' title='bbox 2117 5419 2343 5476; x_wconf 80' lang='grc' dir='ltr'>ἀνωθεν.</span> <span class='ocrx_word' id='word_1_815' title='bbox 2377 5441 2394 5473; x_wconf 77' lang='grc' dir='ltr'><strong>ι</strong></span> 
     </span>
    </p>
   </div>
   <div class='ocr_carea' id='block_1_111' title="bbox 578 5571 2111 5642">
    <p class='ocr_par' dir='ltr' id='par_1_111' title="bbox 578 5571 2111 5642">
     <span class='ocr_line' id='line_1_111' title="bbox 578 5571 2111 5642; baseline -0.001 -11"><span class='ocrx_word' id='word_1_816' title='bbox 578 5580 623 5611; x_wconf 68' lang='grc'>⁸⁸</span> <span class='ocrx_word' id='word_1_817' title='bbox 651 5576 824 5632; x_wconf 89' lang='lat' dir='ltr'><strong>Zach.</strong></span> <span class='ocrx_word' id='word_1_818' title='bbox 869 5590 948 5639; x_wconf 72' lang='lat' dir='ltr'><strong>XI,</strong></span> <span class='ocrx_word' id='word_1_819' title='bbox 981 5573 1034 5627; x_wconf 79' lang='grc' dir='ltr'><strong>ϐ.</strong></span> <span class='ocrx_word' id='word_1_820' title='bbox 1113 5573 1304 5642; x_wconf 70' lang='lat' dir='ltr'><strong>“Act.</strong></span> <span class='ocrx_word' id='word_1_821' title='bbox 1373 5589 1445 5639; x_wconf 86' lang='lat' dir='ltr'><strong>tv,</strong></span> <span class='ocrx_word' id='word_1_822' title='bbox 1481 5573 1568 5630; x_wconf 81' lang='grc'><strong>17.</strong></span> <span class='ocrx_word' id='word_1_823' title='bbox 1646 5571 1692 5602; x_wconf 75' lang='grc'><strong>’⁵⁸</strong></span> <span class='ocrx_word' id='word_1_824' title='bbox 1726 5575 1847 5629; x_wconf 83' lang='lat' dir='ltr'><strong>Act.</strong></span> <span class='ocrx_word' id='word_1_825' title='bbox 1881 5591 1993 5642; x_wconf 78' lang='lat' dir='ltr'><strong>xvr,</strong></span> <span class='ocrx_word' id='word_1_826' title='bbox 2021 5576 2111 5630; x_wconf 70' lang='lat'><strong>22.</strong></span> 
     </span>
    </p>
   </div>
   <div class='ocr_carea' id='block_1_112' title="bbox 508 5641 1652 5708">
    <p class='ocr_par' dir='ltr' id='par_1_112' title="bbox 508 5641 1652 5708">
     <span class='ocr_line' id='line_1_112' title="bbox 508 5641 1652 5708; baseline -0.007 -4"><span class='ocrx_word' id='word_1_827' title='bbox 508 5650 593 5704; x_wconf 72' lang='lat'><strong>1‘2.</strong></span> <span class='ocrx_word' id='word_1_828' title='bbox 669 5649 714 5680; x_wconf 66' lang='grc'><strong>⁸⁵⁸</strong></span> <span class='ocrx_word' id='word_1_829' title='bbox 745 5644 788 5698; x_wconf 87' lang='lat' dir='ltr'><strong>ll</strong></span> <span class='ocrx_word' id='word_1_830' title='bbox 819 5644 944 5700; x_wconf 88' lang='lat' dir='ltr'><strong>Cor.</strong></span> <span class='ocrx_word' id='word_1_831' title='bbox 979 5661 1015 5707; x_wconf 92' lang='grc' dir='ltr'><strong>ι,</strong></span> <span class='ocrx_word' id='word_1_832' title='bbox 1037 5643 1089 5697; x_wconf 89' lang='grc'><strong>7.</strong></span> <span class='ocrx_word' id='word_1_833' title='bbox 1167 5641 1211 5672; x_wconf 74' lang='grc' dir='ltr'><strong>⁸ο</strong></span> <span class='ocrx_word' id='word_1_834' title='bbox 1238 5642 1394 5698; x_wconf 87' lang='lat' dir='ltr'><strong>Joan.</strong></span> <span class='ocrx_word' id='word_1_835' title='bbox 1425 5659 1537 5708; x_wconf 66' lang='grc' dir='ltr'>ιιι,</span> <span class='ocrx_word' id='word_1_836' title='bbox 1567 5643 1652 5696; x_wconf 82' lang='grc' dir='ltr'><strong>Η.</strong></span> 
     </span>
    </p>
   </div>
   <div class='ocr_carea' id='block_1_113' title="bbox 2187 5570 3796 5644">
    <p class='ocr_par' dir='ltr' id='par_1_113' title="bbox 2187 5570 3796 5644">
     <span class='ocr_line' id='line_1_113' title="bbox 2187 5570 3796 5644; baseline -0.005 -12"><span class='ocrx_word' id='word_1_837' title='bbox 2187 5577 2230 5608; x_wconf 72' lang='grc'><strong>⁸⁷</strong></span> <span class='ocrx_word' id='word_1_838' title='bbox 2259 5578 2377 5632; x_wconf 85' lang='lat' dir='ltr'><strong>Act.</strong></span> <span class='ocrx_word' id='word_1_839' title='bbox 2408 5595 2520 5644; x_wconf 80' lang='lat' dir='ltr'><strong>xw,</strong></span> <span class='ocrx_word' id='word_1_840' title='bbox 2557 5581 2642 5634; x_wconf 79' lang='grc'><strong>18.</strong></span> <span class='ocrx_word' id='word_1_841' title='bbox 2740 5581 2785 5612; x_wconf 67' lang='grc'><strong>⁸⁸</strong></span> <span class='ocrx_word' id='word_1_842' title='bbox 2816 5579 2975 5634; x_wconf 84' lang='lat' dir='ltr'><strong>Rom.</strong></span> <span class='ocrx_word' id='word_1_843' title='bbox 3039 5594 3158 5643; x_wconf 81' lang='grc' dir='ltr'>νιιι,</span> <span class='ocrx_word' id='word_1_844' title='bbox 3198 5575 3295 5641; x_wconf 82' lang='grc'><strong>17;</strong></span> <span class='ocrx_word' id='word_1_845' title='bbox 3327 5573 3370 5629; x_wconf 90' lang='lat' dir='ltr'><strong>ll</strong></span> <span class='ocrx_word' id='word_1_846' title='bbox 3403 5573 3543 5627; x_wconf 88' lang='lat' dir='ltr'><strong>Tim.</strong></span> <span class='ocrx_word' id='word_1_847' title='bbox 3579 5587 3637 5635; x_wconf 88' lang='grc' dir='ltr'><strong>ιι,</strong></span> <span class='ocrx_word' id='word_1_848' title='bbox 3683 5570 3796 5643; x_wconf 73' lang='lat' dir='ltr'><strong>li,</strong></span> 
     </span>
    </p>
   </div>
   <div class='ocr_carea' id='block_1_114' title="bbox 578 5773 2092 5852">
    <p class='ocr_par' dir='ltr' id='par_1_114' title="bbox 578 5773 2086 5852">
     <span class='ocr_line' id='line_1_114' title="bbox 578 5773 2086 5852; baseline -0.003 -16"><span class='ocrx_word' id='word_1_849' title='bbox 578 5780 651 5850; x_wconf 79' lang='grc' dir='ltr'><strong>(Ι)</strong></span> <span class='ocrx_word' id='word_1_850' title='bbox 686 5781 776 5837; x_wconf 85' lang='lat' dir='ltr'><strong>Sic</strong></span> <span class='ocrx_word' id='word_1_851' title='bbox 823 5777 1202 5852; x_wconf 83' lang='lat' dir='ltr'><strong>corrigendum</strong></span> <span class='ocrx_word' id='word_1_852' title='bbox 1235 5786 1421 5835; x_wconf 90' lang='lat' dir='ltr'><strong>monet</strong></span> <span class='ocrx_word' id='word_1_853' title='bbox 1474 5775 1772 5833; x_wconf 88' lang='lat' dir='ltr'><strong>Cotelerius</strong></span> <span class='ocrx_word' id='word_1_854' title='bbox 1804 5773 2086 5848; x_wconf 82' lang='lat' dir='ltr'><strong>(Monum.</strong></span> 
     </span>
    </p>
   </div>
   <div class='ocr_carea' id='block_1_115' title="bbox 2192 5773 3532 5852">
    <p class='ocr_par' dir='ltr' id='par_1_115' title="bbox 2192 5778 3532 5852">
     <span class='ocr_line' id='line_1_115' title="bbox 2192 5778 3532 5852; baseline 0 -20"><span class='ocrx_word' id='word_1_855' title='bbox 2192 5779 2274 5836; x_wconf 74' lang='grc' dir='ltr'><em>τοι.</em></span> <span class='ocrx_word' id='word_1_856' title='bbox 2323 5779 2416 5836; x_wconf 86' lang='lat' dir='ltr'><strong>Gr.</strong></span> <span class='ocrx_word' id='word_1_857' title='bbox 2443 5779 2505 5847; x_wconf 86' lang='lat' dir='ltr'><strong>ll,</strong></span> <span class='ocrx_word' id='word_1_858' title='bbox 2534 5780 2661 5851; x_wconf 81' lang='lat'><strong>603)</strong></span> <span class='ocrx_word' id='word_1_859' title='bbox 2700 5797 2796 5852; x_wconf 89' lang='lat' dir='ltr'><strong>pro</strong></span> <span class='ocrx_word' id='word_1_860' title='bbox 2825 5781 2975 5852; x_wconf 84' lang='lat' dir='ltr'><strong>vulg.</strong></span> <span class='ocrx_word' id='word_1_861' title='bbox 3011 5781 3338 5850; x_wconf 83' lang='grc' dir='ltr'>σευομένων.</span> <span class='ocrx_word' id='word_1_862' title='bbox 3373 5778 3532 5834; x_wconf 80' lang='grc' dir='ltr'>Ευιτ.</span> 
     </span>
    </p>
   </div>
  </div>
