4098 6476
286 424 401 483 Ξθζ)

1131 434 1699 501 COMMENTARIUS
1738 444 1804 501 IN
1844 448 2247 510 ZACIIARIAM
2289 453 2742 515 PBOPHETAM.

3501 442 3629 533 aio

372 543 473 598 Ἐν
513 542 1059 656 τῇυιέμέρᾳιέκείνῃ,
1091 557 1255 629 λέγει
1285 561 1502 630 Κύριος
1552 567 1888 638 παντοκρά-

2072 568 2409 629 νειιε.ιί.1η
2430 576 2518 631 die
2575 576 2695 642 illa,
2763 576 2894 632 dicit
2949 577 3211 635 Dominus
3256 583 3604 656 omnipotens,

281 653 426 707 τωρ,
448 638 700 706 πατάξω
737 641 938 699 πάντα
985 646 1176 703 ἵππον
1198 649 1270 706 ἐν
1305 650 1617 720 ἐκστάσει,
1651 658 1751 711 καί
1791 656 1891 712 τόν

1999 666 2293 733 percutiam
2318 682 2521 722 omnem
2559 684 2750 737 equum
2789 671 2847 725 in
2894 679 3129 742 stupore,
3173 683 3222 729 et
3273 692 3604 732 ascensorem

279 729 599 836 draddtnr
646 734 838 791 αὐτοῦ
889 738 962 792 ἐν
1011 743 1497 813 παραφρονήσει·
1547 747 1649 803 ἐπί
1690 749 1761 803 δὲ
1787 749 1891 804 τὸν

1999 729 2122 824 ejus
2154 757 2210 810 in
2230 758 2462 812 amentia
2486 775 2505 813 :
2526 729 2685 830 super
2706 760 2922 817 domum
2954 729 3131 820 autem
3157 763 3304 821 Iuda

275 816 456 926 οἷκον
506 823 698 879 Ἰούδα
726 827 1012 897 διανοίξω
1053 833 1201 900 τοὺς
1246 837 1602 908 ὀφθαλμούς
1625 858 1766 911 μου,
1794 842 1891 896 καί

1998 844 2178 899 oculos
2205 862 2366 914 meos,
2398 859 2444 902 et
2479 865 2658 906 omnes
2677 867 2839 922 equos
2869 854 3191 925 populorum
3212 859 3515 926 percutiam
3545 860 3602 917 in

275 910 523 982 πάντας
566 916 716 986 τοὺς
744 920 975 991 ἵππους
1024 925 1146 981 τῶν
1169 928 1340 983 λαῶν
1382 931 1631 999 πατάξω
1654 934 1726 988 ἐν
1745 935 1895 990 ἀπο-

276 1006 618 1075 τυφλώσει.

348 1097 621 1155 ΠΗ⁹.Ὄτι
635 1104 731 1158 καὶ
751 1106 930 1162 πάντα
952 1112 1278 1169 κατευνάσει
1297 1116 1559 1189 πόλεμον,
1585 1120 1680 1175 καὶ
1709 1122 1891 1193 ἀπρά-

271 1207 443 1257 κτους
480 1195 757 1266 ἀποφανεῖ
784 1200 887 1266 τὰς
923 1202 1034 1259 τῶν
1067 1204 1378 1264 διωκόντων
1426 1212 1674 1283 ἐφόδους,
1706 1215 1890 1270 δίδωσι

267 1287 441 1351 νοεῖν,
471 1286 643 1344 ἵππον
664 1292 762 1346 καὶ
787 1293 1071 1368 ἀναϐάτην
1100 1301 1372 1367 πατάξειν
1400 1305 1572 1362 είπὼν
1597 1310 1656 1361 ὲν
1687 1310 1890 1366 ὲκστά-

268 1390 358 1470 σει
380 1379 577 1470 τεκαὶ
602 1388 1053 1470 παραφρονήσει,
1086 1392 1180 1447 καὶ
1216 1395 1325 1467 μὴν
1350 1396 1446 1450 καὶ
1479 1399 1885 1470 ἀποτυφλώσει.

271 1464 436 1560 Ιξεστι
461 1468 542 1535 δὲ,
569 1467 749 1544 οἶμαι,
766 1478 966 1533 ταυτὸν
986 1480 1048 1535 τὸ
1072 1464 1268 1541 παθεῖν
1281 1464 1388 1559 τὴν
1410 1464 1694 1560 ἔκστασιν,
1718 1495 1811 1548 καὶ
1825 1496 1887 1550 τὸ

266 1557 572 1653 ὑπομεῖναι
596 1564 698 1636 τὴν
726 1572 1169 1645 παραφρόνησιν.
1204 1576 1280 1630 Τὸ
1333 1557 1444 1651 γὰρ
1474 1580 1582 1648 ἔξω
1625 1557 1884 1653 γενέσθαι

267 1651 494 1752 φρενὸς,
528 1652 793 1724 ἔκστασις
815 1660 883 1715 ἂν
907 1666 1102 1733 νοοῖτο,
1117 1668 1218 1722 καὶ
1252 1668 1400 1740 μάλα
1431 1651 1681 1740 εἰκότως.
1715 1670 1793 1731 Οὗ
1817 1678 1882 1752 δὴ

264 1743 581 1837 γεγονότος,
623 1749 716 1803 καὶ
745 1753 858 1817 τοῖς
895 1754 1100 1823 φονῶσι
1125 1758 1561 1832 συμϐεϐηκότος,
1593 1743 1881 1837 περιέσταέ

265 1848 373 1885 που
410 1833 639 1903 πάντως
680 1842 796 1905 τοῖς
858 1843 1037 1913 ἁγίοις
1071 1849 1249 1903 εἰπεῖν
1289 1853 1419 1924 περὶ
1440 1853 1553 1909 τῶν
1584 1833 1737 1926 σφίσι
1776 1876 1877 1928 με·-

1994 939 2251 996 caecitate.

2068 1114 2232 1186 775
2257 1115 3040 1188 LXXXVHI.Compositurum
3058 1135 3219 1176 omne
3236 1122 3457 1191 bellant,
3498 1127 3599 1183 ho-

1990 1204 2256 1275 stilesque
2279 1206 2403 1261 incu
2414 1222 2532 1262 rsus
2572 1217 2984 1276 persecutorum
3004 1208 3311 1266 ineﬂicaces
3335 1223 3389 1267 et
3406 1214 3619 1271 inanes-

1991 1298 2329 1354 rcdditurum
2358 1308 2563 1368 monet,
2602 1300 2732 1357 dum
2756 1300 2911 1368 dicit,
2960 1316 3165 1373 equum
3218 1311 3276 1360 et
3330 1320 3595 1363 ascenso-

1993 1407 2107 1448 rem
2143 1406 2536 1465 percussurum
2572 1393 2627 1448 in
2657 1401 2884 1464 stupore
2910 1402 2965 1450 et
2992 1395 3230 1452 amentia
3267 1406 3323 1453 et
3349 1398 3596 1457 caecitate

1990 1484 2235 1556 insuper.
2284 1486 2391 1542 Est
2421 1494 2625 1554 autem,
2687 1494 2755 1542 ut
2787 1487 3069 1561 .arbitror,
3101 1488 3265 1557 idem,
3313 1498 3593 1561 stuporem

1987 1576 2099 1647 pati
2130 1587 2187 1633 et
2216 1587 2492 1634 amentem
2535 1592 2681 1634 esse.
2724 1577 2861 1634 Nam
2897 1579 3165 1637 discessio
3197 1597 3226 1636 a
3258 1590 3444 1639 mente
3482 1599 3592 1640 non

1987 1667 2134 1725 male
2164 1680 2353 1741 stupor
2387 1670 2612 1742 intelligi
2660 1679 2846 1741 queat.
2877 1669 3035 1738 Quod
3074 1687 3201 1728 cum
3234 1673 3439 1730 laetum
3470 1675 3592 1731 fue-

1986 1760 2078 1826 rit,
2114 1769 2167 1817 et
2201 1762 2255 1816 in
2282 1762 2433 1817 caede
2470 1762 2853 1831 grassantibus
2886 1761 3205 1833 contigerit,
3242 1763 3432 1820 licebit
3467 1780 3587 1822 om-

1987 1851 2117 1909 nino
2132 1853 2342 1910 sanctis
2364 1853 2549 1910 dicere
2566 1853 2633 1909 de
2655 1854 3129 1926 oppugnatoribus
3152 1856 3267 1913 suis
3295 1875 3309 1914 :
3333 1873 3352 1908 ι
3377 1856 3591 1913 Inimici

266 1927 638 2025 satiauéyyw
680 1946 701 1983 ‹
732 1933 797 1987 οι
847 1936 1034 2008 ἐχθροὶ
1078 1941 1239 2012 ἡμῶν
1288 1944 1529 2017 ἀνόητοι.
1561 1965 1581 2002 ι
1625 1950 1737 2004 Καὶ
1773 1951 1882 2025 μὴν

1986 1946 2161 2002 nostri
2211 1945 2540 2016 insipientes
2564 1946 2635 2001 ⁸¹.
2690 1966 2710 2000 ι
2753 1946 2934 2017 Atque
2975 1947 3143 2004 etiam
3178 1948 3317 2005 illa:
3359 1967 3379 2001 ι
3423 1949 3488 2005 lli
3534 1950 3590 2005 in

262 2017 395 2114 καί·
486 2012 651 2076 Οὗτοι
685 2025 743 2080 ὲν
783 2026 1017 2099 ἅρμασι,
1071 2033 1166 2087 καὶ
1193 2027 1340 2089 οὗτοι
1362 2012 1422 2090 ἐν
1467 2037 1677 2106 ἵπποις,
1718 2012 1885 2114 ἡμεῖς

259 2109 400 2206 δὲᾼὲν
426 2113 659 2185 ὀνόματι
713 2119 924 2192 Κυρίου
956 2121 1092 2180 Θεοῦ
1120 2127 1280 2199 ἡμῶν
1331 2109 1876 2206 μεγαλυνθησόμεθα.

257 2204 433 2259 Abt-ot
467 2209 964 2300 συνεποδίσθησαν,
989 2219 1085 2271 καὶ
1123 2218 1344 2275 ἔπεσονο
1368 2225 1534 2295 ἡμεῖς
1565 2225 1625 2279 δὲ
1648 2204 1881 2300 ἀνέστη-

259 2311 389 2364 μεν,
428 2296 536 2350 ’καὶ
571 2299 1006 2376 ἀνωρθώθημεν.
1042 2327 1060 2360 ι
1109 2311 1567 2386 Παραφρονήσειε
1607 2317 1653 2372 δ’
1684 2318 1751 2373 ἂν
1784 2296 1880 2376 καὶ

257 2388 489 2460 ἑτέρως,
528 2392 559 2444 δ
585 2396 707 2459 ταῖς
730 2394 843 2451 τῶν
873 2399 1047 2468 ἀγίων
1080 2402 1459 2472 ἀνεξικακίαις
1491 2410 1725 2477 ἀνοσίως
1754 2415 1871 2467 ὲπι-

257 2481 473 2554 πηδῶν,
500 2485 598 2540 καὶ
624 2486 891 2561 ἀδόκητον
928 2492 1194 2563 ὑπομενεῖ
1260 2496 1360 2569 τὴν
1426 2498 1706 2566 ἔκστασιν,
1754 2504 1875 2576 ἦτοι

250 2572 319 2626 τὸ
336 2573 554 2666 θαύμα,
578 2578 911 2652 τεθεαμένος
943 2584 1026 2639 ὅτι
1049 2586 1279 2643 νικῶσιν
1310 2591 1368 2643 ὲν
1407 2598 1739 2666 συμφοραῖς,
1776 2572 1875 2651 καὶ

253 2662 868 2738 φανοῦνται-πεσόντες,
898 2673 994 2728 καὶ
1031 2675 1121 2730 ὅτε
1157 2678 1427 2750 ἡττῆσθαι
1467 2662 1698 2753 δοκεῖεν,
1751 2685 1873 2740 τότε

248 2754 327 2851 δὴ·
348 2755 594 2851 μάλιστα
625 2761 893 2833 κρατοῦσι
937 2766 1226 2838 μειζόνως·
1272 2772 1433 2846 εῖπερ
1475 2775 1626 2832 ἐστὶν
1647 2777 1868 2851 ἀληθὲς,

249 2847 332 2939 ᾡς
357 2847 421 2901 εν
451 2866 518 2919 γε
550 2852 618 2925 δὴ
650 2854 886 2925 μάλιστα
936 2860 1015 2931 τῷ
1055 2861 1252 2917 παθεῖν
1288 2865 1490 2932 αὐτοὺς
1517 2847 1757 2939 ὁρῶνται
1782 2873 1873 2925 εὐ-

251 2938 466 3031 κλεεῖς,
503 2943 599 2996 καὶ
631 2945 713 3017 τῷ
752 2948 977 3018 μεγέθει
1004 2950 1115 3005 τῶν
1146 2953 1327 3008 πόνων
1364 2938 1872 3031 συμπαρομαρτοῦ-

251 3047 358 3085 σαν
382 3030 575 3105 ἔχουσι
608 3035 708 3108 τὴν
758 3039 969 3095 ἀνωθεν
1002 3043 1183 3115 χάριν.
1225 3041 1361 3099 Εἶτα
1384 3047 1503 3112 πῶς
1535 3030 1641 3104 οὐκ
1674 3050 1741 3106 ἂν
1769 3068 1871 3106 κα-

248 3123 600 3219 ταπλήξειαν
628 3130 759 3219 τοὺς
807 3136 1236 3206 μεμαχημένους
1269 3139 1318 3193 oi
1354 3141 1619 3214 μακάριοι
1657 3145 1871 3219 μάρτυ-

250 3229 372 3283 ρες,
405 3215 506 3268 καί¹
539 3217 706 3272 αὑτὸν
729 3220 992 3288 νικῶντες
1035 3224 1131 3279 τὸν
1187 3227 1457 3297 Σατανᾶν,
1485 3233 1581 3286 καὶ
1605 3215 1868 3308 πονηροῖς

247 3306 381 3381 μὲν,
416 3308 514 3361 καὶ
546 3309 886 3383 ἀκαθάρτοις
918 3316 1287 3388 ἐπιτιμῶντες
1324 3322 1623 3396 πνεύμασι,
1896 3296 1940 3356 C

245 3397 315 3451 τὸ
336 3398 535 3471 θαῦμα
569 3405 672 3474 τῆς
696 3405 929 3480 ἐνούσης
979 3410 1233 3478 εὐκλείας
1254 3415 1443 3481 αὐτοῖς
1487 3419 1724 3484 ἐνιέντες
1752 3420 1873 3477 ἔσθ’

243 3486 344 3586 bss
369 3492 474 3547 καὶ
508 3494 699 3561 αὐτοῖς
728 3501 845 3563 τοῖς
865 3500 1240 3575 ἀνῃρηκόσινς
1272 3508 1485 3563 Οὐκοῦν
1532 3512 1770 3586 ἱππότην
1807 3532 1866 3568 τε

241 3580 372 3678 ἅμα
406 3586 506 3678 καὶ
536 3586 707 3678 ῖππον
734 3591 998 3658 πατάξειν
1048 3597 1475 3669 ἐπαγγέλλεται·
1515 3602 1606 3659 ἵνα
1651 3580 1867 3678 νοῶμεν

243 3674 352 3739 τάς
373 3675 487 3731 τῶν
508 3676 792 3750 πολεμίων
815 3682 1126 3755 φάλαγγας,
1159 3690 1283 3755 ταῖς
1330 3690 1442 3745 τῶν
1491 3693 1665 3763 ἁγίων
1692 3674 1869 3753 ἐπιει-

247 3767 436 3832 κείαις
456 3770 951 3845 ἀντιτεταγμένας.
983 3779 1106 3832 Ἐπὶ
1125 3779 1181 3834 δὲ
1211 3782 1303 3837 τὸν
1329 3780 1479 3840 οἶκον
1520 3785 1695 3842 Ἰούδα
1720 3790 1867 3845 ἀνοί⁴

249 3858 366 3924 ξειν
390 3860 499 3934 ἔφη
530 3864 660 3927 τοὺς
679 3864 1019 3939 ὀφθαλμούς.
1046 3872 1159 3926 Καὶ
1199 3873 1405 3929 Ἰούδαν
1440 3877 1538 3947 μὲν
1573 3880 1632 3934 ὲν
1655 3879 1867 3947 τούτοις

246 3953 344 4008 τὸν
365 3955 434 4009 ἐκ
466 3955 629 4028 ῥίζης
667 3958 889 4028 Ἰεσσαὶ,
926 3962 1023 4017 καὶ
1050 3965 1151 4037 τῆς
1185 3967 1357 4023 Ἰούδα
1384 3969 1562 4044 φυλῆς
1586 3974 1868 4047 πεφηνότα

246 4047 502 4119 Χριστὸν
540 4049 825 4122 ὀνομάζει,
857 4054 1007 4110 οἶκον
1027 4057 1085 4112 δὲ
1119 4059 1286 4114 αὐτοῦ
1331 4062 1434 4135 τὴν
1498 4065 1864 4140 Ἐκκλησίαν,

246 4140 375 4211 ἦτοι
408 4140 527 4196 τῶν
555 4143 614 4196 ἐν
637 4144 823 4200 πίστει
843 4146 1286 4223 δεδικαιωμένων
1308 4154 1406 4227 τὴν
1437 4155 1603 4227 ἁγίαν
1629 4158 1864 4233 πληθύν.

249 4232 369 4306 Τὴν
402 4234 464 4289 δέ
497 4252 563 4306 γε
582 4235 695 4327 τῶν
727 4238 1029 4313 ὀφθαλμῶν
1076 4243 1336 4312 διάνοιξιν
1363 4249 1542 4306 ἐκεῖνο
1579 4247 1734 4323 οἴμαι
1768 4254 1868 4327 δη-

246 4323 402 4392 λοῦν,
439 4326 526 4380 ὅτι
566 4326 701 4384 πολὺ
756 4329 877 4386 λίαν
909 4332 1227 4407 ἀμφιλαφῆ,
1263 4338 1357 4393 καὶ
1390 4333 1504 4395 οἷον
1556 4341 1665 4414 ὅλῳ
1697 4323 1867 4418 βλέμ-

251 4436 390 4490 ματι
422 4422 854 4494 κατασκέψεται,
887 4430 1114 4499 σημεῖον
1143 4430 1190 4485 δ’
1221 4430 1289 4487 ἂν
1335 4432 1549 4503 γένοιτο
1573 4436 1735 4492 τοῦτο
1768 4456 1867 4494 σα-

247 4510 354 4580 φὲς
379 4512 485 4583 τῆς
514 4515 605 4601 ἐπ’
630 4515 805 4588 αὐτῆς
844 4517 1155 4590 εὐμενείας,
1204 4524 1301 4578 καὶ
1342 4525 1444 4596 μέν
1476 4544 1560 4581 τοι
1604 4530 1822 4599 φειδοῦς
1847 4576 1863 4596 ,

1983 2037 2257 2106 curribus,
2284 2047 2341 2094 et
2365 2037 2421 2093 bi
2464 2038 2520 2094 in
2551 2039 2732 2110 equis,
2778 2052 2878 2095 nos
2906 2047 3092 2095 autem
3135 2041 3191 2095 in
3222 2041 3446 2098 nomine
3489 2041 3589 2098 Dei

1983 2129 2154 2185 nostri
2205 2129 2704 2202 magniﬁcabimur.
2741 2131 2846 2202 Ipsi
2881 2132 3143 2187 inﬁrmati
3176 2141 3305 2188 sunt
3354 2142 3410 2188 et
3440 2135 3587 2191 ceci-

1982 2219 2217 2286 derunt;
2264 2235 2363 2276 nos
2401 2230 2582 2276 autem
2621 2222 2966 2279 surreximus
3004 2232 3059 2278 et
3082 2225 3248 2280 erecti
3270 2239 3461 2282 sumus
3478 2226 3581 2284 ".s

1980 2310 2101 2366 Alio
2151 2312 2282 2367 item
2349 2312 2511 2368 modo
2574 2312 2878 2385 desipuerit
2955 2323 3272 2371 sanctorum
3342 2314 3587 2374 toleran-

1983 2403 2070 2458 tia:
2113 2401 2389 2460 insultans
2434 2404 2600 2475 impie
2646 2414 2704 2461 et
2750 2403 2807 2461 in
2855 2405 3213 2477 improvisum
3273 2419 3583 2481 stuporem,

1978 2494 2094 2552 sive
2118 2495 2541 2553 admirationem
2573 2497 2801 2566 incidet,
2840 2512 2964 2555 cum
3001 2498 3201 2556 viderit
3236 2515 3332 2559 eos
3358 2503 3595 2559 calami-.

1980 2589 2183 2646 tatibus
2211 2590 2376 2647 nullis
2411 2590 2609 2648 cedere
2641 2601 2698 2648 et
2739 2594 2996 2650 coronari
3037 2594 3319 2665 cadentes,
3360 2596 3425 2653 ac
3469 2606 3595 2653 tum.

1977 2682 2216 2739 maxime
2239 2683 2478 2752 vincere,
2505 2692 2559 2742 et
2580 2684 2816 2757 majores
2845 2695 3129 2757 reportare
3149 2688 3431 2757 victorias,
3456 2706 3593 2746 cum

1975 2774 2105 2832 victi
2133 2777 2438 2847 potuissent
2465 2791 2737 2849 apparere
2771 2796 2785 2832 :
2820 2778 3092 2849 siquidem
3134 2788 3342 2836 certum
3373 2790 3465 2838 est
3486 2797 3581 2837 eos

1974 2869 2318 2939 potissimum
2345 2869 2401 2925 in
2437 2870 2699 2941 patiendo
2726 2870 2959 2944 inclytos
2992 2872 3262 2942 conspici,
3281 2882 3337 2930 et
3367 2877 3589 2944 magni"

1974 2960 2142 3016 tudini
2169 2961 2417 3019 laborum
2458 2950 2714 3019 comitem
2742 2963 2949 3018 habere
2990 2964 3287 3039 cmleSIem
3313 2966 3573 3036 gratiam.

1974 3051 2201 3119 Deinde,
2255 3053 2483 3123 quinam
2516 3062 2924 3126 oppugnatores
2954 3068 3083 3110 suos
3122 3069 3229 3109 non
3256 3054 3576 3125 obstupera-

1973 3145 2121 3200 ciant
2160 3145 2306 3200 beati
2343 3154 2640 3218 martyres,
2689 3146 2781 3217 qui
2814 3146 2992 3217 ipsum
3044 3140 3264 3218 quoque
3304 3146 3567 3203 Satanam

1972 3240 2356 3310 pessumdant,
2390 3238 2773 3312 malignosque
2791 3246 2847 3296 et
2870 3240 3184 3297 immundos
3215 3240 3443 3311 spiritus
3486 3241 3574 3295 i-n-

1974 3341 2226 3402 crepant,
2257 3340 2319 3387 et
2344 3346 2738 3404 nonnunquam
2776 3347 2973 3404 magna
3006 3332 3194 3405 gloriae
3240 3347 3357 3390 suae
3406 3337 3579 3392 admi-

1974 3425 2188 3481 ratione
2234 3425 2383 3495 ipsos
2429 3422 3040 3483 etiam’interl‘ectores
3104 3442 3234 3484 suos
3290 3426 3581 3484 adiciunt?

1972 3516 2155 3585 Quare
2174 3519 2414 3590 equitem
2442 3519 2605 3576 simul
2657 3528 2714 3577 et
2735 3536 2933 3592 equum
2960 3535 3350 3593 percussurum
3369 3536 3428 3578 se
3451 3538 3581 3595 pro-

1972 3612 2161 3680 mittit,
2191 3622 2251 3668 ut
2274 3613 2516 3671 hostium
2547 3614 2850 3687 phalangas
2873 3624 3194 3672 sanctorum
3241 3616 3429 3672 virtuti
3473 3618 3572 3674 ad-

1971 3714 2257 3761 versantes
2300 3705 2690 3781 lntelligamus.
2745 3704 2925 3778 Super
2951 3710 3172 3765 domum
3206 3716 3387 3762 autem
3429 3706 3573 3764 Juda

1972 3804 2291 3864 aperturum
2316 3810 2376 3853 se
2405 3796 2596 3854 oculos
2627 3798 2721 3854 ait.
2750 3797 2952 3855 Judam
2992 3798 3096 3854 hoc
3128 3798 3253 3854 loco
3285 3800 3354 3854 de
3390 3798 3577 3856 radice

1970 3884 2126 3943 Jesse
2178 3894 2229 3944 et
2265 3889 2411 3945 tribu
2438 3888 2578 3946 Juda
2603 3889 2887 3947 Christum
2911 3892 3266 3948 exsistentem
3302 3893 3570 3960 nominat,

1973 3980 2193 4034 domum
2231 3990 2413 4038 autem
2436 3982 2556 4052 ejus
2579 3983 2903 4052 Ecclesiam,
2938 3984 3055 4041 sive
3099 3984 3152 4039 in
3213 3983 3438 4040 Christo
3478 3984 3573 4056 ju-

1974 4073 2337 4130 stificatorum
2362 4076 3064 4132 sanctam‘multitudinem.
3121 4077 3338 4147 Aperiri
3386 4087 3571 4134 autem

1970 4166 2159 4223 oculos
2191 4165 2323 4221 illud
2373 4168 2481 4224 sibi
2528 4167 2668 4226 velle
2714 4169 2991 4238 existimo,
3034 4169 3188 4239 quod
3229 4169 3572 4240 amplissime

1970 4267 2024 4312 et
2048 4266 2162 4314 toto
2182 4258 2331 4314 velut
2360 4269 2583 4331 aspectu
2608 4261 2892 4332 respiciet,
2925 4261 3071 4332 quod
3105 4276 3219 4318 suae
3248 4275 3378 4333 erga
3416 4261 3569 4318 illum

1970 4350 2388 4421 benevolentiae,
2415 4368 2479 4408 ac
2507 4362 2774 4429 praeterea
2802 4354 3155 4426 indulgentiae
3187 4365 3242 4414 et
3278 4356 3570 4413 charitatis

1970 4443 2335 4501 indubitatum
2364 4446 2470 4503 erit
2525 4447 2812 4504 indicium.
2875 4447 3152 4519 Scriptum
3207 4457 3293 4505 est
3345 4450 3492 4504 enim
3543 4462 3563 4504 :

1936 4544 1945 4550 ‘
1976 4552 1995 4586 ι
2042 4532 2196 4590 Oculi
2221 4533 2437 4591 Domini
2468 4550 2633 4609 super
2658 4537 2912 4608 iustos".
2943 4557 2964 4592 ι
2994 4538 3058 4594 Et
3082 4553 3220 4611 quos
3244 4540 3570 4610 respexerit,

246 4604 347 4658 καὶ
380 4605 637 4677 ἀγάπης.
656 4607 977 4681 Γέγραπται
1005 4612 1117 4685 γάρ
1144 4613 1237 4684 ὅτι,
1258 4634 1279 4668 ι
1326 4617 1629 4692 Ὀφθαλμοὶ
1653 4623 1862 4697 Κυρίου

1975 4644 2064 4684 eos
2112 4628 2269 4699 plane
2314 4604 2672 4688 beatissimos
2723 4631 2929 4701 elIicit;
2963 4604 3405 4705 quandoquidem
3462 4646 3571 4687 non

244 4694 344 4748 ἐπὶ
368 4695 642 4761 δικαίους.
682 4716 701 4751 s
742 4699 856 4753 Καὶ
886 4700 982 4767 οὓς
1025 4704 1094 4759 ἂν
1123 4706 1463 4779 ἐπιϐλέψειε,
1522 4694 1756 4781 τούτους
1794 4717 1861 4788 δὴ

245 4788 478 4853 πάντως
529 4793 976 4864 τρισμακαρίους
1020 4796 1444 4869 ἀποδείκνυσιν,
1503 4805 1664 4878 εῖπερ
1711 4807 1861 4865 ἔστιν

244 4879 431 4933 είπεῖν
461 4881 525 4934 οὐ
557 4881 986 4956 διεψευσμένως,
1043 4889 1121 4955 ὡς
1162 4891 1382 4959 κολάζει
1417 4896 1520 4969 μὲν
1564 4901 1687 4964 ταῖς
1725 4901 1862 4957 ἀπο-

246 4976 522 5045 στροφαῖς
547 4975 640 5029 τὸν
662 4975 929 5051 ὑϐριστήν
950 4997 1013 5035 τε
1030 4983 1125 5037 καὶ
1152 4984 1455 5059 ἀλιτήριον,
1470 4993 1862 5064 κατευφραίνει

244 5080 308 5131 γε
343 5064 460 5138 μὴν
488 5069 617 5157 ταῖς
640 5069 965 5143 ὲπισκέψεσι
1002 5074 1093 5129 τὸν
1139 5077 1363 5151 εὐσεϐῆ,
1398 5083 1493 5136 καὶ
1542 5083 1856 5157 φιλάρετον.

245 5157 359 5210 Καὶ
403 5156 543 5226 γοῦν
584 5160 615 5212 ό
678 5159 968 5230 θεσπέσιος
1017 5167 1205 5237 Δαϐὶδ,
1247 5172 1342 5225 καὶ
1369 5172 1470 5245 τὴν
1495 5177 1561 5230 ὲκ
1581 5156 1691 5250 τῆς
1720 5179 1853 5245 ἀποτ

247 5252 498 5345 στροφῆς
532 5250 761 5345 ζημίαν,
797 5257 891 5311 καὶ
925 5258 986 5311 τὸ
1015 5259 1081 5313 ἐκ
1109 5260 1209 5332 τῆς
1246 5263 1629 5341 ἐπιστρέψεως
1668 5269 1871 5345 κέρδος¹

248 5341 500 5411 ἐμφανὲς
528 5342 819 5413 καθιστὰς,
868 5349 1017 5420 ποτὲ,
1053 5350 1158 5421 μὲν
1206 5351 1412 5423 ἔφασκε
1436 5373 1450 5388 ·
1511 5376 1529 5410 ι
1566 5358 1683 5433 Μὴ,
1719 5341 1857 5415 ἀπο-

252 5433 499 5507 στρέψῃς
561 5435 625 5491 τὸ
671 5437 969 5510 πρόσωπόν
1012 5460 1108 5498 σου
1146 5445 1244 5502 ἀπ’
1295 5447 1456 5519 ἐμοῦ,
1499 5451 1594 5504 καὶ
1655 5450 1731 5525 μὴ
1754 5455 1855 5529 ,ὲκ-

1971 4718 2106 4775 t‘alse
2138 4720 2246 4776 dici
2286 4730 2502 4796 potest,
2531 4737 2657 4778 eum
2690 4724 3073 4781 aversionibus
3112 4724 3227 4780 suis
3272 4725 3572 4793 superbum

1970 4823 2025 4869 et
2057 4822 2397 4884 peccatorem
2448 4815 2678 4886 punire,
2724 4816 3131 4873 visitationibus
3176 4825 3359 4882 autem
3417 4816 3570 4887 pium

1970 4916 2027 4962 ct
2066 4904 2289 4963 virtutis
2345 4907 2652 4964 studiosum
2712 4907 3053 4977 exhilarare,
3107 4908 3291 4986 Quare
3347 4909 3570 4965 divinus

1969 4996 2098 5054 item
2131 4999 2411 5067 David,_et
2435 5015 2500 5058 ex
2534 5000 2823 5059 aversione
2845 4999 3131 5067 damnum,
3153 5011 3209 5058 et
3231 5017 3296 5058 ex
3338 5017 3570 5058 conver-

1966 5090 2125 5148 sione
2188 5092 2533 5155 commodum
2808 5092 3207 5163 manifestans,
3269 5094 3567 5165 aliquando

1964 5181 2184 5239 dicebat
2213 5197 2228 5237 :
2268 5201 2290 5237 ι
2327 5182 2405 5239 Ne
2431 5170 2648 5245 avertas
2679 5170 2876 5242 faciem
2907 5196 3055 5244 tuam
3086 5203 3117 5243 a
3143 5202 3250 5257 me,
3291 5196 3347 5243 et
3372 5202 3439 5242 ne
3467 5187 3565 5243 de—

1964 5273 2137 5331 clines
2168 5275 2223 5331 in
2260 5275 2340 5332 ira
2369 5291 2582 5335 aservo
2628 5287 2722 5335 tuo
2747 5278 2841 5348 “;
2886 5298 2906 5334 ι
2956 5280 3251 5351 aliquando
3304 5292 3562 5335 rursum:

1970 5383 1990 5417 ι
2028 5363 2263 5436 Respice
2297 5366 2353 5422 in
2382 5383 2494 5435 me,
2537 5377 2594 5424 et
2618 5369 2884 5427 miserere
2914 5371 3021 5425 mei
3044 5371 3110 5425 ⁵⁸.
3150 5388 3170 5421 ι
3205 5368 3565 5423 Aversionem

1965 5468 2202 5523 namque
2231 5455 2334 5523 ira,
2365 5466 2421 5513 et
2448 5473 2568 5529 quae
2600 5459 2670 5515 ab
2702 5461 2842 5517 irato
2878 5460 3194 5532 inﬂiguntur
3223 5472 3403 5530 preme
3429 5499 3446 5527 ,
3476 5472 3562 5515 τοι

254 5524 445 5621 κλίνης
469 5527 531 5580 ὲν
561 5526 702 5600 ὀργῇ
755 5529 865 5583 ἀπὸ
914 5530 1008 5586 τοῦ
1038 5533 1226 5589 δούλου
1280 5553 1396 5591 σουο
1433 5556 1454 5592 t
1519 5540 1653 5594 ποτὲ
1698 5524 1760 5596 δὲ’
1788 5542 1854 5616 δὴ

1975 5555 2209 5614 spectum
2235 5557 2417 5604 autem
2440 5524 2658 5621 avdeptio
2682 5552 3076 5609 misericordia:
3108 5553 3430 5608 comitatur.

252 5611 341 5670 ιδ’
370 5635 393 5671 ι
432 5617 762 5690 Ἐπίϐλεψον
792 5622 881 5676 ἐπ’
941 5624 1064 5693 ἐμὲ,
1091 5628 1187 5682 καὶ
1210 5628 1435 5703 ἐλέησόν
1477 5649 1565 5705 με.
1612 5653 1631 5685 ι
1664 5611 1894 5707 "Ed/erat
1954 5611 2066 5713 γάρ
2122 5644 2245 5708 ταῖς
2286 5611 2663 5716 ἀποστροφαῖς
2713 5646 2742 5699 ό
2800 5643 2994 5717 θυμὸς,
3045 5649 3141 5703 καὶ
3164 5646 3236 5703 τὰ
3280 5646 3342 5714 ἐξ
3393 5646 3564 5707 αὑτοῦ

257 5710 651 5784 συμϐαίνοντω
681 5712 761 5786 τῷ
786 5731 849 5785 γε
879 5715 989 5788 μὴν
1018 5718 1312 5793 ἐπιϐλέψαι
1345 5722 1405 5778 τὺ
1431 5725 1631 5797 χρῆναι
1661 5726 1848 5785 λαϐεῖν
1886 5731 1977 5787 τὸν
2007 5710 2179 5790 ἔλεον.

322 5894 368 5927 ³³
398 5895 550 5955 Psal.
582 5913 734 5970 XXVI,
768 5900 821 5955 2.
902 5902 948 5936 ⁵¹
975 5901 1123 5959 Psal.
1163 5918 1276 5972 nx,
1302 5903 1355 5974 8,
1389 5904 1441 5960 9.
1521 5905 1567 5939 ⁵³
1594 5904 1741 5964 Psal.
1779 5924 1883 5965 xxx

2014 5911 2096 5968 l6.
2176 5912 2222 5947 ³⁵
2249 5912 2396 5972 Psal.
2429 5929 2580 5985 xxvi,
2610 5916 2664 5974 9.
2703 5881 2709 5887 δ
2742 5917 2788 5952 ⁸³
2823 5917 2966 5977 Psal.
3001 5933 3153 5989 xxiv,
3185 5920 3271 5977 16.
