4098 6480
536 400 634 457 2η

1555 413 1613 467 S.
1653 412 1924 471 CYRILLI
1963 415 2425 472 ALEXANDRINI
2465 419 2785 476 ARCHIEP.

3651 429 3749 487 ξιτ

614 512 781 569 Vens.
819 514 872 569 5.
916 514 983 570 Et
1026 518 1199 574 dicent
1228 519 1421 575 tribuni
1462 521 1604 577 Juda
1635 542 1808 581 omnes
1836 529 1891 581 in
1930 530 2102 583 cordi-

2275 533 2385 587 Καὶ
2418 533 2664 602 ἐροῦσιν
2702 534 3000 603 χιλίαρχοι
3046 534 3243 591 Ἰούδα
3287 534 3502 603 πάντες
3529 537 3594 592 ἐν
3634 545 3749 611 ταῖς

536 615 629 664 bus
660 610 767 663 suis
796 625 813 661 :
847 608 1173 666 Invenimus
1200 611 1344 665 nobis
1369 613 1661 668 habitantes
1699 616 2014 686 Jerusalem,
2045 622 2099 673 in

538 702 763 756 Domino
791 705 1137 770 omnipatente
1169 702 1273 759 Deo
1294 720 1494 759 eorum.

1164 791 1226 839 ἦ

607 883 902 938 LXXXIX.
938 883 1304 950 Chiliarchas,
1326 898 1419 939 seu
1448 885 1691 941 tribunos
1714 884 1850 940 Juda
1887 896 2105 942 sanctos

537 977 809 1046 apostolos
838 976 1141 1045 appellatos
1168 990 1572 1043 asseveramus,
1592 977 1830 1033 delectos
1848 986 2104 1047 tanquam

537 1070 704 1125 duces
727 1083 757 1122 a
782 1066 1021 1133 Christo,
1053 1075 1109 1121 et
1126 1068 1485 1137 principatum
1511 1068 1564 1123 in
1614 1066 1810 1125 ludam
1859 1072 2103 1140 adeptos,

538 1160 642 1214 hoc
663 1167 764 1225 est,
797 1158 849 1212 itt
879 1172 973 1212 eos
1000 1157 1092 1227 qui
1134 1159 1200 1213 ad
1223 1158 1589 1214 conﬁtendum
1662 1168 1718 1216 et
1776 1160 2105 1215 laudandum

539 1250 712 1305 vocati
774 1258 899 1305 sunt
930 1268 944 1305 :
975 1248 1141 1305 Judas
1190 1250 1335 1305 enim
1396 1251 1519 1307 laus
1579 1251 1865 1307 redditur:
1905 1252 1995 1323 qui
2042 1268 2108 1306 ex

538 1341 789 1413 gentibus
829 1342 1019 1411 utique
1073 1340 1298 1408 fuerint,
1340 1343 1537 1412 quibus
1566 1352 1624 1398 et
1651 1344 1868 1399 divinus
1921 1351 2112 1398 cantor

538 1436 782 1502 mandat,
812 1435 890 1490 uti
923 1434 1325 1490 Emmanueletn
1364 1435 1662 1502 celebrent,
1692 1435 1885 1491 dicens
1910 1436 1961 1491 in
1993 1436 2108 1505 spi-

540 1531 650 1585 ritu
683 1547 696 1583 :
738 1548 759 1582 t
796 1528 1359 1599 Benedicite,.gentes,
1382 1530 1547 1586 Deum
1568 1538 1836 1597 nostrum,
1881 1538 1937 1587 et
1961 1530 2115 1585 audi-

542 1630 651 1675 tam
703 1621 869 1677 facite
899 1635 1086 1677 vocem
1146 1621 1323 1677 laudis
1377 1621 1498 1691 ejus
1547 1622 1617 1675 “.
1657 1640 1677 1675 ι
1719 1621 1888 1679 ludas
1953 1621 2115 1691 igitur

541 1711 645 1765 hoc
674 1710 795 1765 loco
811 1720 935 1765 sunt
958 1724 1051 1781 per
1062 1710 1223 1765 ﬁdem
1247 1711 1687 1767 adlaudationem
1738 1720 1795 1769 et
1819 1710 2116 1767 confessio-

544 1818 664 1859 nem
691 1804 866 1858 vocati
890 1820 904 1859 :
947 1801 1144 1857 tribuni
1168 1802 1441 1871 veroipsis
1460 1802 2119 1870 constituti,centuriones

541 1909 598 1955 et
615 1901 801 1965 duces,
834 1900 998 1955 divini
1013 1899 1284 1967 discipuli.
1299 1870 1601 1956 Observare
1626 1908 1853 1969 estergo
1877 1912 1971 1953 eos
1996 1897 2118 1952 Sal—
2148 1870 2191 1925 Β

542 1990 747 2045 vatoris
768 1990 1143 2046 adoratoribus
1160 1989 1305 2045 velut
1320 1989 1642 2059 quibusdam
1663 1988 1924 2043 militibus
1940 1986 2121 2043 accla-

545 2088 755 2135 mantes
772 2088 825 2135 et
852 2079 1095 2135 dicentes
1128 2095 1143 2135 :
1179 2097 1199 2132 t
1234 2078 1388 2135 State
1414 2080 1577 2149 igitur
1610 2078 1873 2163 succincti
1903 2077 2115 2133 lumbos

546 2180 753 2227 vestros
767 2172 820 2227 in
834 2171 1083 2238 veritate,
1094 2179 1146 2225 et
1159 2170 1329 2226 induti
1347 2170 1567 2226 loricam
1577 2169 1821 2240 iustitiae,
1832 2177 1886 2223 et
1900 2167 2121 2225 calceati

545 2264 709 2333 pedes
736 2261 791 2317 in
821 2263 1269 2332 praparationem
1290 2260 1569 2332 Evangelii
1594 2261 1767 2331 pacis,
1793 2262 1849 2315 in
1872 2260 2124 2316 omnibus

546 2362 825 2410 sumentes
848 2362 1062 2409 scutum
1128 2353 1280 2418 ﬁdei,
1310 2354 1364 2407 in
1395 2368 1504 2422 quo
1531 2352 1780 2423 poteritis
1809 2352 1992 2409 omnia
2019 2351 2122 2406 tela

551 2446 868 2517 nequissimi
897 2446 1063 2515 ignita
1094 2446 1446 2515 exstinguere
1475 2446 1543 2499 ".
1582 2463 1602 2497 ι
1639 2444 1777 2500 Sunt
1800 2456 1927 2515 ergo
1958 2442 2123 2498 divini

551 2537 799 2609 discipuli
829 2538 1049 2606 tribuni,
1078 2546 1133 2593 et
1167 2536 1703 2601 convenientissime,
1740 2553 1759 2588 t
1797 2534 1901 2602 Qui
1942 2542 1998 2589 et
2043 2532 2125 2587 di-

552 2637 700 2694 cent,
728 2628 926 2699 inquit,
969 2626 1024 2682 in
1075 2627 1332 2683 cordibus
1354 2626 1467 2682 suis
1507 2644 1522 2681 :
1576 2624 1922 2680 inveniemus
1969 2623 2125 2679 nobis

553 2721 688 2792 ipsis
719 2720 1027 2776 habitantes
1051 2719 1104 2773 in
1136 2716 1457 2774 Jerusalem.
1497 2735 1517 2770 ι
1545 2714 1939 2772 Desiderabant
1978 2713 2123 2769 enim

552 2811 728 2866 sancti
769 2809 1019 2879 discipuli
1052 2824 1181 2865 vere
1234 2816 1480 2863 sanctam
1531 2795 1873 2871 Jerusalem,
1907 2804 1962 2858 id
2018 2809 2122 2868 est,

552 2900 870 2966 Eccksiam,
902 2899 1158 2971 repletam
1199 2900 1346 2955 cerni
1377 2896 1781 2962 adoratoribus,
1845 2906 1902 2950 et
1955 2893 2124 2949 veluti

553 2994 742 3047 urbem
801 2992 1092 3061 quamdam
1144 2990 1446 3046 incolarum
1500 2987 1807 3059 frequentia
1855 2985 2123 3056 insignem

554 3082 902 3136 meritissime
932 3081 1172 3149 gloriari.
1206 3080 1469 3145 Quocirca
1499 3077 1916 3147 promulgabant
1939 3076 2125 3140 ﬁdem,

554 3170 992 3241 evangelizantes
1042 3168 1254 3235 Jesum,
1299 3168 1578 3241 signisque
1614 3178 1671 3223 et
1686 3168 1947 3239 prodigiis
1982 3168 2123 3223 dicta

554 3278 652 3317 sua
686 3262 1096 3317 conﬁrmantes.
1126 3260 1512 3316 Verumtamen
1546 3276 1651 3315 non
1700 3257 2121 3330 persuadebant.

556 3353 873 3409 Obdurabat
892 3351 1036 3406 enim
1068 3351 1303 3421 populus
1329 3350 1662 3414 inﬂexibilis,
1704 3359 1759 3407 et
1778 3350 1923 3405 velut
1956 3364 2129 3419 equus

556 3444 855 3501 indomitus
874 3440 1026 3497 frena
1052 3444 1360 3498 recusabat.
1384 3442 1591 3499 Idcirco
1619 3442 1874 3512 deinceps
1918 3450 2126 3497 sancta

558 3536 796 3595 civitatis
826 3535 1165 3591 habitatores
1188 3537 1239 3590 in
1278 3554 1297 3586 ι
1340 3535 1568 3590 Domino
1600 3535 1969 3606 omnipotente
2020 3534 2131 3590 Deo

556 3631 827 3702 ipsorum,
873 3648 894 3681 ι
938 3630 1041 3684 hoc
1081 3638 1187 3695 est,
1241 3628 1296 3683 in
1351 3628 1591 3693 Christo,
1641 3626 1745 3682 sibi
1792 3624 2128 3694 quaerebant.

558 3726 698 3794 Quin
730 3734 787 3779 et
816 3723 883 3780 ad
931 3734 1118 3795 gentes
1167 3724 1640 3791 convertebantur,
1683 3720 1989 3776 Judmorutn
2041 3732 2132 3787 po-

557 3816 688 3884 pulo
725 3816 1039 3871 occinentes
1069 3834 1082 3869 :
1112 3814 1273 3885 ’177
1313 3833 1332 3866 ι
1356 3814 1523 3870 Vobis
1553 3814 1841 3883 oportebat
1893 3811 2129 3881 primum

560 3905 708 3976 loqui
737 3905 963 3959 verbum
995 3904 1110 3959 Dei.
1144 3904 1405 3969 Quoniam
1455 3912 1634 3958 autem
1676 3900 1941 3971 repellitis
1978 3897 2130 3964 illud,

559 4006 616 4052 et
645 3996 897 4065 indignos
930 4010 1028 4050 vos
1053 3994 1311 4064 iudicatis
1350 3996 1457 4049 vita
1490 4005 1715 4061 aeterna,
1746 4007 1875 4048 ecce
1906 4005 2134 4047 conver-

563 4088 728 4141 timur
750 4086 819 4141 ad
843 4094 1033 4157 gentes
1062 4103 1076 4140 :
1108 4085 1189 4141 sic
1207 4086 1350 4141 enim
1379 4085 1535 4141 nobis
1556 4085 1829 4139 mandavit
1847 4082 1988 4139 Deus
2014 4082 2080 4135 ⁸⁸.
2108 4099 2128 4133 ι

562 4176 693 4232 Inde
722 4176 871 4232 cives
903 4174 1160 4232 Ecclesia
1186 4175 1616 4245 conquisierunt,
1644 4174 1800 4245 cujus
1828 4182 1884 4228 et
1921 4172 2134 4228 divinus

563 4266 736 4322 David
764 4265 1030 4330 meminit,
1060 4265 1310 4335 inquiens
1340 4284 1355 4319 :
1396 4284 1414 4317 t
1461 4264 1707 4321 Gloriosa
1738 4264 1880 4319 dicta
1907 4270 2033 4319 sunt
2069 4263 2136 4317 de

567 4367 639 4422 te,
670 4356 860 4411 civitas
882 4353 975 4410 Dei
1013 4353 1080 4406 ⁸⁸.
1116 4372 1134 4405 ι
1176 4351 1248 4409 iis
1279 4354 1542 4423 quaesitis,
1577 4362 1798 4423 propter
1847 4366 2133 4407 numerum

568 4446 1073 4516 multitudinemque
1107 4444 1557 4500 innumerabilem
1596 4443 1751 4499 ditati
1800 4454 1943 4497 sunt.
1994 4440 2134 4508 Quin

2207 626 2471 693 καρδίαις
2495 625 2712 681 αὐτῶν
2742 627 3102 696 Εὐρήσομεν
3138 627 3375 694 ἑαυτοῖς
3419 629 3554 696 τοὺς
3575 649 3753 689 κατοι-

2206 717 2466 782 κοῦντας
2490 719 2559 770 ἐν
2584 718 2996 788 Ἰερουσαλὴμ,
3032 718 3101 772 ἐν
3121 721 3318 788 Κυρίῳ
3347 723 3753 795 παντοκράτορι

2209 806 2330 873 θεῷ
2355 808 2571 865 αὐτῶν.

2277 900 2403 954 ΠΘθ.
2439 900 2765 972 Χιλιάρχους
2793 901 2893 973 μὲν
2938 900 3107 957 Ἰούδα
3156 903 3282 967 τοὺς
3329 902 3511 972 ἁγίους
3544 905 3756 960 ἀποστόο

2208 987 2330 1052 λους
2358 989 2774 1059 κατωνομάσθαι
2796 992 2995 1062 φαμὲν,
3028 992 3152 1054 τοὺς
3173 986 3285 1045 οἷον
3315 993 3373 1047 ὲν
3393 994 3541 1060 τάξει
3567 999 3630 1066 τῇ
3661 996 3767 1049 τῶν

2211 1084 2531 1155 στρατηγῶν
2578 1085 3124 1155 κεχειροτονημένους
3169 1087 3322 1157 παρὰ
3364 1086 3631 1154 Χριστοῦ,
3676 1088 3761 1140 καὶ

2211 1173 2571 1244 καθηγεῖσθαι
2626 1174 2891 1245 λαχόντας
2945 1176 3039 1229 τοῦ
3103 1176 3274 1231 Ἰούδα
3299 1217 3316 1243 ,
3363 1178 3605 1231 τουτέστι
3657 1179 3769 1231 τῶνι

2210 1264 2559 1335 κεκλημένων
2585 1267 2665 1330 εἰς
2691 1266 3073 1339 ἐξομολόγησίν
3094 1285 3152 1321 τε
3181 1268 3276 1321 καὶ
3303 1262 3470 1320 αἶνον·
3493 1263 3654 1332 αἶνος
3668 1269 3764 1340 γάρ

2210 1358 2241 1409 ὁ
2273 1356 2473 1421 Ἰούδας
2500 1357 2885 1428 ἑρμηνεύεται.
2914 1354 3038 1411 Εἶεν
3079 1359 3124 1413 δ’
3152 1358 3220 1412 ἂν
3248 1352 3391 1413 οῦτοι
3425 1359 3617 1421 πάντες
3638 1361 3685 1411 οἰ
3712 1360 3769 1424 ἐξ

2212 1446 2402 1512 ἐθνῶν,
2432 1440 2515 1509 οἷς
2541 1448 2635 1501 καί¹
2665 1448 2725 1502 τὸ
2754 1449 2950 1519 χρῆναι
2978 1449 3277 1518 δοξολογεῖν
3306 1448 3397 1502 τὸν
3437 1449 3768 1520 Ἐμμανουήλ

2213 1540 2241 1593 ὁ
2265 1539 2544 1602 θεσπέσιος
2579 1539 2831 1610 Μελῳδὸς
2861 1540 3137 1594 ἐπιτάττει
3193 1540 3366 1610 λέγων
3404 1540 3464 1595 ἐν
3493 1541 3766 1611 πνεύματι⁹

2220 1649 2238 1681 t
2275 1629 2583 1697 Εὐλογεῖτε,
2606 1629 2759 1700 ἔθνη,
2788 1629 2878 1683 τὸν
2904 1630 3037 1683 Θεὸν
3074 1630 3252 1701 ήμῶν,
3292 1630 3388 1685 καὶ
3430 1629 3773 1684 ἁκουτίσασθε

2214 1720 2313 1791 τὴν
2341 1721 2523 1793 φωνήν
2572 1721 2673 1791 τῆς
2697 1721 2957 1784 αἰνέσεως
2999 1720 3187 1775 αὑτοῦ.
3226 1740 3247 1774 s
3294 1720 3497 1785 Ἰούδας
3521 1720 3691 1774 τοίνυν
3718 1722 3775 1773 ἐν

2216 1815 2426 1880 τούτοις
2461 1817 2512 1870 οἰ
2542 1816 2631 1870 διὰ
2659 1815 2891 1879 πίστεως
2940 1814 3266 1885 κεκλημένοι
3308 1813 3446 1885 πρὸς
3485 1814 3680 1866 αίνεσίν
3719 1829 3773 1867 τε

2220 1908 2317 1961 καὶ
2376 1906 2777 1977 ἐξομολόγησιν·
2836 1905 3106 1977 χιλίαρχοί
3154 1922 3218 1973 γε
3260 1904 3370 1976 μὴν
3397 1905 3449 1959 οἰ
3500 1904 3583 1957 ἐπ’
3610 1904 3775 1966 αὐτοῖς

2220 2000 2563 2069 τεταγμένοι,
2595 1997 2876 2069 ταξίαρχοί
2898 2015 2957 2051 τε
2988 2000 3083 2051 καὶ
3114 1996 3404 2067 ἡγεμόνες,
3434 1995 3485 2048 οἰ
3519 1994 3775 2049 θεσπέσιοι

2227 2091 2481 2162 μαθηταί.
2512 2091 2668 2144 Ἐστι
2703 2091 2831 2159 γοῦν
2862 2091 2991 2146 ἰδεῖν
3011 2086 3100 2145 οἷά
3130 2106 3243 2144 τισι
3276 2087 3654 2159 στρατιώταις,
3674 2087 3778 2148 τοῖς

2222 2182 2315 2237 τοῦ
2342 2182 2592 2253 Σωτῆρος
2623 2184 3025 2254 προσκυνηταῖς
3052 2180 3487 2252 διακεκραγότας
3512 2195 3571 2231 τε
3596 2178 3683 2231 καὶ
3699 2176 3778 2229 λέ-

2222 2290 2437 2344 γοντας·
2474 2292 2492 2325 t
2531 2272 2702 2343 Στῆτε
2728 2268 2822 2326 οὖν
2854 2272 3289 2345 περιζωσάμενοι
3321 2270 3427 2342 τὴν
3454 2270 3620 2339 ὀσφὺν
3642 2267 3781 2337 ὑμῶν

2222 2366 2279 2418 ἐν
2301 2364 2547 2433 ἀληθείᾳ,
2581 2365 2676 2417 καὶ
2724 2363 3074 2433 ἐνδυσάμενοι
3130 2364 3220 2417 τὸν
3276 2360 3507 2434 θώρακα
3565 2358 3661 2430 τῆς
3714 2359 3782 2412 δι-

2223 2454 2536 2524 καιοσύνης,
2562 2454 2657 2507 καὶ
2691 2454 3091 2525 ὑποδησάμενοι
3122 2455 3249 2517 τοὺς
3299 2454 3471 2516 πόδας
3493 2451 3551 2505 ὲν
3580 2452 3782 2519 ἑτοιμα-

2226 2544 2316 2614 σίᾳ
2344 2542 2440 2597 τοῦ
2462 2542 2789 2611 Εὑαγγελίου
2839 2543 2940 2613 τῆς
2988 2544 3233 2613 εἰρήνης,
3292 2542 3389 2595 ἐπὶ
3420 2542 3582 2595 πᾶσιν
3610 2539 3782 2593 ἀναλα-

2224 2633 2411 2696 ϐόντες
2454 2633 2544 2686 τδν
2594 2632 2786 2704 θυρεὸν
2836 2633 2935 2703 τῆς
2969 2634 3235 2698 πίστεως,
3287 2632 3350 2685 ἐν
3411 2625 3457 2700 ᾧ
3508 2629 3781 2701 δυνήσεσθε

2224 2718 2403 2773 πάντα
2426 2718 2494 2772 τὰ
2514 2719 2642 2790 βέλη
2673 2718 2765 2773 τοῦ
2791 2721 3030 2791 πονηροῦ
3063 2720 3132 2774 τὰ
3157 2720 3530 2791 πεπυρωμένα
3558 2719 3781 2773 σϐέσαι.»

2224 2811 2503 2881 Χιλίαρχοι
2532 2810 2597 2881 δὴ
2648 2806 2761 2878 οὖν,
2820 2812 2913 2865 καὶ
2953 2812 3097 2882 μάλα
3155 2813 3405 2879 εἰκότως,
3446 2816 3495 2868 οἰ
3526 2811 3781 2867 θεσπέσιοι

2230 2902 2489 2974 μαθηταὶ,
2516 2923 2535 2956 t
2564 2903 2627 2957 Οἳ
2660 2904 2755 2957 καὶ
2802 2902 3007 2974 ἐροῦσι,
3033 2906 3220 2976 φησὶν,
3275 2907 3335 2959 ἐν
3397 2907 3517 2971 ταῖς
3556 2904 3787 2975 καρδίαις

2225 2993 2422 3048 αὐτῶνθ
2454 2994 2775 3067 Εὑρήσομεν
2800 2996 3010 3059 ἑαυτοῖς
3034 2996 3160 3059 τοὺς
3189 2998 3580 3060 κατοικοῦντας
3610 2998 3665 3049 ἐν
3698 2996 3786 3047 Ἱε-

2228 3084 2531 3156 ρουσαλήμ.
2576 3103 2596 3138 ι
2644 3084 2981 3155 Ἐπεθύμουν
3016 3085 3115 3156 μὲν
3142 3086 3250 3157 γὰρ
3274 3089 3324 3141 οἰ
3368 3087 3639 3141 θεσπέσιοι
3690 3101 3782 3155 μα-

2151 3203 2196 3263 c
2228 3172 2388 3244 θηταί¹
2414 3173 2511 3243 τὴν
2540 3173 2701 3242 ἁγίαν
2760 3172 2927 3237 ὅντως
2961 3175 3336 3247 Ἰερουσαλὴμ,
3397 3176 3657 3242 τουτέστι,
3700 3172 3787 3243 τὴν

2242 3263 2569 3334 Ἐκκλησίαν
2619 3265 3049 3336 μεμεστωμένην
3097 3267 3327 3337 ὁρᾶσθαι
3384 3264 3782 3340 προσκυνητιῖΝ,

2230 3356 2323 3409 καὶ
2352 3350 2441 3409 οἷά
2464 3371 2586 3408 τινα
2616 3356 2768 3409 πόλιν
2793 3358 3064 3429 περιφανῆ
3094 3358 3299 3428 πληθύῖ
3323 3360 3438 3414 τῶν
3454 3358 3789 3413 ἐνοικούντων

2231 3442 2401 3514 αὐτὴν
2436 3437 2496 3497 εὖ
2531 3443 2677 3513 μάλα
2732 3446 3251 3517 κατασεμνύνεσθαι.
3279 3449 3395 3503 Καὶ
3450 3449 3581 3520 γοῦν
3622 3447 3788 3516 διεκή-

2234 3550 2422 3605 ρυττον
2444 3533 2543 3604 τὴν
2573 3534 2773 3602 πίστιν,
2801 3536 3275 3609 εὐαγγελιζόμενοι
3316 3540 3413 3593 τὸν
3452 3538 3674 3610 Ἰησοῦν,
3702 3554 3788 3605 ση-

2235 3624 2407 3696 μείοις
2438 3642 2497 3678 τε
2534 3626 2626 3678 καὶ
2647 3626 2871 3697 τέρασιν
2909 3628 3407 3701 ἐπισφραγίζοντες
3433 3632 3561 3694 τοὺς
3602 3626 3790 3682 ἑαυτῶν

2230 3715 2439 3783 λόγους.
2476 3714 2621 3786 Πλὴν
2645 3716 2745 3770 οὐκ
2772 3716 3005 3770 ἔπειθον·
3040 3719 3318 3788 μεμένηκε
3348 3718 3459 3790 γὰρ
3493 3716 3719 3788 σκληρός
3740 3731 3793 3766 τε

2233 3808 2327 3861 καὶ
2346 3806 2628 3878 άκαμπὴς,
2668 3810 2762 3862 καὶ
2781 3803 2892 3863 οἷον
2917 3808 3081 3883 ἵππος
3116 3809 3347 3880 ἐξήνιος.
3381 3810 3566 3881 Ταύτῃ
3594 3826 3673 3862 τοι
3694 3808 3792 3859 λοι-

2233 3898 2334 3952 πὸν
2392 3898 2615 3970 ἐζήτουν
2644 3900 2859 3964 ἑαυτοῖς
2900 3902 3026 3964 τοὺς
3079 3901 3477 3966 κατοικοῦντας
3510 3904 3610 3974 τὴν
3651 3899 3795 3967 ἁγίαν

2234 3988 2387 4042 πόλιν
2418 4008 2437 4041 t
2473 3990 2533 4042 ἐν
2564 3990 2756 4061 Κυρίῳ
2784 3993 3185 4063 παντοκράτορι
3233 3993 3358 4062 Θεῷ
3385 3993 3587 4059 αὐτῶν,
3627 4012 3645 4045 s
3683 4006 3795 4042 του-

2233 4081 2383 4134 τέστι
2427 4082 2491 4133 ἐν
2518 4078 2757 4151 Χριστῷ.
2814 4082 2924 4137 Kal.
2969 4081 3033 4151 δὴ
3087 4083 3181 4136 καὶ
3227 4084 3535 4154 ἐτράποντο
3572 4081 3704 4152 πρὸς
3740 4078 3803 4131 τά

2236 4169 2385 4240 ἔθνη,
2422 4172 2535 4233 τοῖς
2584 4171 2846 4225 Ἰουδαίων
2866 4172 3058 4243 δήμοις
3096 4174 3569 4246 ὲπιφωνήσαντες·
3602 4190 3621 4223 t
3657 4171 3799 4239 Ὑμῖν

2235 4256 2303 4332 ἦν
2332 4261 2629 4329 ἀναγκαῖον
2654 4262 2870 4332 πρῶτον
2898 4262 3194 4334 λαληθῆναι
3231 4266 3323 4319 τὸν
3348 4266 3508 4335 λόγον
3528 4262 3627 4319 τοῦ
3654 4258 3798 4316 Θεοῦ.

2250 4350 2466 4422 Ἐπειδὴ
2493 4350 2550 4405 δὲ
2574 4352 2877 4406 ἀπωθεῖσθε
2916 4355 3100 4420 αὐτὸν,
3146 4355 3240 4410 καὶ
3273 4357 3376 4410 οὐκ
3400 4356 3586 4420 ἀξίους
3605 4353 3802 4424 κρίνετε

2239 4440 2465 4503 ἑαυτοὺς
2481 4440 2580 4510 τῆς
2607 4441 2826 4495 αἰωνίου
2857 4442 3002 4513 ζωῆς
3026 4484 3040 4508 ,
3087 4445 3196 4497 ἰδοὺ
3244 4446 3598 4518 στρεφόμεθα
3626 4446 3703 4506 εἰς
3742 4439 3804 4494 τά

567 4548 622 4593 et
644 4537 798 4592 aiunt
842 4544 1045 4591 sanctae
1088 4535 1343 4591 civitati:
1381 4552 1401 4586 t
1457 4534 1630 4590 Dilata
1681 4534 1858 4589 locum
1920 4533 2115 4589 tentorl

2244 4533 2392 4605 έθνηο
2418 4532 2561 4587 οὕτω
2587 4534 2695 4605 γὰρ
2716 4536 2846 4605 ήμῖν
2896 4535 3207 4591 ἐντέταλται
3244 4538 3273 4589 ὁ
3323 4538 3479 4600 Θεός.
3515 4557 3534 4589 s
3580 4533 3804 4588 Ἐκεῖθεν

570 4629 667 4694 tui,
696 4636 751 4683 et
780 4625 1246 4682 tabernaculorum
1303 4635 1537 4681 tuorum.
1594 4625 1747 4696 Fige,
1814 4640 1881 4680 ne
1926 4640 2136 4695 parcas.

2240 4626 2513 4697 ἐζήτησαν
2564 4625 2691 4690 τοὺς
2734 4626 2835 4696 τῆς
2894 4627 3219 4698 Ἐκκλησίας
3266 4629 3519 4694 πολίτας,
3552 4620 3619 4699 ἦς
3674 4621 3808 4678 καὶὸ

568 4715 838 4771 Protende
884 4712 1153 4770 funiculos
1192 4723 1312 4769 tuos
1382 4722 1437 4768 et
1475 4714 1659 4769 clavos
1711 4723 1852 4780 tuos,
1894 4713 2123 4768 confort:

2241 4718 2529 4782 θεσπέσιος
2556 4718 2723 4773 Δαόἰδ
2749 4718 3135 4789 διαμέμνηται,
3164 4720 3358 4787 λέγων’
3398 4737 3420 4773 t
3447 4714 3810 4785 Δεδοξασμέναι

570 4811 750 4865 adhuc
776 4810 829 4862 in
853 4808 1084 4873 dextris,
1105 4816 1161 4862 et
1183 4807 1234 4861 in
1258 4806 1476 4863 sinistra
1502 4808 1733 4862 extende
1757 4806 1823 4860 ‘°.
1855 4825 1873 4859 ι
1900 4805 1990 4859 Illa
2012 4819 2123 4861 vett

2242 4808 2476 4879 ἐλαλήθη
2499 4809 2628 4882 περὶ
2654 4808 2768 4875 σοῦ,
2800 4812 2835 4881 ή
2887 4811 3041 4874 πόλις
3080 4811 3173 4864 τοῦ
3198 4810 3357 4866 Θεοῦ.
3397 4830 3417 4865 s
3481 4811 3809 4882 Ζητήσαντες

572 4898 915 4954 multitudine
942 4896 1237 4951 incolarum
1264 4910 1482 4951 suorum
1534 4895 1792 4960 exsultat,
1880 4903 1935 4949 et
1984 4908 2119 4963 quas

2241 4900 2298 4953 δέ
2327 4899 2756 4969 πεπλουτήκασι,
2777 4901 3133 4971 συνεκόμισαν
3147 4918 3207 4954 τε
3225 4902 3441 4973 πληθὺν
3470 4902 3570 4973 τὴν
3590 4894 3809 4970 ἀριθμοῦ

573 4988 851 5044 admirans
881 5002 1103 5043 suorum
1142 4988 1376 5043 ﬁliorum
1418 4987 1803 5057 frequentiam,
1829 4987 1904 5041 ait
1929 5004 1942 5041 :
1974 5004 1993 5038 t
2023 4986 2123 5054 Egc

2245 4988 2545 5059 κρείττονα.
2580 4990 2691 5041 Καὶ
2742 4989 2807 5061 δὴ
2844 4991 2936 5044 καί
2967 5008 3098 5059 φασι
3145 4993 3212 5061 τῇ
3243 4992 3379 5062 ἁγίᾳ
3420 4992 3596 5044 πόλει·
3631 5009 3647 5040 ι
3685 4986 3811 5040 Πλά-

573 5087 754 5132 autem
799 5078 917 5134 sine
948 5078 1093 5144 ﬁliis,
1126 5086 1181 5133 et
1208 5078 1413 5144 vidua;
1450 5079 1585 5133 istos
1604 5094 1737 5134 vero
1784 5078 1923 5147 quis-
1954 5078 2123 5147 genuit

2246 5095 2401 5133 τυνον
2428 5078 2521 5132 τὸν
2568 5078 2732 5133 τόπον
2784 5082 2881 5150 τῆς
2935 5082 3137 5151 σκηνῆς
3180 5099 3295 5148 σου,
3338 5083 3567 5136 καὶτῶν
3590 5075 3813 5134 αὑλαιῶν

573 5170 745 5225 mihi?
774 5170 861 5226 isti
890 5179 1071 5226 antem
1094 5170 1183 5225 ubi
1218 5169 1347 5224 mibi
1373 5179 1526 5224 erant
1551 5170 1592 5202 “
1616 5171 1640 5223 Τ
1667 5188 1686 5221 ι

2251 5185 2367 5223 σου.
2402 5167 2600 5237 Πῆξον,
2648 5169 2722 5241 μὴ
2768 5170 2949 5242 φείσῃ.
2997 5172 3286 5241 Μάκρυνον
3335 5172 3407 5225 τὰ
3472 5162 3814 5241 σχοινίσματά

574 5281 689 5331 σου,
726 5261 819 5315 καὶ
854 5263 980 5325 τοὺς
1010 5261 1317 5324 πασσάλους
1346 5279 1459 5327 σου,
1491 5261 1812 5332 κατίσχυσον
1838 5261 1917 5313 ἔτι
1946 5261 2023 5323 εἰς
2048 5262 2116 5314 τὰ
2139 5260 2309 5327 δεξιὰ,
2342 5261 2434 5314 καὶ
2464 5263 2541 5325 εἰς
2564 5261 2630 5314 τὰ
2656 5261 2915 5331 ἀριστερὰ
2942 5261 3255 5315 ἐκπέτασον.
3273 5280 3292 5313 s
3340 5261 3409 5314 Ἡ
3436 5260 3493 5315 δὲ
3519 5260 3599 5329 τῷ
3637 5256 3813 5328 πλήθει

574 5355 684 5408 τῶν
735 5352 1133 5407 κατοικούντων
1170 5352 1339 5424 αὐτὴν
1381 5353 1754 5422 ἐπιγάννυται,
1808 5353 1966 5423 μόνον
2003 5354 2059 5406 δέ
2103 5353 2223 5422 οὐχὶ
2261 5352 2758 5423 καταθαυμάζουσα
2799 5352 2908 5407 τῶν
2951 5352 3097 5405 ἰδίων
3145 5352 3355 5407 τέκνων
3394 5352 3495 5423 τὴν
3529 5352 3813 5423 ὁμήγυριν,

578 5446 736 5517 φησίν
762 5463 773 5475 ·
812 5465 831 5497 t
870 5445 1010 5515 Ἐγὼ
1036 5446 1093 5499 δὲ
1114 5446 1360 5513 ἄτεκνος,
1414 5448 1507 5499 καὶ
1560 5448 1725 5517 χήρα·
1759 5446 1982 5511 τούτους
2023 5445 2081 5497 δὲ
2112 5446 2196 5509 τίς
2223 5445 2479 5516 ἐγέννησέ
2510 5464 2621 5516 μοι;
2654 5438 2801 5499 οῦτοι
2831 5446 2887 5498 δέ
2928 5464 3017 5517 μοι
3043 5446 3144 5499 ποῦ
3177 5442 3352 5517 ἦσαν;
3398 5466 3417 5497 s

650 5539 813 5594 Vens.
839 5541 893 5594 6.
926 5540 991 5593 In
1012 5542 1098 5596 die
1144 5541 1239 5595 illa
1283 5558 1474 5611 ponam
1528 5541 1763 5595 tribunos
1804 5540 1952 5594 Juda
1998 5541 2123 5594 sicut

2328 5541 2429 5594 Ἑν
2454 5539 2529 5608 τῇ
2563 5537 2750 5609 ἡμέρᾳ
2780 5539 2981 5610 ἐκείνῃ
3016 5539 3273 5609 θήσομαι
3300 5539 3447 5605 τοὺς
3479 5538 3813 5609 χιλιάρχους

652 5732 695 5761 ⁵ο
726 5728 865 5783 Psal.
900 5746 1020 5793 va,
1053 5734 1105 5787 8.
1220 5737 1263 5767 ⁸⁷
1298 5736 1492 5805 Ephcs.
1520 5738 1587 5802 vi,
1631 5738 1808 5791 11-18.
1917 5737 1961 5768 ⁸⁸
1992 5738 2113 5792 Act.

654 5800 693 5829 ⁵³
724 5797 826 5853 lsa.
862 5814 1002 5855 χιιι.
1032 5802 1119 5855 21.

2222 5752 2269 5800 ιι,
2305 5736 2390 5803 46,
2426 5736 2510 5791 Π.
2653 5738 2695 5769 δ’
2728 5736 2870 5792 Psal.
2902 5753 3116 5805 Lxxxvt,
3155 5738 3206 5792 5.
3320 5737 3367 5768 ⁸ο
3401 5738 3504 5793 lsa.
3543 5750 3647 5801 Liv,
3676 5733 3728 5799 2,
3766 5729 3809 5782 ὅν
