4098 6470
268 387 380 442 215

1105 380 1662 441 COMMENTARIUS
1703 383 1769 442 IN
1811 376 2224 438 ZACHARIAM
2262 375 2713 437 PROPHETAM.

3467 386 3575 443 214

281 503 484 561 Ἰούδα
512 503 596 570 ὡς
634 502 828 559 δαλὸν
863 504 1056 572 πυρὸς
1085 502 1157 558 ἐν
1197 505 1432 572 ξύλοις,
1466 507 1564 560 καὶ
1609 507 1689 575 ὡς
1722 509 1875 576 λαμ-

1988 511 2173 557 rorrem
2205 502 2340 572 ignis
2372 500 2429 554 in
2460 500 2643 570 lignis,
2698 507 2746 553 et
2791 498 2936 551 sicut
2973 497 3273 568 lampadem
3336 502 3472 573 ignis
3521 509 3577 560 in

270 594 436 652 πάδα
502 594 697 663 πυρὸς
759 593 830 648 ἐν
910 593 1190 664 καλάμῃ,
1284 596 1734 668 καταφάγονται
1809 598 1878 652 ἐκ

268 687 491 754 δεξιῶν
547 687 647 742 καὶ
696 686 766 752 ἐξ
819 687 1145 760 εὐωνύμων
1214 687 1448 755 πάντας
1502 689 1646 756 τοὺς
1687 689 1880 756 λαοὺς

270 780 598 836 κυκλόθεν.

341 876 416 941 ιζ.
460 873 798 944 Χιλιάρχους
820 873 922 945 μὲν
956 873 1146 941 Ἰούδα,
1179 874 1434 947 καθάπερ
1456 875 1557 948 ήδη
1593 877 1878 948 προεῖπον,

269 963 400 1029 τοὺς
437 964 631 1034 ἁγίους
669 965 1026 1031 ἀποστόλους,
1063 965 1097 1038 ἡ
1130 967 1224 1022 καὶ
1251 967 1499 1034 ἅπαντας
1531 969 1721 1036 ἁπλῶς
1753 971 1880 1036 τοὺς

268 1057 381 1114 τῶν
416 1058 593 1128 ἁγίων
642 1060 984 1132 Ἐκκλησιῶν
1023 1062 1367 1133 ἡγουμένους
1421 1063 1708 1119 ἀποκαλεῖ.
1741 1065 1882 1119 Κατ·

267 1151 674 1224 ευμεγεθήσειν
719 1169 778 1206 τε
828 1153 972 1208 οὕτω
1007 1155 1105 1225 τῆς
1148 1154 1259 1211 τῶν
1301 1155 1480 1214 ⁴ἐθνῶν
1531 1157 1760 1229 καρδίας
1789 1157 1882 1213 τὸν

269 1244 405 1314 παρ’
433 1243 620 1299 αὐτῶν
650 1243 755 1316 ἔφη
787 1245 966 1315 λόγον,
999 1247 1171 1317 ἤγουν
1217 1249 1316 1322 τὴν
1361 1253 1774 1323 μυσταγωγίαν,
1804 1253 1882 1318 ὡς

263 1334 450 1391 δοκεῖν
481 1336 642 1392 δαλὸν
676 1337 776 1409 μὲν
811 1336 992 1404 ξύλοις
1031 1340 1484 1410 ἐμπεπτωκέναι,
1509 1344 1775 1416 λαμπάδα
1815 1363 1880 1414 γε

269 1428 382 1498 μὴν
425 1429 512 1492 είς
555 1429 814 1502 καλάμην
861 1430 961 1506 τὴν
1005 1430 1482 1510 εὐκατάπρηστον.
1542 1456 1562 1489 ι
1614 1438 1880 1506 Καταφά-

267 1537 463 1589 γονται
492 1521 623 1593 γὰρ,
654 1522 812 1593 φησὶ,
845 1523 1069 1596 πάντας,
1089 1525 1217 1590 τοὺς
1249 1524 1412 1591 λαοὺς
1448 1529 1514 1580 ὲκ
1559 1528 1752 1594 δεξιῶν
1785 1529 1880 1584 καὶ

265 1612 327 1676 ἐξ
359 1611 666 1684 εὐωνύμων
717 1615 1006 1696 κυκλόθεν,
1043 1634 1061 1668 ι
1093 1616 1371 1674 τουτέστιν
1417 1611 1591 1692 οὗπερ
1621 1621 1687 1675 ἀν
1741 1621 1880 1677 ἰέναι

267 1702 596 1772 βούλωνται,
630 1703 814 1776 πάντη
856 1723 918 1760 τε
970 1706 1068 1760 καὶ
1118 1707 1337 1772 πάντως
1390 1711 1507 1762 ἐκεῖ
1534 1710 1875 1781 δυνήσονται,

264 1795 568 1860 καλοῦντες
599 1798 681 1863 εἰς
715 1798 994 1870 αἴσθησιν,
1028 1801 1144 1868 καὶ,
1175 1795 1287 1855 οἷον
1331 1803 1468 1875 πυρὶ
1499 1803 1578 1875 τῷ
1623 1803 1754 1877 θείῳ
1784 1804 1879 1860 καὶ

261 1887 472 1960 νοητῷ,
501 1890 954 1956 καταθάλποντες
998 1894 1126 1958 τοὺς
1155 1894 1602 1966 ἀπεψυγμένους.
1647 1899 1796 1969 Ἔφη
1826 1916 1879 1951 τι

263 1982 514 2038 τοιοῦτον
554 1985 585 2039 ὀ
632 1984 744 2042 τῶν
791 1985 930 2041 ὅλων
958 1985 1111 2053 Θεὸς,
1147 1989 1244 2044 καὶ
1293 1988 1431 2060 πρὸς
1463 1989 1556 2043 τὸν
1606 1991 1880 2062 μακάριον

157 2140 160 2144 ι
263 2077 565 2148 προφήτην
599 2076 871 2150 Ἰερεμίαν
893 2096 906 2111 ο
941 2097 960 2134 ι
1004 2081 1136 2136 Ἰδοὺ
1159 2080 1372 2137 δέδωκα
1401 2082 1530 2145 τοὺς
1559 2081 1752 2152 λόγους
1775 2100 1880 2153 μου

262 2171 344 2232 είς
365 2169 431 2222 τὸ
467 2169 649 2241 στόμα
679 2188 775 2226 σου
806 2171 939 2242 πῦρ,
974 2172 1070 2228 καὶ
1105 2173 1198 2228 τὸν
1223 2172 1351 2228 λαὸν
1376 2171 1568 2228 τοῦτον
1603 2173 1756 2242 ξύλα,
1788 2177 1883 2228 καὶ

262 2261 655 2330 καταφάγεται
702 2264 924 2328 αὐτοὺς,
961 2283 981 2318 ι
1019 2265 1142 2326 ἀντὶ
1177 2266 1297 2334 τοῦ,
1328 2265 1567 2323 Καλέσει
1610 2267 1748 2338 πρὸς
1796 2267 1883 2321 αἴ-

264 2352 493 2424 σθησιν,
549 2356 648 2410 καὶ
681 2357 1114 2430 ἀπεψυγμένους
1165 2361 1247 2426 είς
1293 2360 1596 2432 ἁμαρτίαν,
1639 2361 1881 2431 θερμοὺς

260 2447 328 2518 δὴ
378 2448 550 2504 πάλιν
591 2451 917 2506 ἀποτελέσει
953 2453 1034 2523 τῷ
1063 2453 1363 2526 πνεύματι.
1412 2453 1753 2524 Ἀπέψυκται
1783 2454 1882 2524 μὲν

261 2542 377 2614 γὰρ
421 2543 458 2614 ή
505 2543 618 2597 τῶν
664 2545 1040 2617 πλανωμένων
1073 2546 1294 2618 καρδία,
1345 2547 1441 2601 καὶ
1470 2547 1664 2617 νεκρὸν
1697 2546 1882 2616 ἔχουσι

260 2637 356 2690 τὸν
411 2635 562 2702 νοῦν,
619 2635 1062 2708 προσκυνοῦντες
1102 2641 1168 2711 τῇ
1221 2638 1396 2693 κτίσει
1451 2637 1606 2710 ποιρά
1643 2637 1737 2692 τὸν
1768 2637 1883 2692 κτί-

265 2745 440 2782 σαντα
489 2727 661 2795 Θεὸν,
712 2729 886 2794 λίθοις
939 2747 1000 2784 τε
1045 2731 1141 2786 καὶ
1196 2731 1376 2798 ξύλοις
1423 2731 1774 2795 ἀνατιθέντες
1821 2731 1883 2786 τὸ

263 2819 456 2884 σέϐας.
505 2819 647 2873 Ἀλλ’
675 2821 732 2873 οἴ
778 2839 842 2890 γε
874 2822 1073 2876 τοιοίδε
1099 2821 1338 2890 ζέοντες,
1380 2823 1456 2887 ὼς
1487 2823 1646 2894 ἔφην,
1683 2824 1875 2882 ἀποτε·

263 2911 494 2966 λοῦνται
522 2913 603 2984 τῷ
631 2914 932 2984 πνεύματι,
980 2914 1177 2985 θερμοὶ
1211 2915 1348 2986 πρὸς
1384 2915 1756 2986 δικαιοσύνην,
1788 2917 1883 2972 καὶ

265 3005 417 3060 καθά
456 3023 629 3078 φησιν
658 3007 686 3058 δ
715 3006 1004 3072 Θεσπέσιος
1043 3008 1321 3080 Ἰωάννης,
1353 3027 1373 3061 ι
1402 3007 1685 3079 Πνεῦματι
1716 3009 1878 3082 ἁγίῳ,

263 3099 362 3153 καὶ
402 3098 544 3170 πυρὶ
590 3097 670 3170 τῷ
719 3098 898 3170 νοητῷ
946 3099 1326 3170 βαπτίζονται,
1385 3119 1404 3152 ι
1457 3099 1711 3172 καθάπερ
1760 3101 1884 3160 τινὰ

1981 590 2198 658 stipula,
2230 600 2277 646 et
2305 589 2632 645 decorabant
2662 606 2693 643 a
2732 589 2933 643 dextris
2986 600 3034 643 et
3063 607 3094 644 α
3117 591 3347 646 sinistris
3401 580 3577 648 omnes

1981 683 2202 755 populos
2235 701 2328 754 per
2358 683 2664 741 circuitum.

2055 857 2168 914 XC.
2205 856 2482 914 Tribunos
2510 856 2674 927 .luda,
2707 866 2767 912 ut
2796 867 2924 914 ante
2959 859 3143 926 docui,
3186 870 3406 918 sanctos
3450 879 3581 931 apo-

1982 953 2174 1020 stolos,
2209 961 2300 1007 aut
2331 953 2502 1008 etiam
2529 966 2723 1007 omnes
2753 951 3081 1023 simpliciter
3124 962 3438 1009 sanctarum
3475 954 3578 1010 Ec-

1985 1045 2276 1104 clesiarum
2314 1045 2636 1117 praepositos
2665 1045 2930 1100 nominat.
2970 1045 3122 1102 Adeo
3146 1057 3331 1103 autem
3364 1063 3581 1105 sermo.-

1985 1152 2131 1204 nem,
2157 1138 2271 1195 sive
2291 1153 2507 1195 sacram
2538 1138 2845 1195 doctrinam
2881 1137 3123 1210 ipsorum
3172 1141 3447 1196 mentibus
3477 1141 3583 1195 im-

1984 1237 2294 1300 peraturam
2314 1228 2568 1298 affirmat,
2600 1240 2660 1285 ut
2681 1231 2844 1286 torris
2859 1231 2911 1286 in
2933 1230 3100 1302 ligna,
3117 1241 3207 1288 aut
3231 1231 3318 1287 fax
3336 1235 3390 1287 in
3410 1235 3583 1304 stipu-

1985 1323 2090 1378 lam
2127 1339 2249 1394 quze
2271 1323 2530 1380 facillime
2548 1325 2725 1396 ignem
2743 1324 3004 1396 concipit,
3026 1326 3281 1383 incidisse
3306 1329 3579 1387 videatur.

1990 1437 2009 1470 ι
2051 1416 2401 1474 Devorabunt
2417 1418 2587 1484 enim,
2609 1416 2806 1489 inquit,
2828 1433 3022 1474 omnes
3042 1419 3270 1490 populos
3295 1435 3324 1473 ιι
3348 1422 3580 1486 dextris,

1984 1518 2039 1564 et
2067 1525 2096 1565 a
2123 1510 2364 1566 sinistris
2396 1511 2449 1566 in
2481 1511 2741 1577 circuitu,
2781 1529 2799 1562 ι
2845 1511 2949 1567 hoc
2981 1520 3090 1577 est,
3133 1527 3458 1582 quocunque
3504 1515 3583 1569 ire

1985 1604 2277 1672 voluerint,
2330 1604 2438 1660 illic
2473 1605 2806 1660 omnimodis
2855 1605 3134 1672 valebunt,
3201 1615 3461 1661 vocantes
3516 1608 3583 1660 ad

1986 1696 2342 1767 agnitionem,
2373 1705 2428 1752 et
2454 1706 2716 1768 tanquam
2750 1697 2863 1768 igni
2896 1697 3083 1753 divino
3121 1708 3176 1754 et
3231 1697 3582 1752 intellectuali

1985 1789 2211 1861 frigidos
2244 1789 2652 1848 ealefacientes.
2696 1790 2843 1845 Dixit
2876 1791 3135 1861 quiddam
3171 1791 3441 1862 ejusmodi
3497 1800 3580 1846 to-

1913 1876 1955 1932 B
1986 1880 2094 1936 tius
2127 1890 2337 1939 naturae
2373 1883 2515 1939 Deus
2550 1883 2722 1939 etiam
2762 1885 2923 1939 beato
2951 1885 3234 1955 prophetae
3279 1885 3537 1942 Jeremia:
3568 1905 3581 1941 :

1991 1991 2008 2024 ι
2050 1973 2193 2030 Ecce
2215 1974 2340 2031 dedi
2372 1975 2536 2031 verba
2584 1991 2703 2031 mea
2729 1977 2783 2032 in
2819 1991 2880 2034 os
2913 1986 3063 2033 tuum
3100 1979 3301 2050 ignem,
3334 1988 3388 2036 et
3415 1995 3586 2050 popu-

1985 2063 2095 2122 lum
2123 2067 2284 2124 istum
2309 2067 2480 2139 ligna,
2509 2077 2564 2123 et
2585 2069 2872 2125 devorabit
2898 2085 2992 2126 eos
3020 2072 3084 2136 ⁸³,
3133 2090 3152 2122 ι
3193 2088 3311 2142 pro,
3365 2076 3584 2129 vocabit

1984 2158 2050 2210 ad
2079 2157 2445 2227 agnitionem,
2485 2167 2540 2214 et
2561 2157 2880 2231 frigefactos
2931 2161 2983 2216 in
3038 2174 3325 2233 peccatum
3384 2166 3584 2220 iterum

1984 2247 2178 2318 spiritu
2208 2248 2512 2306 calefaciet.
2550 2251 2714 2324 Alget
2756 2254 2903 2312 enim
2970 2255 3278 2310 errantium
3350 2272 3468 2321 cor,
3529 2269 3584 2313 et

1985 2350 2258 2404 mortuam
2292 2343 2497 2400 habent
2528 2354 2789 2410 mentem,
2835 2354 3146 2402 creaturam
3202 2349 3384 2416 potius
3416 2363 3580 2419 quam

1986 2446 2296 2492 creatorem
2369 2437 2538 2494 Deum
2605 2439 2904 2495 adorantes
2935 2439 3022 2505 ⁶³,
3085 2439 3473 2512 lapidibusque
3530 2453 3586 2496 et

1987 2529 2152 2602 tignis
2180 2530 2424 2587 divinum
2463 2532 2666 2588 cultmn
2700 2535 3024 2590 tribuentes.
3052 2532 3156 2590 Sed
3186 2535 3341 2600 tales,
3367 2544 3422 2591 ut
3451 2534 3584 2599 dixi,

1986 2624 2263 2682 ferventes
2289 2627 2486 2697 spiritu
2515 2626 2821 2684 efﬁciuntur
2842 2629 2911 2695 “,
2940 2629 3183 2686 calentes
3200 2631 3268 2684 ad
3291 2629 3582 2699 justitiam,

1985 2727 2063 2784 et,
2103 2727 2164 2773 ut
2189 2719 2368 2790 inquit
2393 2720 2612 2778 divinus
2640 2721 2903 2788 Joannes,
2957 2740 2978 2776 ι
3012 2723 3217 2793 Spiritu
3267 2733 3481 2790 sancto,
3534 2734 3589 2780 et

1986 2808 2112 2878 igne
2128 2809 2395 2878 spirituali
2420 2811 2838 2882 baptizantur",
2868 2832 2886 2865 ι
2916 2813 3082 2884 778
3099 2813 3190 2884 qui
3213 2828 3311 2869 ceu
3332 2813 3584 2884 quisqui-

1988 2904 2090 2962 lias
2116 2905 2382 2975 quasdam
2415 2908 2704 2965 animabus
2759 2909 2960 2966 nostris
3013 2911 3261 2966 insidens
3296 2919 3584 2981 peccatum

1985 3013 2336 3066 consumere,
2395 3008 2451 3054 et
2497 2999 2691 3056 sordes
2739 3001 3084 3057 carnalitatis
3129 3017 3366 3062 exurere
3424 3003 3582 3059 solet.

1989 3090 2205 3148 Dictum
2237 3100 2322 3148 est
2375 3092 2540 3165 igitur
2585 3104 2642 3148 et
2692 3095 2762 3150 ab
2792 3094 2931 3154 lsaia
2966 3109 2983 3150 :
3021 3111 3044 3148 ι
3078 3095 3256 3153 Habes
3314 3099 3587 3156 carbones

263 3187 544 3257 συρφετὸν
586 3188 837 3258 δαπανᾷν
881 3187 1119 3255 εἰωθότι,
1159 3188 1259 3259 τὴν
1291 3190 1412 3253 ταῖς
1452 3188 1748 3260 ἡμετέραις
1777 3190 1880 3261 ψυ-

1989 3182 2152 3256 ignis,
2187 3185 2321 3241 sede
2345 3200 2513 3256 super
2527 3200 2642 3252 eos,
2671 3187 2724 3241 hi
2744 3196 2906 3242 erunt
2929 3187 3023 3242 tibi
3049 3187 3101 3242 in
3128 3186 3465 3259 adiutorium
3482 3192 3582 3245 ⁸⁸.»

264 3281 391 3348 χαῖς
416 3278 756 3350 ὲνιζήσασαν
798 3280 1096 3352 ἁμαρτίαν,
1126 3281 1371 3347 καὶτοὺς
1389 3281 1494 3356 τῆς
1524 3285 1884 3357 φιλοσαρκίας

262 3372 569 3443 ὲκτήκοντι
625 3372 858 3442 ῥύπους.
917 3373 1152 3444 Εἴρηται
1205 3372 1338 3443 γοῦν
1400 3377 1494 3429 καὶ
1545 3376 1634 3434 διὰ
1695 3378 1884 3456 φωνῆς

277 3465 543 3523 Ἦσαῖου·
589 3467 809 3537 «Ἔχεις
833 3465 1117 3538 ἄνθρακας
1155 3467 1348 3539 πυρὸς,
1383 3469 1622 3541 κάθησαι
1651 3471 1740 3526 ἐπ’
1769 3472 1871 3528 αύ-
1901 3524 1922 3540 ,

262 3557 436 3624 τοὺς,
499 3551 648 3614 οὗτοι
698 3557 916 3612 ἔσονταί
978 3575 1063 3612 σοι
1125 3559 1334 3630 βοηθοί.
1393 3579 1412 3614 ι
1469 3563 1582 3620 Καὶ
1633 3563 1742 3634 μὴν
1790 3563 1884 3620 καὶ

213 3715 221 3722 _
264 3650 438 3712 αὐτὸς
454 3647 588 3720 περὶ
605 3649 802 3703 ἑαυτοῦ
843 3667 978 3721 φησι
997 3669 1012 3684 ο
1053 3670 1071 3703 ι
1113 3652 1223 3704 Καὶ
1252 3652 1536 3724 ἀπεστάλη
1563 3655 1700 3725 πρός
1728 3672 1796 3726 με
1827 3655 1885 3712 ἒν

263 3743 380 3796 τῶν
419 3743 702 3814 Σεραφὶμ,
743 3743 839 3798 καί¹
865 3745 923 3798 ὲν
946 3746 1014 3816 τῇ
1051 3744 1194 3816 χειρὶ
1227 3741 1372 3818 εἶχεν
1401 3747 1652 3818 ἄνθρακα
1687 3749 1882 3822 πυρὸς,

264 3834 331 3887 ὃν
353 3838 422 3906 τῇ
452 3834 632 3888 λαϐίδι
662 3834 856 3889 ἔλαϐεν
883 3835 994 3889 ἀπὸ
1017 3834 1114 3893 τοῦ
1150 3835 1564 3911 θυσιαστηρίου,
1590 3841 1685 3894 καὶ
1708 3841 1887 3912 ἥψατο

263 3927 367 3981 τοῦ
400 3927 678 3998 στόματός
709 3945 835 3998 μου,
871 3928 967 3982 mi.
999 3924 1154 3984 εἶπεν
1173 3943 1186 3957 '
1233 3929 1367 3986 Ἰδοὺ
1394 3930 1553 3986 τοῦτο
1575 3931 1756 4002 ἥψατο
1775 3933 1885 3990 τῶν

267 4019 506 4091 χειλέων
555 4035 676 4087 σου,
712 4021 812 4076 καὶ
857 4020 1058 4089 ἀφελεῖ·
1083 4019 1185 4086 τὰς
1235 4022 1468 4093 ἀνομίας
1507 4041 1622 4090 σου,
1653 4026 1748 4080 καὶ
1783 4026 1885 4091 τὰς

266 4109 562 4181 ἁμαρτίας
597 4127 694 4164 σου
729 4111 866 4180 πυρὶ
898 4110 1172 4184 καθαριεῖ,
1246 4129 1269 4166 ι
1303 4113 1558 4185 ἀνθρακά
1590 4133 1716 4184 που,
1744 4117 1888 4174 κατά

267 4221 336 4272 γε
367 4203 434 4256 τὸ
467 4203 642 4267 εἰκὸς,
686 4203 780 4258 τὸν
815 4202 961 4258 θεῖόν
997 4220 1060 4258 τε
1095 4203 1192 4259 καὶ
1228 4204 1544 4276 ἱερώτατον,
1577 4208 1673 4262 καὶ
1705 4209 1886 4280 ἁμαρ-

263 4298 396 4362 τίας
425 4296 740 4368 ἐκτήκοντα
784 4296 1025 4367 Χριστὸν
1054 4293 1224 4358 εἶναι,
1247 4297 1443 4366 λέγων.
1477 4297 1688 4354 Οὐκοῦν
1727 4300 1888 4370 γεγό-

266 4406 400 4443 νασι
452 4388 556 4458 μὲν
596 4387 674 4452 ὡς
703 4388 864 4453 δαλὸς
898 4390 1073 4462 πυρὸς
1109 4392 1190 4456 εἰς
1235 4391 1492 4462 καλάμην
1529 4394 1579 4446 οἱ
1607 4391 1886 4449 θεσπέσιοι

270 4483 548 4554 μαθηταὶ,
577 4483 678 4539 καὶ
701 4482 1015 4553 κατέφαγον
1039 4485 1141 4557 μὲν
1169 4483 1238 4539 τά
1267 4484 1398 4556 ἔθνη
1431 4486 1714 4542 κυκλόθεν.
1740 4487 1888 4560 Πλὴν

1988 3277 2130 3346 Quin
2158 3278 2302 3334 idem
2331 3279 2398 3334 de
2427 3293 2487 3335 se
2518 3279 2638 3350 ipso
2665 3298 2678 3334 :
2718 3298 2736 3332 ι
2772 3279 2840 3335 Ει
2870 3280 3072 3336 missus
3101 3292 3187 3338 est
3212 3283 3280 3339 ad
3327 3300 3414 3340 me
3449 3299 3590 3340 unus

1987 3372 2054 3428 de
2085 3371 2402 3442 Seraphim,
2435 3381 2491 3428 et
2517 3372 2572 3428 in
2605 3387 2769 3427 manu
2803 3372 3044 3429 habebat
3077 3373 3373 3431 carbonem
3419 3377 3586 3448 ignis,

1987 3477 2151 3534 quem
2179 3462 2389 3535 forcipe
2421 3465 2543 3520 tulit
2579 3465 2646 3522 de
2673 3465 2856 3531 altari,
2893 3474 2948 3522 et
2981 3466 3161 3538 tetigit
3190 3482 3254 3522 os
3285 3483 3489 3534 meum,
3532 3479 3589 3524 et

1988 3555 2128 3616 dixit
2165 3572 2178 3616 :
2211 3555 2353 3616 Ecce
2395 3557 2574 3628 tetigit
2597 3558 2704 3614 hoc
2745 3558 2889 3614 labia
2920 3567 3035 3626 tua,
3067 3557 3359 3615 etauferet
3385 3559 3588 3630 iniqui—

1992 3659 2137 3712 tates
2167 3655 2310 3717 tuas,
2338 3659 2395 3706 et
2424 3660 2652 3722 peccata
2700 3659 2790 3706 tua
2821 3651 2930 3721 igni
2988 3650 3272 3710 mundabit
3303 3653 3370 3716 ⁸⁷,
3413 3672 3430 3705 ι
3461 3667 3586 3708 car-

1989 3741 2208 3812 bouem,
2235 3753 2298 3800 ut
2317 3743 2617 3801 verisimile
2640 3751 2745 3809 est,
2763 3744 3033 3809 divinum,
3050 3753 3106 3800 et
3125 3743 3588 3810 sacratissimum,

1989 3844 2048 3890 et
2081 3845 2306 3906 peccata
2360 3845 2775 3896 consumenlem
2820 3836 2998 3908 ignem
3033 3835 3318 3894 Christum
3354 3850 3478 3891 esse
3507 3835 3591 3891 di-

1988 3939 2142 3982 cens.
2177 3927 2548 3994 Quamobrem
2574 3926 2742 3984 divini
2775 3927 3032 3996 discipuli
3065 3936 3124 3984 ut
3161 3928 3325 3984 torris
3361 3929 3504 3999 ignis
3536 3929 3591 3986 in

1989 4018 2190 4088 stipula
2221 4019 2464 4084 fuerunt,
2493 4030 2549 4076 et
2577 4028 2766 4092 gentes
2799 4022 3018 4091 quidem
3054 4022 3107 4078 in
3135 4022 3370 4078 circuitu
3407 4024 3576 4078 devo-

1991 4119 2214 4177 rarunt;
2247 4120 2625 4168 verumtamen
2662 4127 2772 4172 non
2813 4116 3033 4182 penitus
3068 4113 3447 4182 perdiderunt,
3488 4114 3584 4169 sed

1991 4204 2175 4273 petius
2198 4203 2348 4260 falsae
2384 4204 2436 4260 in
2469 4205 2606 4275 ipsis
2648 4206 2898 4264 scientiae
2930 4207 3260 4264 detestanda
3291 4215 3346 4264 et
3376 4191 3616 4278 impura‘

1991 4300 2246 4369 dogmata
2303 4299 2684 4364 incenderunt,
2735 4299 3046 4370 veterisque
3098 4299 3331 4355 fallaciae
3397 4300 3590 4355 sordes

1991 4391 2436 4463 absumpserunt,
2461 4402 2518 4448 et
2543 4392 2760 4448 animos
2793 4407 2987 4448 eorum
3039 4392 3134 4463 qui
3191 4392 3361 4448 semel
3414 4392 3593 4448 credi-

1993 4486 2208 4552 derant,
2230 4486 2296 4542 ad
2325 4486 2694 4556 insipientiam
2711 4493 2767 4542 et
2793 4483 3158 4542 temeritatem
3189 4483 3448 4555 frigelieri
3475 4499 3594 4541 am-

269 4577 335 4630 οὐ
370 4575 734 4640 δαπανῶντες
779 4577 861 4640 είς
890 4575 1113 4648 ὄλεθρον
1133 4618 1148 4643 ,
1184 4578 1625 4648 καταφλέγοντες
1657 4580 1715 4635 δὲ
1749 4582 1888 4652 μᾶλ-

1995 4580 2137 4651 plius
2161 4579 2311 4650 passi
2339 4594 2447 4637 non
2499 4587 2648 4644 sunt,
2705 4588 2766 4634 ut
2821 4577 2880 4634 in
2916 4591 2976 4636 se
3023 4577 3159 4648 ipsis
3225 4576 3594 4643 exsultantes,

268 4671 366 4728 λον
389 4669 494 4741 τῆς
525 4669 582 4722 ἐν
618 4669 804 4734 αὐτοῖς
850 4668 1205 4742 ψευδωνύμου
1234 4669 1490 4741 γνώσεως
1523 4672 1591 4726 τὰ
1622 4674 1799 4743 μιαρά
1827 4692 1887 4732 τε

270 4762 372 4815 καὶ
414 4761 628 4833 βέϐηλα
672 4761 947 4833 δόγματα,
992 4763 1090 4816 καὶ
1115 4764 1216 4835 τῆς
1256 4763 1493 4836 ἀρχαίας
1538 4765 1758 4837 ἀπάτης
1793 4767 1887 4824 τὸν

270 4856 454 4925 ῥύπον
512 4857 866 4927 ἑκτὴκοντες,
899 4854 1282 4927 ἀποψύχεσθαί
1315 4874 1376 4910 τε
1407 4857 1510 4912 οὐκ
1559 4857 1757 4923 ἐῶντες
1802 4860 1885 4914 ἔτι

279 4949 384 5002 τῶν
417 4947 575 5015 ἅπαξ
619 4949 1072 5004 πεπιστευκότων
1122 4951 1214 5003 τὸν
1261 4948 1386 5006 νοῦν
1435 4951 1573 5023 πρὸς
1621 4953 1886 5024 ἀνοήτους

272 5041 705 5107 εἰκαιοϐουλίας,
736 5042 813 5106 ὼς
830 5041 922 5096 ἐπί
961 5042 1027 5112 γέ
1077 5059 1259 5112 σφισιν
1291 5043 1479 5106 αὐτοῖς
1509 5043 1886 5116 ἀνασκιρτῶν-

281 5156 376 5202 τας
402 5137 592 5206 λέγειν
619 5136 761 5209 πρὶς
781 5136 876 5190 τὸν
896 5135 1006 5190 τῶν
1026 5135 1164 5190 ὅλων
1190 5137 1422 5208 Σωτῆρα
1450 5137 1716 5207 Χριστόν·
1742 5158 1760 5192 ι
1787 5139 1889 5192 Πε-

275 5230 617 5303 πυρωμένον
647 5229 709 5283 τὸ
751 5229 935 5298 λόγιόν
973 5246 1069 5283 σου
1121 5228 1348 5300 σφόδρα,
1385 5228 1479 5282 καὶ
1511 5231 1540 5283 ὁ
1571 5229 1760 5294 δοῦλός
1793 5248 1887 5284 σου

280 5325 574 5398 ἠγάπησεν
607 5323 762 5377 αύτό.
806 5341 825 5376 ι
862 5322 987 5376 Ὀτι
1030 5322 1142 5394 γάρ
1175 5323 1294 5377 ἔστι
1328 5321 1553 5395 θερμὸς,
1589 5323 1684 5378 καὶ
1703 5323 1888 5396 τομώ-

278 5437 444 5484 τατος
472 5421 503 5473 ὁ
532 5416 629 5471 τοῦ
658 5415 795 5471 Θεοῦ
825 5417 1005 5486 λόγος,
1046 5415 1216 5487 σαφὲς
1257 5415 1324 5471 ἂν
1352 5416 1584 5485 γένοιτο,
1616 5417 1756 5489 πρὸς
1795 5418 1892 5472 Ἰε-

281 5513 487 5586 ρεμίαν
519 5510 775 5580 λέγοντος
800 5510 968 5567 αὐτοῦ
987 5527 999 5540 ο
1035 5529 1054 5562 ι
1096 5513 1159 5565 Οἱ
1189 5510 1338 5578 λόγοι
1378 5527 1480 5582 μου
1507 5509 1584 5574 ὡς
1617 5510 1730 5581 πῦρ
1760 5510 1890 5580 φλέ-

281 5623 403 5675 γον,
427 5607 581 5676 λέγει
611 5605 842 5676 Κύριος,
887 5606 982 5660 καὶ
1015 5605 1092 5669 ὡς
1127 5605 1297 5670 πέλυξ
1326 5605 1546 5658 κόπτων
1579 5604 1808 5675 πέτραν.
1866 5623 1885 5656 ι

356 5810 403 5840 ⁸³
437 5808 643 5862 Jerem.
676 5824 714 5870 ι,
745 5807 798 5862 9.
881 5808 925 5838 ⁶³
964 5806 1120 5861 Rom.
1159 5825 1194 5874 ι,
1226 5808 1317 5862 ‘25.
1397 5807 1443 5839 ⁸³
1487 5807 1642 5860 Rom.
1682 5821 1782 5867 xu,
1823 5809 1903 5862 ll.

287 5879 340 5940 6.
381 5881 435 5932 7.
520 5880 564 5906 ⁸⁸
609 5878 748 5934 Psal.
781 5893 972 5940 cxvttt.
1006 5879 1126 5932 ΗΟ.
1204 5879 1248 5911 ⁶⁹
1284 5879 1485 5935 Jcrem.
1526 5893 1682 5939 xum,
1717 5877 1808 5933 2‘).

1995 4673 2377 4730 universorum
2405 4673 2676 4729 Salvatori
2709 4671 2931 4729 Christo
2975 4669 3263 4726 dicerent:
3303 4689 3323 4724 ι
3361 4668 3593 4740 Ignitum

1992 4763 2270 4835 eloquium
2306 4773 2460 4820 tuum
2496 4765 2874 4836 vehementer,
2900 4768 2957 4819 et
3000 4775 3194 4818 servus
3241 4770 3367 4816 tuus
3398 4759 3594 4814 dilexit

1994 4855 2128 4912 illud
2169 4856 2237 4913 ⁸⁸.
2277 4876 2298 4912 ι
2339 4858 2473 4914 Esse
2515 4858 2662 4915 enim
2715 4857 2985 4913 fervidum
3057 4863 3112 4911 et
3163 4853 3233 4909 ad
3285 4853 3587 4910 secandum

1996 4948 2376 5005 acutissimum
2405 4949 2501 5004 Dei
2533 4949 2783 5017 verbum,
2829 4948 3050 5020 planum
3100 4946 3161 5002 tit
3200 4960 3271 5002 ex
3327 4960 3394 5002 eo
3446 4945 3594 5017 quod

1996 5042 2252 5098 Jeremia:
2283 5042 2415 5098 dicit
2449 5060 2463 5096 ι
2500 5061 2520 5095 ι
2556 5041 2733 5098 Verba
2754 5054 2876 5096 mea
2908 5041 3050 5096 sicut
3073 5038 3214 5111 ignis
3243 5037 3593 5103 comburens,

1996 5145 2054 5190 et
2077 5135 2222 5192 sicut
2252 5136 2465 5193 securis
2487 5135 2738 5191 incidens
2759 5143 2972 5206 petram
3009 5134 3074 5190 θ’.
3109 5152 3128 5185 ι
3161 5133 3260 5190 Est
3289 5131 3437 5188 enim
3469 5145 3593 5199 per-

1997 5245 2164 5300 quam
2202 5231 2432 5287 idoneus
2459 5230 2555 5286 Dei
2589 5245 2774 5287 sermo
2818 5238 2880 5286 ut
2926 5227 3102 5300 possit
3146 5235 3202 5282 et
3257 5225 3402 5295 quod
3429 5222 3602 5293 frige-

1999 5324 2204 5378 factum
2227 5333 2312 5380 est
2343 5323 2395 5378 in
2419 5333 2643 5394 peccato
2675 5323 3061 5388 reaccendere,
3097 5326 3152 5374 et
3189 5331 3310 5386 quae
3331 5313 3480 5370 velut
3507 5314 3597 5367 in-

2002 5411 2303 5467 duruerunt
2335 5420 2389 5468 et
2423 5420 2702 5468 eoarctata
2741 5420 2870 5468 sunt
2911 5426 3016 5466 non
3041 5406 3261 5464 diliicile
3286 5402 3590 5473 explicare.

2003 5505 2095 5560 Est
2126 5521 2362 5576 namque
2391 5524 2410 5559 ι
2437 5506 2592 5562 vivus
2615 5515 2670 5561 et
2694 5504 2904 5572 efﬁcax,
2937 5512 2990 5559 et
3025 5496 3416 5572 penetrabilior
3441 5495 3595 5552 onmi

1999 5601 2179 5672 gladio
2230 5600 2478 5671 ancipiti,
2533 5599 2856 5669 perveniens
2913 5608 3087 5664 usque
3141 5592 3209 5647 ad
3267 5589 3594 5648 divisionem

2023 5811 2064 5840 "
2099 5806 2287 5862 Matth.
2322 5820 2408 5870 nl,
2436 5803 2520 5857 ll.
2617 5799 2659 5830 ιίθ
2693 5795 2824 5865 Ιιιιο,
2854 5795 3055 5853 Ezech.
3087 5812 3139 5864 ιι,
3168 5793 3221 5848 2.
3302 5793 3344 5823 ⁸⁷
3376 5791 3482 5846 lsa.
3516 5804 3597 5857 \'l,_
