4098 6480
560 403 669 460 215
1551 401 1607 457 S.
1648 399 1916 458 CYRILLI
1954 403 2422 463 ALEXANDRINI
2467 405 2792 463 ARCHIEP.
3696 406 3806 464 216

564 519 760 574 anima:
789 527 843 572 et
871 519 1119 587 spiritus,
1152 517 1504 573 medullarum
1537 532 1774 588 quoque,
1820 529 1875 576 et
1902 536 2123 592 compa-

2231 524 2383 595 Ἔχει
2428 524 2557 596 γάρ,
2592 526 2688 580 καὶ
2734 525 2880 596 μάλα
2910 523 3250 595 ἐπιτηδείως,
3272 525 3300 576 ό
3343 521 3435 577 τοῦ
3469 521 3605 576 Θεοῦ
3647 523 3802 590 λόγος

564 625 711 678 gum,
736 621 790 665 et
823 610 1092 666 discretor
1123 611 1502 681 cogitationum
1532 618 1584 665 et
1617 611 1975 668 intentionum
2005 629 2125 670 cor-

2231 613 2306 677 είς
2346 631 2410 683 γε
2467 617 2530 669 τὸ
2583 615 2844 670 δύνασθαι
2867 615 2960 669 καὶ
2982 613 3364 685 ἀπεψυγμένον
3394 616 3452 668 ὲν
3485 613 3801 684 ἁμαρτίαις,

565 700 650 756 dis
678 701 744 754 '°.
787 721 806 754 ι
846 701 1055 756 Dictum
1074 711 1156 756 est
1187 702 1313 755 item
1339 715 1470 756 voce
1498 703 1884 772 prophetarum
1940 705 2123 760 immi-

2231 705 2656 779 ἀναζωπυρῆσαι
2676 725 2690 740 ο
2739 708 2833 761 καὶ
2879 706 3040 760 οίονεί
3083 723 3201 768 πως
3253 705 3660 775 ἀπεσκληκότα,
3713 705 3802 757 καὶ

567 789 710 843 tibus
740 799 795 844 et
847 789 1254 844 contumacibus
1281 788 1529 844 ludatis:
1589 809 1607 842 ι
1656 790 2125 848 Circumcidimini

2231 798 2600 868 πεπιλημένον
2627 798 2910 865 διαπτύξαι
2945 797 3165 869 ῥαδίως.
3203 798 3314 850 Καὶ
3336 797 3444 866 γάρ
3487 798 3602 848 ἐστι
3635 812 3654 845 ι
3695 794 3801 858 ζῶν

563 878 674 934 Deo
704 889 903 946 vestro,
936 881 1034 934 viri
1062 880 1198 934 Juda
1221 880 1287 935 ⁷⁸.
1321 897 1342 932 ι

2233 901 2292 937 τε
2313 886 2409 938 καὶ
2433 888 2678 958 ἐνεργὴς,
2706 888 2801 942 καὶ
2825 885 3138 957 τομώτατος
3157 885 3298 955 ὑπὲρ
3321 886 3500 938 πᾶσαν
3529 883 3801 952 μάχαιραν

561 970 830 1041 δίστομον,
859 970 1224 1040 διικνούμενός
1252 986 1311 1021 τε
1342 969 1504 1039 μέχρι
1539 969 1806 1042 μερισμοῦ
1867 970 2044 1040 ψυχῆς
2100 970 2194 1024 καί
2233 973 2502 1044 σώματος,
2540 977 2735 1046 ἁρμῶν
2762 994 2820 1030 τε
2849 976 2945 1030 καὶ
2975 975 3207 1047 μυελῶν,
3241 974 3336 1026 καὶ
3364 972 3609 1041 κριτικὸς
3645 972 3803 1025 ἐνθυ-

564 1065 815 1135 μήσεων,
874 1066 966 1118 καὶ
1030 1063 1247 1118 ἐννοιῶν
1311 1065 1556 1134 καρδίας.
1603 1083 1621 1116 ι
1678 1063 1906 1135 Εἴρηται
1952 1064 2010 1116 δέ
2057 1079 2160 1116 που
2213 1067 2306 1120 καὶ
2364 1068 2450 1123 διὰ
2506 1071 2692 1140 φωνῆς
2742 1069 3037 1142 προφητῶν
3110 1068 3246 1140 πρὸς
3303 1066 3397 1121 τὸν
3449 1066 3634 1138 ἀπηνῆ
3704 1067 3800 1120 καὶ

559 1159 817 1222 ἄτεγκτον
859 1155 1138 1209 Ἰουδαῖον’
1199 1174 1217 1207 ι
1277 1155 1598 1226 Τετμήθητε
1648 1153 1726 1224 τῷ
1773 1154 1890 1225 Θεῷ
1947 1154 2118 1225 ὑμῶν,
2159 1155 2350 1228 ἄνδρες
2400 1160 2589 1216 Ἰούδα.
2631 1180 2649 1213 ι

631 1242 775 1298 Vens
814 1245 866 1301 7.
906 1245 974 1298 Et
1003 1246 1255 1299 habitabit
1298 1244 1594 1300 Jerusalem
1635 1246 1806 1298 adhuc
1845 1247 1900 1300 in
1944 1254 2125 1300 semeta

2298 1251 2406 1305 Kal
2440 1252 2783 1320 κατοικήσει
2837 1249 3224 1321 Ἰερουσαλὴμ
3260 1249 3348 1304 ἔτι
3385 1249 3527 1304 καθ’·
3553 1249 3800 1318 ἑαυτὴν,

559 1338 745 1402 ipsum,
791 1346 838 1391 et
869 1337 1087 1392 saluabit
1114 1329 1372 1402 Dominus
1413 1336 1755 1391 tabernacula
1801 1337 1946 1392 Iuda
1983 1339 2125 1392 sicut

2231 1343 2327 1396 καὶ
2360 1342 2545 1397 σώσει
2577 1345 2794 1413 Κύριος
2837 1343 2910 1398 τὰ
2952 1342 3315 1412 σκηνώματα
3360 1340 3573 1406 Ἰούδα,
3606 1340 3810 1406 καθὼς-

559 1446 590 1480 α
619 1428 896 1496 principio,
922 1437 1106 1483 utnon
1143 1428 1514 1497 magniﬁcum
1555 1428 1802 1498 gloriatio
1850 1427 2043 1494 David,
2078 1435 2125 1481 et

2231 1433 2330 1487 ἀπ’
2358 1432 2567 1504 ἀρχῆς,
2599 1435 2758 1500 ὅπως
2776 1433 2862 1503 μὴ
2883 1435 3289 1504 μεγαλύνηται
3322 1432 3600 1500 καύχημα
3630 1431 3814 1486 οἰκουο

561 1519 809 1573 elationes
830 1519 1180 1574 habitantium
1214 1519 1512 1575 Jerusalem
1531 1535 1687 1590 super
1707 1519 1927 1574 ludam.

622 1692 752 1747 XCI.
781 1691 898 1749 Non
918 1708 1132 1763 semper
1151 1693 1445 1749 Ecclesiant
1468 1693 1781 1748 tumultibus
1799 1693 2125 1761 exagitatum

560 1787 755 1850 iri;ncc
769 1786 886 1840 sine
917 1785 1430 1856 ti‘nepersecutioues
1453 1799 1732 1855 passuram
1748 1785 2076 1840 vaticinatur
2110 1804 2123 1839 :

561 1878 654 1934 sed
686 1880 989 1946 quieturam
1021 1877 1329 1953 aliquando,
1362 1885 1416 1932 et
1441 1877 1806 1932 habitaturam
1841 1879 1893 1932 in
1920 1886 2127 1933 semet-

2231 1526 2427 1592 Δαϐἰδ,
2462 1527 2558 1581 καί
2587 1527 2868 1596 ἐπάρσεις
2896 1527 3014 1582 τῶν
3034 1525 3468 1581 κατοικούντων
3509 1525 3812 1592 Ἰερουσα-

2230 1619 2354 1688 λὴμ
2385 1618 2482 1673 ἐπί
2509 1619 2618 1673 τόν
2655 1619 2868 1674 ⁹ιούδα.

2269 1712 2385 1778 ιιΑν.
2426 1711 2539 1764 Οὐκ
2570 1709 2656 1765 ἀεὶ
2674 1710 2772 1780 τὴν
2821 1709 3148 1779 Ἐκκλησίαν
3183 1709 3240 1761 ὲν
3268 1706 3520 1778 θορύϐοις
3543 1705 3816 1776 γενέσθαι

2234 1801 2420 1871 φησὶν,
2449 1800 2572 1854 οὒτε
2600 1799 2708 1872 μὴν
2744 1799 3131 1870 ἀτελευτήτους
3179 1798 3467 1868 ὑπομεῖναι
3509 1795 3637 1860 τοὺς
3677 1795 3808 1849 διω-

2232 1893 2405 1963 γμούς
2423 1907 2438 1924 ο
2473 1891 2589 1945 ἀλλ’
2617 1891 2916 1963 ἠρεμήσειν
2946 1906 3006 1942 τε
3047 1889 3193 1943 κατὰ
3219 1888 3462 1959 καιροὺς,
3496 1887 3588 1940 καὶ
3613 1903 3808 1939 κατοι⁹

559 1971 696 2039 ipsa,
739 1985 832 2025 seu
865 1973 916 2024 in
947 1970 1062 2026 loco
1094 1985 1213 2034 suo,
1245 1970 1350 2025 hoc
1375 1977 1475 2033 est,
1517 1968 1845 2035 seiunctam,
1875 1969 2042 2040 779
2071 1978 2125 2024 et

2231 1983 2417 2052 κήσειν
2463 1979 2585 2035 καθ’
2630 1979 2848 2052 ἑαυτὴν,
2897 1979 3142 2032 τουτέστι
3196 1976 3528 2048 καταμόνας,
3577 1976 3677 2029 οὐκ
3719 1976 3809 2028 ἔνο

558 2060 1026 2126 solam,turbante
1081 2059 1314 2127 nemine,
1365 2075 1471 2114 non
1526 2060 1926 2116 tribulationem
1978 2060 2126 2115 exci-

556 2161 726 2217 tante,
773 2166 882 2207 non
920 2160 1182 2208 terrorem
1231 2151 1577 2217 immittente,
1617 2167 1720 2206 non
1765 2152 2125 2206 tentationum

556 2259 823 2300 maerores
866 2243 1242 2300 accumulante
1268 2261 1282 2299 :
1311 2261 1330 2297 ι
1373 2243 1614 2300 Salvabit
1665 2243 1808 2298 enim
1863 2243 2125 2300 Dominus

2226 2070 2504 2142 οχλοῠντός
2530 2087 2673 2134 τινος
2690 2108 2705 2134 ,
2731 2069 2790 2122 ού
2817 2068 2992 2139 θλίψιν
3045 2067 3358 2136 ἐπάγοντος,
3415 2065 3516 2120 οὐκ
3569 2063 3810 2128 ἑνιέγτος

2225 2164 2404 2236 δεῖμα,
2421 2162 2480 2216 οὑ
2514 2163 2613 2227 τάς
2641 2161 2749 2215 τῶν
2767 2159 3088 2232 πειρασμῶν
3112 2155 3413 2229 δυσθυμίας
3441 2153 3820 2226 ὲπισωρεύον--

2226 2272 2346 2322 τος·
2386 2274 2405 2308 ι
2441 2255 2611 2309 Σώσει
2638 2253 2746 2324 γὰρ
2777 2252 2982 2322 Κύριος
3004 2251 3074 2305 τά
3105 2248 3440 2320 σκηνώματα
3477 2247 3668 2312 Ἰούδα,
3705 2263 3809 2300 κα-

560 2337 906 2392 tabcrnacula
955 2335 1120 2404 Juda,
1180 2337 1321 2392 sicut
1374 2351 1404 2391 a
1457 2336 1747 2407 principio.
1802 2354 1821 2388 ι
1852 2335 2126 2392 Ecclesias

558 2446 708 2496 suas,
738 2432 850 2485 sive
887 2429 1226 2485 tabernacula
1279 2443 1378 2485 sua
1420 2431 1492 2485 ita
1546 2437 1812 2500 proteget,
1867 2437 1928 2485 ut
1972 2441 2127 2499 teque

560 2537 808 2591 magnam
833 2522 1063 2593 gratiam
1097 2521 1151 2577 in
1183 2536 1275 2578 eas
1305 2521 1564 2586 conferat,
1591 2535 1752 2592 quam
1789 2521 1842 2576 iu
1868 2519 2124 2576 lsraelem

556 2611 806 2679 contulit,
835 2627 994 2682 quem
1024 2628 1089 2667 ex
1120 2611 1354 2683 Egypto
1399 2611 1672 2668 liberavit.
1721 2611 1923 2666 Eduxit
1979 2611 2123 2667 enim

557 2703 707 2757 illum
745 2722 763 2755 ι
791 2704 996 2759 edomo
1022 2703 1318 2768 servitutis,
1341 2712 1396 2759 et
1416 2717 1446 2758 e
1473 2701 1696 2758 fornace
1717 2701 1953 2769 ferrea,»
1985 2703 2128 2758 sicut

555 2798 814 2864 scriptum
844 2805 930 2851 est
965 2795 1068 2860 η’,
1107 2804 1160 2850 οι
1193 2808 1224 2850 e
1284 2795 1564 2850 dominatu
1614 2793 1942 2850 intolerabili
2001 2795 2126 2849 uni-

555 2901 834 2943 versorum
863 2887 1026 2952 Deus,
1071 2905 1089 2940 ι
1112 2887 1165 2942 in
1192 2902 1352 2943 manu
1371 2886 1494 2942 forti
1520 2896 1574 2942 et
1613 2886 1668 2942 in
1702 2885 1924 2942 brachio
1946 2885 2128 2942 excel-

2229 2347 2336 2412 Θὼς
2383 2346 2477 2402 ἀπ’
2520 2345 2716 2417 ἀρχῆς.
2765 2361 2784 2396 ι
2841 2342 3294 2412 ’Υπερασπιεῖται
3339 2335 3622 2392 οὖτωτῶν
3659 2335 3809 2390 ἰδίων

2240 2439 2591 2511 Ἐκκλησιῶν,
2619 2438 2737 2508 ἦτοι
2770 2435 2876 2490 τῶν
2922 2432 3116 2488 ἑαυτοῦ
3144 2430 3541 2503 σκηνωμάτων,
3579 2428 3654 2492 ὡς
3683 2427 3810 2498 ίσην

2227 2530 2408 2592 αὐτοῖς
2451 2527 2743 2596 ἀπονέμειν
2791 2525 3047 2596 φροντίδα
3108 2525 3175 2595 τῇ
3232 2523 3400 2577 πάλαι
3452 2519 3808 2590 δεδωρημένῃ

2226 2620 2572 2692 λυτρουμένῳ
2606 2618 2666 2684 ἐξ
2695 2618 2972 2686 Αἰγύπτου
3001 2615 3080 2687 τῷ
3121 2615 3358 2687 Ἰσραήλ.
3404 2612 3671 2683 Ἐξήγαγε
3691 2611 3823 2681 γὰρ

2225 2712 2318 2766 τὸν
2355 2710 2570 2782 Ἰσραὴλ
2602 2728 2620 2762 ι
2656 2709 2714 2776 ἐξ
2743 2707 2894 2761 οἴκου
2924 2706 3186 2770 δουλείας,
3221 2705 3316 2758 καὶ
3347 2705 3411 2756 ἐκ
3437 2701 3670 2772 καμίνου
3721 2718 3808 2754 σι⁹

2227 2805 2420 2875 δηρᾶς,
2452 2801 2596 2855 καθά
2620 2801 2948 2871 γέγραπται,
2989 2818 3007 2851 ι
3051 2797 3145 2851 καὶ
3193 2796 3253 2862 ἐξ
3295 2796 3568 2865 ἀφορήτου
3613 2792 3809 2846 πλεον-

2229 2897 2376 2964 εξίας
2403 2899 2432 2950 ό
2465 2897 2574 2951 τῶν
2617 2895 2752 2948 ὅλων
2783 2893 2935 2958 Θεὸς,
2981 2911 2999 2944 ι
3036 2893 3094 2946 ὲν
3131 2891 3276 2962 χειρὶ
3306 2889 3560 2959 κραταιᾷ,
3611 2885 3707 2938 καὶ
3752 2886 3820 2938 ἐν.

557 2995 619 3036 so
652 2981 720 3048 τ’,
755 2999 774 3033 ι
813 2981 1030 3051 quando
1082 2989 1462 3048 persecutores
1518 2979 1637 3052 ejus
1690 2997 1710 3032 ι
1767 2978 2028 3036 demersit
2073 2979 2125 3032 in

2232 2990 2475 3062 βραχίονι
2510 2985 2720 3058 ὑψηλῷ,
2761 3003 2780 3038 ι
2814 2986 2903 3039 ὅτε
2933 2983 3061 3046 τοὺς
3086 2981 3378 3044 διώκοντας
3416 2997 3435 3030 ι
3484 2977 3814 3032 κατεπόντι-

555 3071 692 3125 mari
719 3069 923 3136 Rubro,
941 3081 1101 3142 ponto
1116 3071 1394 3140 cooperuit
1407 3086 1521 3138 eos,
1540 3079 1595 3128 et
1611 3071 2010 3128 descenderunt
2023 3070 2125 3127 sic-

2232 3100 2324 3138 σεν
2357 3083 2415 3135 ὲν
2457 3079 2692 3152 Ἐρυθρᾷ
2739 3077 3001 3149 θαλάσσῃ,
3048 3073 3256 3128 πόντων
3284 3070 3553 3140 ἐκάλυψεν
3585 3069 3808 3133 αὐτοὺς,

561 3171 619 3216 ιιι
647 3162 920 3232 plumbum
965 3163 1016 3218 in
1063 3179 1201 3234 aqua
1234 3165 1564 3232 vehementi,
1603 3174 1660 3220 et
1701 3165 2033 3220 transierunt
2063 3163 2125 3219 li-

2231 3175 2325 3230 καὶ
2358 3173 2550 3226 ἔδυσαν
2578 3170 2710 3224 ὡσεὶ
2739 3168 2986 3240 μόλιϐδος
3025 3166 3083 3220 ὲν
3113 3165 3265 3220 ὕδατι
3296 3162 3508 3235 σφοδρῷ
3529 3204 3545 3230 ,
3590 3161 3686 3214 καὶ
3728 3161 3810 3213 διο

556 3257 730 3312 berati
765 3257 833 3311 ⁷³.
876 3275 895 3309 ι
929 3255 1187 3313 Columna
1222 3272 1399 3314 autem
1431 3258 1570 3329 ignis
1598 3271 1690 3313 eos
1714 3265 1878 3312 noctu
1926 3271 2125 3327 praece-

2234 3261 2600 3332 εϐιϐάσθησαν
2635 3259 2732 3331 μὲν
2751 3260 2801 3312 οἰ
2827 3255 3241 3329 λελυτρωμένοι.
3265 3273 3284 3307 ›
3316 3253 3515 3317 Στύλος
3536 3252 3593 3305 δὲ
3625 3251 3817 3306 αὐτῶν

558 3348 694 3404 deus
721 3349 860 3402 viam
886 3349 1156 3419 signabat,
1187 3357 1242 3404 et
1274 3365 1369 3420 per
1393 3349 1535 3404 diem
1563 3349 1734 3404 nubes
1765 3363 1926 3416 supra
1967 3359 2125 3419 caput

2231 3356 2418 3427 ἠγεῖτο
2475 3352 2644 3426 πυρὸς
2689 3351 2790 3422 τὴν
2837 3349 3028 3413 νύκτα,
3071 3345 3476 3402 καταδεικνύων
3524 3344 3624 3415 τὴν
3665 3343 3815 3410 ὁδὸν,

560 3441 667 3492 dux
717 3439 1060 3509 impendebat
1083 3439 1152 3494 ".
1184 3459 1204 3493 ›
1238 3440 1442 3496 Deinde
1463 3453 1658 3510 panem
1689 3439 1757 3495 de
1781 3439 1921 3496 coelo
1976 3455 2125 3496 com-

2231 3445 2576 3516 ἰπεκρέματο
2595 3441 2652 3496 δὲ
2679 3441 2773 3495 καὶ
2805 3443 2863 3495 ὲν
2889 3439 3071 3512 ἡμέρᾳ
3099 3438 3319 3508 νεφέλη.
3352 3431 3484 3490 Εῖτα
3515 3435 3606 3489 τὸν
3634 3433 3696 3498 ἐξ
3722 3431 3817 3487 ούε

560 3533 789 3588 ederunt
831 3534 898 3596 ",
945 3542 1000 3588 et
1077 3533 1130 3588 in
1203 3533 1493 3591 solitudine
1551 3547 1764 3589 morsus
1816 3542 2125 3602 serpentum

2235 3535 2398 3610 ρανοῦ
2457 3533 2874 3604 κατεδηδόκασιν
2931 3531 3094 3600 ἀρτον
3113 3569 3128 3595 ,
3185 3529 3281 3583 καὶ
3328 3528 3586 3597 διέφυγον
3631 3527 3691 3579 ὲν
3750 3527 3820 3596 τῇ

559 3632 849 3678 evaserunt
881 3624 948 3678 ".
985 3623 1246 3679 Vicerunt
1277 3623 1550 3688 inimicos,
1585 3623 1917 3679 transierunt
1939 3622 2125 3680 Jorda-

2231 3629 2426 3699 ἐρήμῳ
2453 3627 2522 3679 τά
2560 3624 2668 3678 τῶν
2709 3624 2886 3694 όφεων
2922 3623 3196 3693 δήγματα.
3230 3620 3525 3691 Κρείττους
3551 3614 3694 3690 ἦσαν
3725 3619 3817 3688 ἐχ-

558 3730 680 3770 nem
706 3715 774 3781 ",
804 3716 1108 3771 circumcisi
1138 3724 1284 3780 sunt,
1309 3724 1571 3770 venerunt
1598 3715 1650 3769 in
1673 3724 1870 3770 terram
1901 3715 2125 3786 promis-

2232 3721 2398 3794 θρῶν,
2437 3719 2852 3790 διεϐιϐἀσθησαν
2881 3717 2971 3770 τὸν
3024 3715 3313 3786 Ἰορδάνην,
3361 3711 3816 3784 περιετμήθησαν

558 3803 728 3858 sionis
757 3803 824 3859 “.
857 3803 983 3860 Haec
1009 3804 1230 3859 donabit
1252 3803 1499 3860 Christus
1529 3806 1898 3874 quaerentibus
1941 3806 2125 3862 taber-

2237 3813 2533 3885 μαχαίραις
2565 3810 2862 3881 πετρίναις,
2897 3805 3058 3879 ἦλθον
3085 3807 3163 3870 εἰς
3189 3805 3288 3877 τὴν
3315 3805 3418 3874 γῆν
3447 3804 3545 3872 τῆς
3579 3803 3818 3871 ἐπαγγε-

559 3893 774 3959 nacula,
804 3896 911 3951 hoc
956 3905 1060 3959 est,
1100 3894 1399 3952 Ecclesiam
1440 3897 1564 3951 :sic
1608 3905 1665 3951 et
1717 3896 1847 3965 ipsis
1899 3896 2125 3952 salutem

2231 3905 2364 3969 λίας.
2399 3902 2588 3958 Ταῦτα
2614 3904 2886 3973 χαριεῖται
2914 3897 3148 3970 Χριστὸς
3175 3898 3286 3959 τοῖς
3317 3893 3542 3966 ζητοῦσι
3572 3893 3646 3948 τά
3677 3911 3817 3965 σκη-

563 3985 832 4050 restituet,
880 3986 1141 4042 diabolica
1169 3987 1430 4043 servitute
1465 3988 1749 4058 exemptis,
1800 3997 1854 4043 et
1934 3989 2125 4044 daemo-

2233 3995 2460 4065 νὼματα
2492 3992 2678 4058 αὐτοῦ,
2711 3989 2959 4044 τουτέστι
2991 3987 3090 4058 τὴν
3131 3985 3456 4056 Ἐκκλησίαν
3479 4003 3495 4017 ο
3528 3985 3676 4038 οὕτω
3721 3983 3818 4038 καὶ

561 4078 712 4134 niaca
766 4078 1133 4134 dominatione
1176 4078 1440 4149 liberatis,
1491 4089 1547 4136 et
1595 4095 1694 4150 per
1748 4080 2125 4136 distractiones

2234 4089 2431 4150 αὐτοὺς
2448 4084 2740 4147 ἀνασώσει,
2759 4081 3003 4144 δουλείας
3039 4079 3138 4150 μὲν
3152 4075 3573 4158 ἀπαλλάξαςτῆς
3597 4075 3707 4129 ὑπὸ
3734 4074 3818 4146 τῷ

560 4167 720 4240 hujus
752 4168 874 4227 vitae
904 4177 959 4228 et
985 4169 1168 4227 turbas
1217 4170 1407 4228 inanes
1467 4170 1615 4227 velut
1665 4185 1761 4241 per
1815 4185 1966 4226 mare
2022 4179 2125 4225 tra-

2234 4181 2465 4251 διαϐόλῳ
2494 4176 2771 4248 φημὶ,καὶ
2805 4171 3187 4245 δαιμονιώδους
3233 4169 3544 4237 πλεονεξίας
3588 4168 3817 4236 ἐξελὼν,

560 4266 782 4331 ductis;
851 4265 1156 4322 columnam
1192 4279 1408 4336 quoque
1457 4273 1514 4319 et
1561 4263 1962 4319 ﬁrmamentum
2014 4263 2125 4318 illu-

2233 4271 2551 4332 διαϐιϐάσας
2565 4268 2622 4322 δὲ
2643 4267 2830 4337 ὥσπερ
2853 4265 2942 4319 διὰ
2957 4264 3229 4334 θαλάσσης
3249 4261 3358 4316 τῶν
3379 4263 3436 4314 ὲν
3452 4260 3590 4331 τῷδε
3615 4259 3696 4330 τῷ
3716 4259 3820 4329 βίῳ

561 4367 678 4414 stre
715 4359 951 4428 seipsum
1001 4357 1106 4412 illis
1144 4357 1195 4412 in
1226 4357 1334 4412 alto
1393 4364 1679 4425 proponet,
1734 4355 2125 4410 illuminantem

2235 4358 2655 4433 περισπασμῶν,
2698 4356 2791 4409 καὶ
2829 4354 3037 4426 τύρϐης
3077 4351 3311 4416 εἰκαίας,
3347 4350 3536 4404 στύλον
3591 4350 3670 4414 δὲ,
3723 4349 3823 4402 καὶ

559 4457 838 4504 versantes
871 4449 923 4502 in
952 4448 1214 4513 tenebris,
1238 4455 1294 4502 et
1326 4447 1500 4500 instar
1539 4445 1700 4500 nubis
1737 4445 1956 4500 roribus
1996 4459 2125 4513 quos

2239 4452 2516 4524 ἑδραίωμα
2545 4447 2796 4518 λαμπρὸν
2823 4445 3011 4500 ἑαυτὸν
3033 4445 3213 4508 αὐτοῖς
3241 4443 3482 4506 ἀναθεὶς,
3507 4440 3824 4511 φωτίζοντα

564 4540 744 4595 animo
773 4540 1066 4606 cernimus,
1099 4538 1418 4608 irrigantem
1445 4552 1460 4599 ;
1487 4534 1663 4589 iactus
1689 4534 1816 4589 item
1841 4534 1945 4591 illis
1978 4537 2125 4606 panis

2238 4520 2364 4605 τούς
2394 4520 2452 4594 ὲν
2479 4538 2678 4602 σκότει,
2700 4536 2794 4591 καὶ
2828 4529 2915 4588 οἷα
2935 4532 3164 4603 νεφέλην
3207 4534 3330 4595 ταῖς
3362 4533 3580 4600 νοηταῖς
3611 4529 3825 4599 κατάρ-

561 4634 684 4687 vitae
735 4632 1191 4701 serpentiumque
1235 4629 1334 4683 sub
1373 4626 1778 4695 intelligentiam
1823 4628 2125 4683 cadentium

2241 4636 2397 4690 δοντα
2413 4633 2639 4704 δρόσοις·
2659 4626 2897 4699 γεγονὼς
2910 4628 2965 4681 δὲ
2993 4627 3172 4689 αὐτοῖς
3191 4625 3279 4678 καὶ
3299 4624 3460 4694 ἄρτος
3477 4621 3621 4690 ζωῆς
3637 4623 3824 4690 ἀπρα-

563 4738 776 4780 morsus
821 4720 1118 4778 imbecilles
1147 4727 1202 4774 et
1231 4717 1414 4771 irritos
1440 4715 1666 4782 faciens,
1706 4717 1993 4773 traducens
2039 4733 2125 4788 per

2242 4728 2346 4782 κτά
2368 4744 2427 4779 τε
2456 4724 2551 4778 καὶ
2577 4721 2779 4793 ἀδρανῆ
2813 4719 2881 4772 τὰ
2923 4717 3033 4771 τῶν
3060 4716 3264 4785 νοητῶν
3307 4714 3484 4783 όφεων
3527 4712 3828 4778 ἀποδείξας

562 4815 873 4877 Iordanem,
901 4820 955 4866 et
978 4809 1392 4866 circumcisione
1420 4806 1644 4876 spiritus
1673 4823 1836 4877 puros
1877 4809 2125 4874 reddens,

2242 4819 2514 4890 δήγματα,
2548 4813 2642 4867 καὶ
2671 4807 2989 4872 διαϐιϐάσας
3014 4807 3106 4860 τὸν
3147 4803 3436 4875 Ἰορδάνην,
3479 4803 3576 4857 καὶ
3621 4804 3696 4872 τῇ
3731 4799 3827 4854 διά

564 4912 618 4957 ct
665 4903 718 4956 in
768 4917 988 4972 regnum
1015 4904 1274 4956 caelorum
1307 4899 1674 4956 introducens.
1709 4899 1832 4955 Haec
1880 4901 1994 4956 suis
2037 4901 2125 4955 ad-

2239 4909 2548 4978 πνεύματος
2583 4904 2851 4975 περιτομῇ
2893 4900 3168 4970 καθαροὺς
3195 4895 3534 4965 ἀποφαίνων,
3564 4890 3826 4960 εἰσκομίο

564 4993 872 5049 oraloribus
898 4993 1174 5062 largietur,
1227 4993 1564 5061 salvabitque
1602 5007 1696 5047 eos
1719 4991 1918 5047 talibus
1941 4992 2125 5056 modis,

2237 5001 2345 5064 ζων
2377 4997 2434 5050 δὲ
2467 4995 2562 5049 καὶ
2597 4994 2676 5056 εἰς
2711 4991 2988 5062 βασιλείαν
3021 4985 3285 5058 οὐρανῶν.
3319 4984 3505 5038 Ταῦτα
3543 4985 3830 5054 χαριεῖται

571 5107 587 5138 ι
627 5095 684 5140 ut
709 5100 814 5140 non
848 5085 1224 5156 magniﬁcetur
1260 5084 1510 5154 gloriatio
1529 5083 1724 5138 domus
1746 5084 1935 5149 David,
1980 5103 2008 5136 ι-
2036 5085 2125 5139 but

2236 5093 2348 5152 τοῖς
2383 5088 2532 5151 ἰδίοις
2563 5085 2984 5158 προσκυνηταῖς,
3011 5077 3267 5134 διασώσει
3302 5094 3360 5130 τε
3410 5075 3609 5138 αὐτοὺς
3672 5073 3830 5128 κατά

565 5174 994 5241 οειμιιιάαιοιουηι
1044 5173 1357 5243 principes:
1415 5188 1514 5229 nec
1543 5173 1804 5229 elationes
1867 5177 2000 5238 sint,
2043 5188 2125 5229 seu

2237 5178 2474 5233 τοιούσδε
2527 5175 2679 5238 τινας
2733 5173 2985 5244 τρόπους,
3035 5189 3053 5220 ι
3103 5171 3252 5229 ὅπως
3312 5165 3387 5235 μὴ
3444 5161 3829 5232 μεγαλύνηται

565 5267 816 5323 elationis
839 5266 1055 5322 occasio
1090 5275 1277 5321 contra
1306 5263 1519 5332 Judam,
1572 5265 1944 5321 habitantibus
1975 5265 2125 5320 Jeru-

2243 5270 2502 5340 καύχημα
2531 5269 2678 5320 οῐκου
2713 5265 2896 5330 Δαϐὶδ,
2934 5282 2952 5314 ι
2989 5259 3285 5321 τουτέστιν,
3320 5257 3368 5308 οἰ
3402 5253 3509 5306 τῶν
3551 5251 3834 5305 Ἰουδαίων

567 5361 754 5427 salem,
784 5375 945 5430 quam
981 5373 1174 5415 sensus
1212 5359 1460 5428 percipit,
1520 5368 1574 5413 et
1616 5365 1954 5414 terrestrem.
1991 5357 2125 5412 Elie-

2241 5361 2558 5433 ἡγούμενοι·
2595 5360 2730 5428 μήτε
2783 5355 2889 5426 μὴν
2918 5353 3179 5424 ὲπάρσεις
3206 5345 3315 5402 εἷεν
3341 5347 3505 5418 ἧγουν
3528 5344 3831 5414 ὲπάρσεως

570 5452 760 5506 rcbant
784 5452 982 5521 quippe
1011 5466 1095 5516 se,
1122 5459 1177 5506 et
1207 5452 1456 5520 superbia
1492 5452 1976 5504 tumebantcontra
2021 5464 2125 5504 ενοι

2243 5451 2486 5521 ἀφορμαὶ
2528 5452 2638 5512 τοῖς
2684 5445 3031 5502 κατοικοῦσιν
3081 5439 3436 5512 Ἰερουσαλὴμ
3488 5436 3586 5508 τὴν
3623 5434 3832 5505 αἰσθη-

571 5541 758 5596 dentes
794 5542 846 5594 in
883 5543 1178 5609 Christum,
1223 5542 1511 5611 ipsumque
1561 5539 1988 5604 Emtnanuelem,
2043 5554 2125 5608 pet

2241 5542 2360 5612 τὴν,
2409 5540 2502 5594 καὶ
2539 5539 2778 5607 ἐπίγειον
2809 5536 2951 5600 κατά
2995 5534 3090 5599 τοῦ
3138 5531 3322 5598 Ἰούδα.
3373 5529 3662 5599 Ἐφρόνουν
3719 5524 3834 5597 μὲν

636 5745 684 5777 ⁷⁸
712 5743 874 5800 Hebr.
914 5763 983 5811 tv,
1014 5747 1097 5802 12.
1175 5747 1218 5776 ⁷·
1253 5747 1449 5800 iorem.
1480 5757 1551 5805 Iv,
1584 5743 1635 5796 4.
1716 5744 1784 5773 ⁷¹⁶
1819 5742 1966 5796 Deut.
1999 5759 2072 5804 tv,
2105 5741 2125 5795 ἓ

2270 5744 2316 5774 ⁷³
2348 5742 2499 5794 Deut.
2543 5755 2593 5806 ν,
2793 5740 2837 5770 ⁷³
2866 5738 3036 5811 Exod,
3068 5754 3156 5803 xv,
3197 5736 3311 5791 2-4.
3416 5730 3648 5788 “Exod.
3687 5743 3836 5800 xm,

572 5813 660 5869 22.
735 5817 780 5848 ⁷⁵
820 5808 987 5878 Exod.
1037 5817 1262 5878 “1.15.
1342 5814 1386 5844 ⁷⁸
1431 5814 1583 5868 Num.
1618 5828 1727 5874 xu,
1758 5813 1876 5869 6-9.
1957 5815 1999 5844 "
2027 5811 2125 5869 Jos

2238 5829 2296 5880 tt,
2330 5812 2514 5866 ΗυΠ.
2591 5811 2638 5845 ⁷⁸
2667 5808 2828 5864 Josuc
2855 5826 2905 5878 v,
2948 5810 3067 5864 ‘2-8.
