4098 6472
329 398 433 453 217

1161 399 1715 462 COMMENTARIUS
1754 405 1818 462 ΙΝ
1861 406 2265 467 ZACHARI‘AM
2305 413 2755 473 PROPHETAM.

3503 410 3620 469 218

329 514 443 584 γὰρ
489 511 728 582 μεγάλα,
769 514 865 568 καὶ
897 518 1286 589 κατωφρύοντο
1336 521 1456 575 λίαν
1483 522 1592 576 τῶν
1637 541 1926 579 πεπιστευ-

2034 527 2212 584 Mosen
2242 535 2516 589 veteribus
2541 533 2795 590 munifice
2845 531 3044 588 collata
3103 520 3265 587 totﬂzs
3319 529 3613 599 iactantcs,

331 606 509 660 κὸτων
532 607 611 669 είς
627 605 887 677 Χριστὸν,
914 609 1006 662 καὶ
1029 610 1195 664 αὑτοῦ
1221 611 1278 664 δὲ
1299 612 1390 666 τοῦ
1418 613 1789 689 Ἐμμανουὴλ,
1811 619 1924 672 ἄνω

326 715 391 753 τε
431 699 528 754 καὶ
567 699 718 753 κάτω
755 699 825 753 τά
861 700 950 755 διὰ
985 702 1232 766 Μωσέως
1273 707 1385 770 τοῖς
1413 708 1661 779 ἀρχαίοις
1687 710 1926 781 δεδωρη-

332 792 477 863 μένα
523 792 919 864 προτείνοντες,
974 795 1068 848 καὶ
1113 797 1214 868 τὴν
1263 801 1375 862 τοῖς
1423 801 1695 873 πατράσιν
1746 802 1924 855 αὐτῶν

328 884 738 956 ὸκνεμηθεῖσαν
761 887 927 955 φειδὼ
950 889 1354 961 προϊσχόμενοι.
1379 893 1487 946 Καὶ
1504 891 1637 961 γοῦν
1663 893 1922 962 ἔφασκον,

329 975 467 1029 ποτὲ
503 978 638 1046 μέν’
673 994 692 1028 ι
746 977 811 1030 Τί
841 971 936 1032 οῦν
973 981 1150 1043 ποιεῖς
1190 981 1254 1033 σὺ
1285 985 1531 1053 σημεῖον,
1579 984 1667 1037 ἵνα
1701 985 1922 1055 ἴδωμεν,

330 1068 432 1122 καὶ
471 1067 892 1138 πιοτεύσωμεν;
932 1069 986 1123 τί
1021 1071 1085 1124 σὺ
1115 1072 1323 1145 ἐργάζῃ
1349 1091 1362 1140 ;
1391 1075 1454 1129 Οἱ
1490 1076 1736 1145 Πατέρες
1765 1077 1924 1147 ἡμῶν

328 1158 541 1229 ἔφαγον
577 1158 639 1212 τὸ
669 1160 843 1231 μάννα
870 1161 928 1214 ὲν
960 1164 1025 1233 τῇ
1072 1163 1287 1234 ἐρήμῳ,
1317 1165 1502 1231 καθώς
1529 1168 1647 1220 ἐστι
1673 1184 1926 1239 γεγραμ-

333 1250 524 1322 μένον,
543 1253 744 1322 ’Δρτον
765 1253 828 1306 ἐκ
851 1250 944 1306 τοῦ
975 1253 1208 1325 οὐρανοῦ
1237 1255 1436 1310 ἔδωκεν
1467 1257 1650 1321 αὐτοῖς
1674 1262 1920 1326 φαγεῖνί

297 1343 468 1416 ,ποτὲ
504 1343 562 1397 δὲ
592 1343 655 1414 δή
680 1359 695 1373 ⁸
728 1363 748 1395 ‹
800 1344 990 1414 Ἡμεῖς
1027 1344 1252 1416 οἴδαμεν
1281 1347 1363 1400 ὅτι
1399 1349 1590 1402 Μωσεῖ
1629 1349 1926 1420 λελάληκεν

326 1437 361 1492 ὁ
391 1435 552 1500 Θεὸς,
598 1435 790 1490 τοῦτον
815 1437 871 1490 δὲ
892 1437 992 1490 οὐκ
1019 1438 1241 1510 οἴδαμεν
1283 1439 1447 1494 πόθεν
1485 1441 1623 1497 ἐστί.
1659 1461 1680 1492 ι
1719 1443 1927 1510 Τερατ-

328 1528 599 1598 ουργήσει
632 1525 698 1596 δὴ
724 1521 838 1592 οὗν,
893 1529 1079 1596 φησιν,
1122 1529 1253 1599 ἡμῖν
1288 1531 1321 1582 ὁ
1346 1531 1454 1583 τῶν
1491 1530 1628 1584 ὅλων
1667 1531 1820 1597 Θεὸς,
1877 1532 1926 1585 εἰ

329 1618 431 1671 καὶ
464 1616 544 1688 μὴ
569 1617 847 1687 ἐμφανῶς,
881 1616 1132 1688 καθάπερ
1163 1618 1359 1688 ἀμέλει
1384 1621 1480 1674 καὶ
1506 1619 1652 1686 τότε,
1695 1615 1928 1674 ἀλλ”οῦν

330 1708 566 1780 νοητῶς,
609 1707 769 1761 οὕτω.
784 1725 845 1760 τε
868 1710 1018 1779 ἡμᾶς
1042 1708 1319 1764 άνασώσει
1359 1712 1484 1775 τοὺς
1530 1713 1588 1765 ἐν
1630 1713 1745 1776 τοῖς
1776 1711 1928 1776 ίδίοις

331 1797 717 1868 σκηνώμασιν,
749 1798 837 1851 ἵνα
879 1797 954 1869 μὴ
986 1799 1128 1869 μέγα
1169 1799 1410 1868 φρονῶσι
1443 1799 1564 1854 καθ’
1591 1800 1748 1872 ἡμῶν
1803 1801 1928 1854 Ἰου-

327 1892 491 1955 δαίοι,
544 1891 726 1961 ἦγουν
761 1891 810 1944 οί
861 1890 991 1961 παρ’
1027 1892 1212 1954 αὐτοῖς
1260 1891 1575 1962 ἡγούμενοι.
1609 1893 1791 1947 Ταυτὸ
1820 1892 1929 1964 γὰρ
1959 1896 2005 1950 Β

285 2039 290 2042 ,
325 1978 487 2053 οἶμαι
518 1982 714 2054 δηλοῦν
751 1999 781 2034 ι’
802 1982 866 2036 τὸ
889 1982 1152 2055 καύχημα
1177 1982 1272 2036 τοῦ
1306 1983 1458 2037 οίκου
1490 1983 1673 2037 Δαόίδ.
1724 2003 1744 2037 ι

401 2072 518 2126 Καὶ
549 2073 725 2127 ἔσται
753 2073 826 2128 ἐν
861 2072 937 2142 τῇ
967 2074 1160 2144 ἡμέρᾳ
1186 2074 1781 2145 sueti-mammae?sz
1809 2078 1920 2132 Κύ-

318 2182 458 2233 ριος
483 2164 642 2233 ὑπὲρ
681 2163 804 2218 τῶν
835 2167 1277 2220 κατοικούντων
1338 2167 1754 2238 Ἰερουσαλήμ.
1812 2169 1927 2222 Καὶ

324 2259 505 2312 ἔσται
530 2260 563 2311 ὁ
591 2257 870 2314 ἀσθενῶν
898 2259 970 2312 ἐν
997 2258 1204 2325 αὐτοῖς
1227 2260 1297 2313 ἐν
1320 2260 1522 2330 ἐκείνῃ
1546 2260 1620 2330 τῇ
1640 2262 1830 2331 ἡμέρᾳ
1849 2264 1928 2330 ὡς

325 2345 500 2414 οἶκος
537 2348 738 2416 Διιὸὶὸ,
766 2351 798 2403 ὀ
827 2348 896 2402 δὲ
916 2345 1084 2414 οἶκος
1107 2349 1306 2414 Δαόῑὸ,
1344 2351 1426 2417 ὡς
1452 2345 1620 2418 οἷκος
1651 2350 1822 2418 Θεοῦ,
1847 2353 1929 2419 ὡς

324 2440 592 2511 ἄγγελος
620 2438 849 2508 Κυρίου
875 2439 1136 2494 ἐνώπιον
1168 2439 1389 2494 αὐτῶν.
1596 2460 1605 2472 ο

400 2532 521 2599 ιιϐν.
569 2551 588 2584 ι
644 2531 836 2602 Ὅπλῳ
869 2531 969 2603 μὲν
1021 2533 1166 2602 ἡμᾶς
1223 2532 1472 2597 εὐδοκίας
1496 2535 1930 2603 ἐστεφάνωσενό

323 2623 465 2686 Θεὸς
498 2622 592 2676 καὶ
640 2623 850 2694 Πατήρ.
895 2641 915 2675 ι
948 2623 1158 2677 Δέδωκε
1191 2623 1301 2694 γὰρ
1331 2626 1464 2695 ἡμῖν
1490 2624 1582 2679 τὸν
1613 2626 1744 2680 ἴδιον
1776 2626 1925 2691 Υἱὸν,

324 2713 740 2786 προασπιστὴν,
778 2715 872 2767 καὶ
901 2714 1207 2785 πρόμαχον,
1243 2715 1311 2768 δι’
1360 2708 1421 2768 οὗ
1452 2717 1547 2770 καὶ
1577 2717 1924 2789 σεσὼσμεθα,

327 2800 540 2863 παντὸς
576 2799 676 2870 μὲν
711 2800 951 2864 εὐκόλως
975 2801 1340 2867 διεκδύνοντες
1388 2805 1721 2876 πειρασμοῦ,
1763 2806 1926 2861 πολέ-

329 2909 436 2962 μου
485 2891 545 2944 δὲ
592 2892 688 2946 τοῦ
738 2894 868 2964 παρ’
897 2893 1128 2964 ἐχθρῶν,
1176 2896 1274 2950 καὶ
1324 2897 1426 2967 τῆς
1463 2898 1571 2951 τῶν
1622 2899 1928 2952 διωκόντων

327 2986 660 3057 σκαιότητος
698 2985 1123 3057 κατευμεγεθεῖν
1144 2988 1415 3053 εἰωθότες.
1463 2990 1602 3044 Ἀλλ’
1635 2989 1695 3044 ἐν
1720 3007 1784 3059 γε
1814 2993 1928 3054 τοῖς

327 3078 722 3148 προκειμένοις
747 3077 1004 3149 δηλοῦται
1030 3081 1210 3151 μέν-τι
1231 3080 1493 3146 τοιοῦτον,
1518 3080 1661 3152 πλὴν
1687 3082 1927 3153 ἀσαφείᾳ

326 3168 504 3239 πολλῇ
546 3170 1015 3240 κατεσκιασμένον
1064 3170 1155 3224 τὸν
1186 3170 1342 3239 λόγον
1380 3171 1476 3224 ἴδοι
1516 3189 1598 3235 τις
1640 3172 1726 3226 ἄν.
1779 3172 1924 3243 Ἔφη

329 3261 434 3331 μὲν
475 3260 588 3331 γὰρ
641 3261 1004 3333 ὑπερασπιεῖν
1035 3263 1063 3316 ὁ
1109 3262 1218 3316 τῶν
1253 3263 1389 3316 ὅλων
1427 3263 1558 3327 Θεὸς
1601 3265 1708 3317 τῶν
1752 3281 1929 3318 κατοι-

327 3354 578 3408 κούντων
595 3354 975 3426 Ἰερουσαλὴμ,
1008 3355 1104 3408 καὶ
1128 3355 1250 3425 οὐχὶ
1277 3355 1343 3426 δὴ
1381 3355 1580 3426 μᾶλλον
1607 3356 1718 3409 τῶν
1743 3373 1933 3423 παροι-

327 3444 582 3500 κούντων
604 3444 794 3516 αὐτὴν.
813 3445 941 3512 ,Καὶ
973 3447 1175 3499 νοεῖται
1204 3445 1303 3516 μὲν
1339 3447 1788 3518 ὁμολογουμένως
1833 3449 1932 3500 Ὶε-

331 3537 624 3608 ρουσαλὴμ
650 3538 708 3589 ὲν
731 3536 941 3600 τούτοις
970 3539 1003 3608 ἡ
1047 3537 1344 3609 Ἐκκλησία
1372 3539 1631 3609 Χριστοῦ.
1667 3540 1936 3609 Παρθικεὲ

326 3629 405 3716 δὲὶ
417 3628 591 3700 αὐτὴν
617 3630 645 3681 ὁ
676 3629 751 3699 μὴ
780 3627 900 3682 λίαν
928 3629 1198 3700 ἀσφαλὴς,
1231 3630 1626 3702 σεσαλεηυμένος
1655 3631 1712 3684 δὲ
1737 3631 1927 3702 ὥσπερ

330 3721 428 3773 καὶ
461 3720 825 3788 εὑπάροιστος
856 3719 1075 3791 κομιδῇ,
1110 3717 1248 3790 πρὸς
1274 3720 1336 3772 τὸ
1382 3720 1458 3792 μὴ
1506 3720 1630 3792 ἕχον
1652 3721 1851 3792 ὀρθῶς,
1891 3722 1929 3792 ἢ

331 3815 427 3864 καὶ
460 3811 641 3875 ἄλλως
669 3811 914 3883 ῥᾴθυμος
951 3813 1034 3875 είς
1078 3811 1455 3883 φιλομάθειανι
1485 3815 1750 3867 Κατοικεῖ
1775 3813 1834 3867 δὲ
1863 3809 1930 3868 αὖ

330 3906 358 3954 ὸ
388 3900 662 3972 βεϐηκὼς,
715 3902 810 3955 κιι)⁵
861 3902 1253 3974 ἐρηρεισμένος
1300 3905 1380 3966 εἰς
1421 3904 1646 3975 ἀγάπην
1685 3905 1785 3975 τὴν
1840 3904 1938 3958 ἐπὶ

332 3993 578 4066 Χριστῷ,
605 3995 700 4046 καὶ
720 3995 840 4056 ταῖς
867 3994 931 4046 ἐκ
951 3993 1059 4047 τῶν
1087 3993 1247 4047 θείων
1273 3995 1615 4066 μαθημάτων
1638 3995 1933 4063 ὠφελείαις

330 4086 420 4141 ἀεὶ
451 4085 874 4158 προσκείμενος,
910 4085 1050 4139 ὥστε
1079 4085 1341 4140 δύνασθαι
1390 4085 1571 4154 λέγειν
1608 4086 1696 4140 διὰ
1747 4087 1933 4156 φωνῆς

330 4176 425 4232 τοῦ
468 4177 668 4229 Δαϐίδ·
715 4195 734 4229 ι
781 4178 870 4240 Ὠς
919 4177 1125 4246 γλυκέα
1146 4177 1224 4248 τῷ
1253 4177 1491 4249 λάρυγγί
1534 4195 1639 4248 μου
1677 4178 1746 4232 τὰ
1779 4179 1934 4248 λόγιά

333 4277 465 4328 eoo!
525 4275 669 4344 ὑπὲρ
719 4274 864 4345 μέλι,
910 4274 1006 4328 καὶ
1051 4274 1244 4346 κηρίον
1279 4273 1357 4344 τῷ
1403 4273 1632 4344 στόματί
1687 4292 1810 4345 μου.
1859 4304 1935 4316 -

344 4369 714 4438 ’Υπερασπιεῖ
761 4366 965 4432 τοίνυν,
1016 4366 1172 4436 φησὶ,
1211 4365 1321 4420 τῶν
1367 4366 1790 4430 κατοικούντων,
1837 4366 1933 4420 καὶ

332 4463 486 4516 ἔσται
503 4463 532 4514 ὁ
547 4459 792 4514 ἀσθενῶν
817 4461 876 4512 ὲν
889 4459 1074 4522 αὐτοῖς
1085 4459 1143 4511 ὲν
1159 4460 1226 4530 τῇ
1247 4459 1431 4530 ἡμέρᾳ
1458 4458 1664 4532 ἐκείνῃ,
1683 4458 1759 4522 ὡς
1783 4455 1933 4522 οἶκος

2031 632 2086 675 et
2118 623 2370 678 tributam
2403 629 2654 695 patribus
2705 627 2946 697 ipsorum
2999 623 3388 692 indulgentiam
3423 623 3620 678 obten-

2033 717 2242 772 dentes.
2273 719 2451 784 Quare
2479 719 2751 782 dicebant,
2789 732 2934 772 nunc
2966 716 3184 786 quidem
3212 733 3226 770 :
3264 734 3282 768 ‹
3324 715 3478 781 Quod
3509 713 3614 784 igi-

2032 817 2122 862 tur
2151 809 2360 878 signum
2408 819 2462 864 tu
2509 808 2662 874 facis,
2714 819 2775 864 ut
2827 809 3127 873 videamus,
3180 815 3236 862 et
3282 803 3617 860 credamus?

2033 900 2162 970 quid
2184 903 2463 970 Operaris?
2513 901 2702 957 Patres
2727 902 2897 957 nostri
2930 901 3283 956 comederunt
3319 913 3517 952 manna
3560 898 3616 952 in

2035 994 2271 1060 deserto,
2295 995 2435 1049 sicut
2472 995 2734 1064 scriptum
2767 1002 2874 1059 est,
2923 992 3123 1048 Panem
3157 992 3223 1046 de
3251 990 3416 1061 780
3477 989 3619 1044 cmlo

2035 1086 2180 1141 dedit
2212 1086 2291 1140 eis
2337 1087 2662 1141 manducare
2694 1087 2780 1154 7’;
2828 1105 2847 1138 ›
2891 1101 3033 1140 nunc
3061 1099 3190 1139 vero
3229 1102 3242 1139 :
3279 1103 3298 1136 ι
3337 1083 3446 1137 Nos
3505 1081 3616 1137 sci-

2034 1194 2153 1233 mus
2179 1179 2305 1247 quia
2340 1178 2474 1233 Mosi
2522 1179 2736 1233 lucutus
2763 1187 2849 1234 est
2893 1178 3055 1243 Deus,
3088 1177 3233 1231 hunc
3283 1184 3465 1230 autem
3523 1188 3619 1229 ne-

2035 1271 2239 1326 scimus
2267 1271 2410 1328 unde
2431 1271 2500 1326 sit
2521 1271 2592 1326 3“.
2608 1289 2626 1323 ι
2650 1269 2830 1339 Inquit
2850 1270 3049 1340 igitur:
3069 1268 3257 1324 Faciet
3277 1267 3434 1323 vobis
3451 1265 3618 1322 mira-

2034 1365 2163 1420 bilia
2195 1365 2571 1421 universorum
2600 1367 2894 1432 Deus,,etsi
2965 1380 3075 1420 non
3121 1363 3430 1426 manifeste,
3481 1375 3621 1429 quos

2035 1457 2196 1512 modo
2245 1457 2494 1512 videlicet
2531 1457 2682 1522 olim,
2735 1457 2830 1512 sed
2881 1467 3060 1513 tamen
3127 1470 3246 1526 quae
3308 1451 3619 1508 intellectus

2035 1548 2237 1614 videat,
2263 1556 2318 1603 et
2340 1548 2420 1603 sic
2460 1562 2556 1602 vos
2591 1546 2825 1602 salvabit
2859 1547 2952 1616 qui
2979 1547 3112 1602 estis
3186 1547 3239 1598 in
3285 1541 3401 1610 ejus
3436 1541 3621 1594 taber-

2036 1640 2267 1706 naculis,
2307 1655 2374 1696 ne
2406 1640 2705 1710 glorientur
2734 1650 2922 1695 contra
2970 1652 3068 1694 vos
3117 1636 3310 1699 Judaei,
3363 1634 3478 1690 sive
3523 1631 3618 1700 qui

2036 1751 2223 1792 eorum
2264 1734 2631 1806 gubernacula
2683 1741 2884 1788 tenent.
2921 1733 3066 1787 Idem
3126 1744 3379 1799 namque
3423 1725 3621 1798 opinor

2037 1826 2344 1897 significare
2376 1845 2396 1878 ι
2427 1824 2806 1910 gloriationem
2831 1826 3025 1881 domus
3050 1822 3242 1878 David.
3285 1841 3306 1874 ι

2103 2091 2267 2146 Vens.
2289 2090 2343 2145 8.
2388 2087 2452 2143 Et
2476 2089 2578 2145 erit
2600 2089 2653 2142 in
2674 2086 2760 2142 die
2785 2086 2903 2153 illa,
2931 2093 3159 2155 proteget
3185 2081 3444 2138 Dominus
3465 2094 3628 2147 super

2032 2181 2313 2235 incolentes
2339 2179 2658 2235 Jerusalem.
2685 2176 2750 2232 Et
2771 2177 2871 2231 erit
2921 2175 3017 2246 qui
3079 2172 3384 2243 inﬁrmatur
3429 2169 3488 2223 in
3544 2168 3623 2221 eis

2030 2274 2123 2327 illa
2149 2273 2235 2327 die
2263 2283 2320 2326 ut
2347 2272 2536 2326 domus
2564 2270 2755 2334 David,
2780 2268 2967 2323 domus
3000 2273 3178 2320 autem
3209 2263 3400 2326 David,
3436 2267 3492 2313 ut
3525 2259 3623 2313 do-

2030 2382 2147 2420 mus
2167 2364 2283 2430 Dei,
2311 2373 2367 2419 ut
2393 2363 2612 2436 angelus
2645 2360 2854 2416 Domini
2886 2359 2944 2414 in
2965 2365 3246 2427 conspectu
3278 2369 3482 2409 eorum.

2105 2537 2264 2595 XCII.
2303 2555 2323 2589 ι
2357 2535 2537 2592 Armis
2565 2535 2721 2592 bonae
2752 2533 3051 2590 voluntatis
3071 2545 3184 2587 suae
3216 2534 3499 2586 coronavit
3521 2541 3630 2583 eos.

2033 2635 2176 2690 Deus
2207 2639 2259 2689 et
2288 2632 2450 2688 Pater
2478 2628 2550 2686 ⁸⁸.
2582 2649 2600 2682 ι
2639 2629 2796 2685 Dedit
2823 2629 2970 2685 enim
3002 2627 3160 2682 nobis
3207 2625 3406 2680 Filium
3458 2638 3620 2678 suum

2033 2725 2372 2782 defensorem
2415 2731 2470 2778 et
2512 2722 3069 2793 antesignanum,per
3116 2732 3276 2787 quem
3328 2726 3382 2771 et
3425 2715 3635 2770 salvat'r

2031 2832 2236 2881 sumus,
2293 2831 2357 2870 ex
2411 2815 2558 2869 omni
2601 2813 2900 2868 tentatione
2953 2810 3111 2865 facile
3161 2815 3528 2877 emergentes,
3571 2813 3628 2860 et

2029 2924 2060 2963 a
2120 2907 2261 2964 bello
2312 2907 2506 2975 quovis
2564 2902 2791 2967 hostili,
2851 2911 2907 2956 et
2956 2915 2987 2954 a
3051 2898 3490 2970 persequentium
3539 2897 3624 2950 ιπ-

2031 3013 2154 3054 rore
2202 3011 2418 3067 semper
2473 2994 2680 3049 invicti.
2735 2993 2802 3049 Et
2854 2992 3038 3061 verbis
3083 2989 3300 3061 quidem
3371 2989 3624 3058 proposi-

2033 3091 2099 3146 tis
2153 3089 2257 3143 tale
2311 3086 2566 3157 quiddam
2620 3083 2908 3147 indicatur,
2944 3096 3063 3151 quae
3113 3088 3293 3134 tamen
3324 3078 3490 3131 multa
3527 3077 3625 3132 ob-

2029 3180 2294 3236 scuritate
2348 3178 2588 3233 involuta
2643 3177 2849 3232 videas.
2901 3174 2992 3229 Ait
3035 3175 3204 3238 enim,
3238 3172 3623 3228 universorum

2031 3274 2201 3328 Deum
2253 3280 2630 3342 protecturum
2696 3266 2997 3324 incolentes
3034 3264 3366 3328 Jerusalem,
3413 3272 3468 3317 at
3519 3279 3624 3318 non

2032 3366 2213 3438 potius
2247 3364 2556 3420 accolentes
2593 3376 2733 3417 eam.
2790 3361 2855 3414 Et
2907 3358 3209 3415 Jerusalem
3264 3357 3480 3446 quidem
3523 3355 3627 3410 hoc

2033 3460 2148 3515 loco
2194 3458 2314 3513 sine
2371 3455 2743 3510 controversia
2787 3453 3034 3510 Ecclesia
3098 3450 3310 3506 Christi
3369 3448 3626 3518 intelligi-

2035 3561 2142 3606 tur.
2171 3548 2380 3604 Accolit
2403 3555 2582 3602 autem
2617 3546 2761 3600 illam
2821 3559 2927 3600 non
2980 3542 3141 3598 valde
3193 3549 3342 3595 tutus
3386 3552 3441 3594 et
3467 3553 3625 3594 secu-

2033 3657 2148 3706 rus,
2166 3641 2259 3697 sed
2277 3639 2432 3709 quasi
2463 3638 2696 3708 agitatus
2721 3636 2996 3700 fluctibus,
3017 3644 3072 3688 et
3089 3634 3435 3688 vehementer
3455 3629 3627 3683 mobi-

2038 3736 2102 3790 lis
2127 3734 2192 3788 ad
2217 3732 2439 3797 malum,
2478 3739 2572 3784 aut
2601 3729 2806 3799 alioqui
2843 3728 2990 3782 iners
3040 3727 3106 3780 ad
3156 3724 3496 3780 discendmn.
3535 3719 3626 3773 ln-

2034 3828 2164 3884 colit
2213 3826 2353 3881 fixus
2391 3832 2446 3879 et
2481 3823 2729 3878 firmatus
2777 3822 2833 3875 in
2874 3819 3142 3875 charitate
3167 3830 3294 3886 erga
3323 3814 3624 3874 Christum,

2033 3927 2086 3974 et
2126 3916 2457 3972 utilitatibus
2515 3929 2584 3968 ex
2629 3913 2876 3968 doctrina
2939 3909 3119 3965 divina
3174 3903 3627 3976 promanantibus

2034 4023 2252 4078 semper
2295 4007 2544 4072 deditus,
2620 4013 2679 4059 ut
2748 4003 2934 4058 dicere
2979 4000 3146 4070 possit
3193 4014 3316 4054 cum
3373 3997 3623 4052 Davide:

2039 4121 2060 4155 ι
2098 4102 2270 4169 Quam
2311 4098 2494 4153 dulcia
2559 4095 2808 4150 faucibus
2846 4093 2982 4146 meis
3011 4091 3223 4160 eloquia
3275 4091 3398 4144 tua!
3461 4103 3635 4158 snper-

2034 4195 2142 4250 mel
2166 4204 2219 4249 et
2257 4193 2439 4246 favum
2485 4189 2567 4244 ori
2619 4201 2738 4242 meo
2768 4187 2834 4240 ⁸⁸.
2874 4205 2893 4239 ι
2923 4183 3104 4253 lnqnit
3135 4197 3267 4252 ergo
3302 4195 3317 4234 :
3356 4198 3374 4232 ι
3436 4180 3629 4234 Prote-

2036 4295 2126 4357 εει
2157 4283 2478 4349 incolentes,
2500 4289 2556 4337 et
2587 4279 2694 4336 erit
2720 4280 3030 4334 inﬁrmatus
3072 4277 3214 4332 inter
3259 4276 3406 4344 ipsos
3457 4272 3510 4326 in
3538 4271 3627 4326 die

2037 4377 2127 4430 illa
2150 4375 2295 4431 sicut
2321 4374 2514 4428 domus
2554 4369 2745 4425 David.
2789 4388 2808 4422 ι
2853 4369 3084 4423 Domum
3137 4366 3304 4421 David
3349 4365 3437 4420 hic
3485 4363 3626 4433 apud

2034 4467 2251 4524 Iudaeos
2278 4464 2734 4522 honoratissimos
2764 4461 2947 4516 vocari
2987 4459 3305 4515 asserimns.
3361 4457 3436 4540 De
3485 4457 3627 4511 tribu

332 4553 515 4608 Δαϐίδ.
571 4571 588 4603 ι
624 4552 737 4606 Καὶ
771 4547 920 4605 οἶκον
965 4551 1064 4622 μὲν
1093 4549 1189 4604 τοῦ
1225 4549 1389 4604 Δαὸὶδ
1423 4553 1482 4604 ἐν
1533 4552 1768 4618 τούτοις,
1803 4553 1930 4615 τοὺς

2034 4562 2177 4618 enim
2202 4557 2340 4614 Juda
2363 4573 2430 4613 ex
2465 4556 2617 4611 Jesse
2674 4563 2729 4609 et
2786 4553 2984 4608 Davide
3009 4551 3300 4622 progeniti,
3331 4548 3628 4618 aliquando

332 4644 486 4714 παρὰ
519 4641 792 4705 Ἰουδαίοις
809 4643 1210 4712 ὲντιμωτὰτους
1228 4642 1547 4714 ὠνομάσθαι
1569 4644 1766 4715 φαμέν.
1799 4643 1932 4697 Ἀπὸ

332 4737 441 4807 γὰρ
479 4735 582 4805 τῆς
629 4734 800 4789 Ἰούδα
827 4735 999 4806 φυλῆς
1029 4735 1089 4801 ἐξ
1139 4735 1357 4800 Ἰεσσαὶ,
1399 4737 1494 4790 καὶ
1536 4736 1702 4788 Δαόὶδ
1746 4735 1932 4790 ἐϐασί-

331 4832 490 4884 λευον
535 4829 679 4884 κατὰ
725 4827 953 4899 καιροὺς
997 4829 1057 4881 ἐν
1105 4830 1220 4892 τοῖς
1276 4828 1690 4900 Ἰεροσολύμοις.
1744 4829 1934 4882 Ἀσθε-

334 4925 536 4978 νοῦντα
581 4922 638 4976 δέ
682 4938 853 4993 φησιν
910 4923 974 4974 ὲκ
1021 4919 1128 4975 τῶν
1174 4921 1576 4976 κατοικούντων
1621 4920 1720 4991 τὴν
1768 4920 1934 4989 ἁγίαν

333 5016 513 5080 πόλιν,
545 5015 649 5086 τὴν
691 5013 890 5085 νοητὴν
929 5012 1308 5086 Ἰερουσαλὴμ,
1343 5013 1466 5085 ἣτις
1519 5013 1669 5067 ἐστὶν
1717 5015 1750 5082 ή
1809 5013 1932 5065 Ἐκ‹

334 5106 560 5178 κλησία,
602 5105 746 5176 τάχα
786 5122 890 5157 που
928 5104 1020 5157 τὸν
1073 5104 1153 5158 ἔτι
1199 5104 1630 5176 κατηχούμενον,
1680 5104 1736 5168 ὂς
1779 5103 1932 5157 οὔπω

337 5200 727 5268 βεὸάπτισται,
759 5199 909 5253 νοσεῖ
947 5198 1002 5250 δὲ
1034 5196 1224 5268 ὥσπερ
1278 5197 1358 5250 ἔτι
1401 5197 1480 5268 τῷ
1525 5198 1625 5268 τῆς
1659 5196 1946 5267 ἁμαρτίας

335 5292 548 5365 φορτίῳ
577 5291 1044 5361 κατηχθεσμένος,
1094 5289 1190 5344 καὶ
1218 5289 1328 5343 τῶν
1363 5289 1606 5360 ἀρχαίων
1649 5291 1934 5362 ἀρρωστη-

336 5386 551 5454 μάτων,
602 5384 769 5454 ἧγουν
820 5380 1011 5438 παθῶν
1054 5383 1156 5436 οὐκ
1191 5381 1557 5452 ἀπήλλακται.
1621 5381 1782 5435 Ἀλλά
1840 5383 1935 5436 καί¹

333 5480 514 5542 οὕτως
554 5477 717 5548 ἔχων,
744 5477 826 5531 ὅτι
850 5476 914 5546 δὴ
951 5477 1111 5547 μόνον
1138 5475 1494 5540 πεπίστευκε,
1520 5475 1615 5527 καὶ
1643 5475 1743 5544 τῆς
1778 5492 1935 5546 νομι-

334 5572 443 5642 κῆς
476 5571 694 5648 ἀπέστη
725 5572 907 5634 σκιᾶς,
939 5569 1033 5622 καὶ
1068 5567 1408 5622 διανένευκεν
1434 5567 1570 5630 ὅλως
1608 5567 1700 5620 ἐπὶ
1728 5567 1789 5620 τὸ
1816 5567 1934 5620 ὲλέο

335 5665 465 5720 σθαι
515 5661 758 5734 πληροῦν
801 5663 899 5733 τὴν
944 5663 1002 5715 ὲν
1035 5659 1308 5730 πνεύματι
1375 5657 1672 5725 πολιτείαν,
1711 5659 1934 5731 καὶτῆς

2039 4650 2432 4722 Hierosolymis
2464 4656 2786 4720 regnarunt.
2827 4647 3166 4701 lnfirmatum
3198 4655 3377 4698 autem
3421 4657 3486 4694 ex
3542 4642 3627 4693 in-

2038 4742 2342 4799 colentibus
2367 4747 2612 4794 sanctam
2641 4737 2940 4802 civitatem,
2989 4733 3406 4790 intellectualem
3461 4730 3626 4784 ,ιω-υ.

2037 4835 2227 4900 salem,
2258 4847 2379 4904 qua:
2426 4838 2512 4886 est
2559 4828 2824 4892 Ecclesia,
2865 4827 3115 4882 fortassis
3141 4825 3320 4880 adhuc
3355 4824 3624 4878 catechu-

2038 4943 2258 4984 menum
2290 4925 2444 4990 dicit,
2487 4923 2579 4993 qui
2615 4937 2775 4978 sacro
2813 4919 2962 4976 fonte
2986 4920 3224 4976 nondum
3277 4917 3518 4982 ablutus,
3570 4923 3627 4971 et

2041 5017 2442 5088 quodammodo
2471 5015 2648 5070 adhuc
2675 5013 2883 5083 peccati
2925 5027 3092 5068 onere
3138 5021 3394 5082 gravatus
3448 5023 3626 5078 aegro-

2042 5119 2141 5176 tat,
2171 5109 2557 5178 veteribusque
2581 5106 2788 5162 morbis
2829 5106 2945 5161 sive
2981 5104 3212 5160 turbidis
3237 5101 3413 5156 animi
3432 5101 3627 5155 motio-

2042 5203 2201 5258 nibus
2260 5202 2493 5257 necdum
2577 5209 2756 5256 vacat.
2801 5200 2910 5255 Sed
2956 5198 3206 5269 quamvis
3263 5196 3314 5250 in
3355 5197 3456 5249 hoc
3512 5202 3626 5247 sta-

2034 5305 2089 5350 tu
2140 5308 2408 5360 versans,
2465 5293 2722 5368 quoniam
2784 5299 2967 5346 tamen
3032 5289 3260 5345 credidit
3313 5287 3624 5346 duntaxat,

2033 5387 2194 5458 781
2230 5395 2281 5442 et
2323 5384 2393 5440 ab
2419 5384 2610 5440 umbra
2638 5384 2776 5456 legis
2806 5382 3054 5447 recessit,
3088 5390 3142 5436 et
3165 5378 3375 5448 penitus
3403 5377 3468 5429 ad
3503 5376 3628 5431 vita)

2031 5478 2330 5548 spiritualis
2364 5477 2674 5532 institutum
2703 5476 3084 5540 excolendum,
3117 5480 3172 5527 et
3205 5472 3324 5525 vitae
3366 5469 3420 5524 in
3464 5468 3626 5524 Chri-

2032 5580 2118 5626 sto
2174 5571 2339 5625 decus
2392 5568 2731 5631 declinavit,
2791 5585 2809 5618 ι
2847 5566 3000 5630 Erit,
3050 5563 3262 5634 inquit,
3327 5570 3386 5614 ut
3434 5561 3628 5616 domus

2034 5660 2222 5728 David,
2260 5684 2277 5713 ι
2333 5659 2434 5715 hoc
2480 5669 2586 5726 cst,
2633 5657 2764 5714 nulli
2814 5655 2952 5727 apud
3005 5654 3226 5711 Judaeos
3269 5651 3500 5724 sapienti
3573 5657 3631 5706 ct

411 5839 458 5872 ⁷³
485 5839 645 5901 «Ιοειι.
672 5855 749 5909 vr,
783 5841 876 5898 '50.
950 5840 996 5876 ⁸ο
1027 5838 1185 5898 Joan.
1214 5855 1290 5909 Ix,
1321 5839 1412 5898 29.
1490 5841 1533 5872 ⁸¹
1568 5839 1709 5897 Psal.
1743 5853 1794 5907 v,
1821 5837 1924 5911 15..

2053 5835 2198 5894 Psal.
2226 5850 2418 5906 cxvnt,
2450 5834 2574 5890 105.
