4098 6476
493 381 600 438 219

1484 381 1543 436 S.
1585 382 1862 438 CYRILIJ
1906 382 2372 438 ALEXANDRINI
2409 384 2728 441 ARCHIEP.

3649 394 3754 450 2‘20

494 497 890 567 spectatissimo
917 497 1270 567 intelligentia
1304 497 1479 554 cedet.
1503 498 1780 567 Ejusmodi
1810 500 2062 571 quiddam

2174 502 2232 555 ἐν
2261 502 2482 573 Χριστῷ
2512 503 2657 574 ζωῆς
2683 503 2753 557 τά
2787 502 3098 575 αὐχήματα,
3142 523 3161 556 ι
3200 504 3410 574 Ἔσται,
3452 509 3636 578 φησὶν,
3678 512 3750 576 ὡς

493 598 548 644 et
577 589 1008 659 sapientissimus
1047 589 1262 654 Paulus,
1311 593 1536 661 populos
1564 592 1872 647 Judzcorum
1930 593 2068 648 allo-

493 695 690 750 quens,
723 681 983 736 insinuat.
1026 682 1118 736 Sic
1151 683 1293 737 enim
1324 684 1401 738 ait
1429 702 1442 738 :
1481 704 1499 735 ι
1532 684 1666 738 Cum
1695 685 1839 740 enim
1881 694 2068 756 gentes

495 785 615 840 quae
658 769 829 842 legem
885 787 989 824 non
1028 771 1247 837 habent,
1299 773 1620 829 naturaliter
1659 789 1723 828 ea
1768 790 1889 845 quae
1934 775 2069 844 legis

491 871 618 914 sunt
642 858 868 927 faciunt,
901 860 1070 931 legem
1099 876 1205 917 non
1239 861 1520 924 habentes,
1555 864 1657 933 ipsi
1682 864 1784 919 sibi
1813 874 1939 920 sunt
1960 863 2064 928 lex,

491 949 583 1018 qui
645 951 936 1004 ostendunt
982 964 1117 1018 Opus
1166 951 1300 1021 legis
1360 953 1626 1022 scriptum
1695 953 1752 1008 in
1812 955 2067 1008 cordibus

492 1041 604 1094 suis
627 1039 692 1094 ⁸³.
725 1058 743 1091 ι
773 1038 835 1092 Et
869 1040 1060 1094 iterum
1089 1057 1104 1094 :
1140 1057 1159 1091 ‹
1198 1040 1555 1098 Circumeisio
1584 1042 1801 1110 quidem
1826 1044 2063 1112 prodest,

493 1132 538 1185 si
569 1131 736 1201 legem
763 1131 1023 1186 observes
1054 1149 1067 1184 :
1103 1132 1147 1185 si
1180 1143 1357 1187 autem
1387 1135 1776 1204 praevaricator
1801 1133 1934 1204 legis
1965 1136 2064 1199 sis,

491 1221 832 1276 circumcisio
858 1231 946 1275 tua
976 1224 1300 1292 praeputium
1339 1223 1483 1278 facta
1519 1232 1621 1278 est.
1652 1223 1706 1278 Si
1738 1223 1900 1293 igitur
1928 1238 2065 1292 pra:-

493 1313 695 1382 putium
735 1314 978 1382 justitias
1023 1315 1158 1386 legis
1207 1316 1496 1380 custodiat,
1537 1329 1715 1370 nonne
1745 1317 2062 1384 praeputium

491 1403 632 1458 illius
665 1403 717 1457 in
763 1405 1232 1459 circumcisionem
1284 1405 1662 1474 reputabitur?
1697 1415 1750 1460 et
1780 1405 2061 1476 iudicabit,

489 1491 541 1546 id
567 1493 710 1562 quod
742 1509 806 1547 ex
849 1504 1038 1547 natura
1087 1503 1171 1547 est
1201 1496 1547 1564 praeputium,
1592 1495 1765 1566 legem
1808 1511 2064 1550 consum-

490 1597 667 1652 Inans,
717 1597 840 1638 eum
894 1585 984 1653 qui
1042 1600 1136 1653 per
1183 1585 1415 1639 litteram
1497 1595 1552 1639 et
1597 1585 2061 1641 circumcisionem

491 1676 876 1742 prmvaricator
913 1675 1046 1744 legis
1079 1675 1198 1729 est?
1227 1674 1342 1729 Non
1371 1677 1516 1730 enim
1543 1677 1632 1744 qui
1662 1677 1714 1730 in
1753 1677 2040 1732 manifesto

487 1762 704 1820 Judqu
756 1775 855 1831 est,
897 1781 1072 1834 neque
1130 1781 1253 1836 qua:
1302 1767 1354 1820 in
1402 1766 1709 1832 manifesto,
1773 1767 1823 1820 in
1875 1783 2059 1831 carne,

2169 595 2198 645 ὁ
2244 588 2390 656 οἶκος
2435 594 2620 659 Δαὸὶδ,
2665 613 2683 646 ι
2726 596 2967 650 τουτέστι
3018 597 3138 650 κατ’
3191 597 3345 650 οὐδὲν
3395 597 3635 654 ἐλάττων
3675 606 3754 667 εἰς

2173 685 2386 738 σύνεσιν
2413 685 2508 738 τοῦ
2539 687 2704 754 σοφοῦ
2732 704 2793 740 τε
2829 689 2926 740 καὶ
2971 688 3331 759 ἐντιμοτάτου
3370 691 3521 762 παρά
3549 708 3611 760 γε
3641 697 3752 757 τοῖς

2180 777 2469 840 Ἰουδαίοις.
2501 777 2904 832 ’Υπαινίττεταί
2921 797 2974 831 τι
3001 780 3240 835 τοιοῦτον
3266 783 3360 835 καὶ
3389 783 3418 835 ὀ
3439 783 3753 853 σοφώτατος

2169 865 2400 933 Παῦλος,
2422 869 2532 932 τοῖς
2575 868 2842 922 Ἰουδαίων
2866 869 3058 939 δήμοις
3090 871 3428 941 προσλαλῶν.
3465 874 3607 944 Ἔφη
3639 875 3751 944 γὰρ

2167 956 2342 1020 οὕτως
2361 973 2375 988 ·
2407 975 2425 1009 ι
2469 959 2639 1012 Ὅταν
2679 958 2788 1030 γὰρ
2811 959 2936 1029 ἔθνη
2970 960 3038 1013 τά
3065 962 3140 1031 μὴ
3178 962 3340 1031 νόμον
3370 963 3758 1033 ἔχοντα-φύσει

2166 1048 2233 1100 τὰ
2272 1047 2366 1100 τοῦ
2401 1049 2565 1118 νόμου
2609 1053 2770 1120 ποιῇ,
2799 1045 2944 1104 οὗτοι
2977 1051 3138 1120 νόμον
3172 1052 3246 1123 μὴ
3281 1054 3496 1124 ἔχοντες
3534 1057 3748 1119 ἑαυτοῖς

2166 1139 2272 1192 εἰσι
2291 1139 2472 1210 νόμος,
2500 1142 2696 1204 οἵτινες
2753 1143 3125 1198 ἐκδείκνυνται
3161 1144 3222 1198 τὸ
3253 1145 3413 1216 ἔργον
3443 1147 3536 1200 τοῦ
3580 1151 3747 1218 νόμου

2165 1228 2409 1296 γραπτὸν
2432 1229 2490 1280 ἐν
2520 1232 2638 1292 ταῖς
2667 1230 2913 1300 καρδίαις
2944 1231 3142 1285 αὐτῶν.
3175 1251 3193 1284 ι
3233 1235 3338 1288 Καὶ
3364 1236 3523 1290 πάλιν
3543 1253 3557 1266 ⁸
3592 1257 3611 1289 ι
3649 1241 3747 1292 Πε-

2167 1313 2361 1384 ριτομή
2402 1315 2501 1385 μὲν
2537 1317 2645 1387 γὰρ
2673 1317 2890 1386 ὠφελεῖ,
2924 1320 3018 1373 ἐὰν
3049 1322 3213 1392 νόμον
3245 1325 3526 1398 πράσσῃς·
3560 1328 3653 1380 ἐὰν
3687 1329 3747 1381 δὲ

2165 1405 2487 1476 παραϐάτης
2524 1407 2690 1476 νόμου
2723 1404 2810 1480 ᾖς,
2861 1411 2894 1479 ή
2943 1413 3208 1482 περιτομή
3272 1431 3365 1467 σου
3410 1417 3745 1487 ἀκροὸυστία

2163 1495 2403 1562 γέγονεν.
2449 1495 2572 1549 Ἐἀν
2601 1494 2749 1567 οῦνή
2787 1500 3126 1570 ἀκροϐυστία
3152 1503 3222 1555 τά
3259 1504 3604 1575 δικαιώματα
3647 1509 3744 1561 τοῦ

2163 1583 2326 1652 νόμου
2365 1585 2632 1658 φυλάσσῃ,
2665 1588 2760 1656 οὐχ
2787 1590 2819 1658 ἠ
2858 1589 3189 1658 ἀκροϐυστία
3230 1593 3394 1646 αὑτοῦ
3424 1596 3503 1657 είς
3535 1613 3748 1666 περιτοο

2165 1673 2271 1743 μὴν
2315 1675 2726 1745 λογισθήσεται;
2774 1679 2868 1731 καὶ
2909 1683 3083 1749 κρινεῖ
3125 1684 3158 1750 ὴ
3203 1684 3274 1736 ἐκε
3318 1683 3532 1751 φύσεως
3573 1687 3742 1757 ἀκρο-

2164 1765 2356 1819 ϐυστία
2385 1766 2476 1821 τὸν
2516 1769 2680 1837 νόμον
2717 1770 2967 1837 τελοῦσα,
3015 1773 3108 1826 τὸν
3136 1774 3222 1827 διὰ
3266 1775 3610 1846 γράμματος,
3647 1781 3743 1833 καὶ

489 1854 832 1910 circumcisio
873 1865 955 1910 est
987 1880 997 1910 ;
1025 1857 1116 1910 sed
1155 1857 1244 1925 qui
1272 1857 1324 1909 in
1371 1856 1688 1910 abscondito
1715 1858 1930 1912 Judarus
1955 1869 2061 1921 est,

2166 1858 2465 1927 περιτομῆς
2509 1861 2833 1933 παραῦάτην
2869 1864 3066 1932 νόμου;
3113 1866 3186 1918 Ού
3225 1841 3334 1937 γὰρ
3526 1869 3602 1938 τῷ
3636 1888 3733 1938 φα-

485 1953 543 1998 et
581 1946 922 2002 circumcisio
955 1948 1136 2002 cordis
1183 1949 1234 2000 in
1281 1948 1494 2016 spiritu,
1527 1964 1631 2000 non
1676 1946 1874 2010 littera,
1907 1949 2062 2015 cujus

488 2037 602 2092 laus
633 2053 736 2092 non
766 2053 831 2093 ex
865 2037 1196 2103 hominibus,
1227 2039 1320 2093 sed
1347 2052 1412 2091 ex
1443 2038 1548 2093 Deo
1569 2039 1638 2092 ⁸⁸.
1680 2058 1699 2091 ι
1737 2038 1862 2109 [Qui
1899 2040 2062 2109 igitur

485 2127 957 2182 circumcisionem
1004 2128 1054 2183 in
1096 2143 1262 2183 carne
1314 2138 1374 2183 ut
1409 2128 1708 2184 obsoletam
1782 2137 2062 2184 aversatus

483 2218 816 2286 spiritualem
844 2219 1022 2288 potius
1039 2219 1265 2284 amabit,
1291 2229 1344 2274 et
1368 2217 1607 2274 Judaeum
1632 2220 1721 2289 qui
1762 2220 1813 2274 iu
1850 2221 2064 2274 occulto

481 2306 959 2372 est,circuml‘cret,
998 2326 1016 2358 ι
1048 2307 1206 2377 cujus
1243 2308 1359 2362 laus
1384 2317 1469 2362 est
1500 2323 1604 2362 non
1628 2323 1693 2363 ex
1731 2308 2060 2372 hominibus,

483 2398 577 2452 sed
606 2411 671 2451 ex
702 2398 833 2461 Deo,
864 2397 995 2468 i(l)]
1021 2399 1288 2465 quomodo
1321 2413 1424 2452 non
1449 2407 1690 2466 praestat,
1723 2415 1844 2452 cum
1868 2401 2062 2454 virtute

482 2488 616 2558 legis
657 2488 868 2554 doctos,
907 2499 963 2544 et
1013 2491 1105 2560 qui
1160 2492 1304 2545 inter
1345 2489 1561 2546 Judazos
1610 2491 1893 2562 praecipua:
1937 2505 2063 2547 sunt

480 2581 923 2646 existimationis,
970 2583 1332 2652 superaverit,
1364 2585 1613 2653 quamvis
1648 2583 1881 2639 fortasse
1911 2585 2061 2638 intir-

483 2673 687 2728 mitatis
728 2673 1005 2741 reliquias,
1052 2684 1111 2728 ut
1167 2675 1402 2729 nondum
1454 2675 1784 2744 baptizatus,
1831 2676 2060 2730 habeat?

483 2762 641 2817 Parte
680 2764 824 2818 enim
870 2765 1050 2819 cordis
1079 2767 1162 2819 sui
1197 2781 1352 2831 sana,
1404 2766 1504 2820 hoc
1540 2777 1626 2819 est
1671 2766 1795 2832 llde,
1846 2766 2061 2820 ditlcrct

483 2855 668 2922 utique
698 2855 766 2909 ab
801 2870 887 2919 eo,
917 2856 1005 2922 qui
1039 2856 1198 2910 ﬁdem
1231 2855 1500 2925 repudiat.
1531 2856 1684 2921 Quod
1715 2858 1757 2912 si
1790 2858 2057 2927 quispiam

483 2946 550 2999 de
577 2945 736 3000 domo
764 2946 952 3013 David,
1005 2948 1108 3002 hoc
1139 2959 1244 3012 est,
1295 2948 1360 3001 de
1388 2947 1690 3002 illustribus
1740 2956 1795 3004 et
1831 2949 2062 3005 honora-

484 3035 706 3091 tissimis
735 3039 874 3105 apud
914 3038 1060 3106 ipsos
1105 3038 1262 3094 [idem
1303 3038 1628 3107 susceperit,
1657 3048 1712 3094 et
1743 3040 2056 3110 mysterium

2162 1947 2302 2017 νερῷ
2339 1947 2609 2014 Ἰουδαῖος,
2640 1952 2759 2006 οῦδὲ
2792 1955 2824 2022 ἠ
2853 1955 2911 2005 ἐν
2947 1954 3025 2024 τῷ
3055 1956 3274 2026 φανερῷ
3308 1959 3365 2011 ἐν
3395 1961 3560 2029 σαρκὶ
3589 1977 3742 2030 περι-

2161 2036 2318 2107 τομὴ,
2333 2038 2446 2090 ἀλλ’
2459 2040 2486 2092 ὁ
2505 2039 2562 2093 ἐν
2578 2040 2664 2110 τῷ.
2676 2043 2902 2112 κρυπτῴ
2930 2045 3197 2109 Ἰουδαῖος,
3214 2049 3308 2100 καὶ
3323 2065 3388 2099 πε
3399 2051 3589 2119 ριτομὴ
3607 2068 3742 2122 καρ-

2162 2127 2278 2191 δίας
2309 2130 2365 2181 ἐν
2400 2129 2692 2200 πνεύματι,
2720 2134 2780 2185 ού
2814 2135 3120 2205 γράμματι,
3153 2131 3215 2190 οῦ
3245 2141 3272 2190 ὁ
3305 2138 3522 2202 ἔπαινος
3551 2141 3650 2194 οὐκ
3683 2143 3739 2207 ἐξ

2162 2215 2484 2286 ἀνθρώπων,
2517 2219 2630 2270 ἀλλ’
2661 2221 2723 2272 ἐκ
2762 2221 2917 2275 Θεοῦ.
2958 2242 2976 2273 ι
3018 2225 3138 2286 Πῶς
3177 2226 3274 2279 οὐκ
3316 2227 3575 2296 ἀμείνων,
3620 2233 3739 2283 κατ’

2162 2307 2361 2378 ἀρετὴν
2396 2311 2706 2380 ἡττώμενος
2738 2313 2845 2365 τῶν
2871 2316 3216 2384 νομομαθὼν,
3249 2320 3342 2372 καὶ
3374 2323 3740 2390 ἐντιμοτάτων

2163 2397 2314 2467 παρά
2364 2398 2654 2462 Ἰουδαίοις,
2690 2401 2790 2453 κᾶν
2824 2405 2872 2454 εἰ
2903 2404 3015 2472 έχοι
3044 2406 3204 2475 τυχὸν
3237 2409 3518 2473 ἀσθενείας
3551 2411 3739 2480 λείψα·

2161 2505 2270 2551 νον,
2321 2487 2396 2550 ὡς
2447 2488 2599 2543 οὔπω
2649 2491 3119 2564 βεϐαπτισμένος;
3171 2499 3259 2568 Τῷ
3293 2500 3401 2569 γὰρ
3445 2502 3738 2568 ὑγιαίνοντι

2165 2579 2322 2650 μέρει
2366 2581 2466 2650 τῆς
2545 2583 2737 2635 ἑαυτοῦ
2791 2587 3049 2656 καρδίας,
3103 2591 3345 2644 τουτέστι
3410 2595 3477 2663 τῇ
3537 2595 3735 2660 πίστει,

2159 2669 2346 2723 διοίσει
2377 2672 2592 2735 πάντως
2622 2673 2716 2726 τοῦ
2748 2676 2846 2745 τὴν
2878 2677 3059 2732 πίστιν
3083 2679 3143 2730 ού
3170 2683 3550 2752 προσιεμένου.
3590 2686 3651 2738 El
3681 2686 3738 2738 δὲ

2159 2758 2223 2826 δὴ
2259 2757 2365 2810 τῶν
2408 2760 2471 2812 ἐκ
2499 2759 2594 2812 τοῦ
2636 2763 2787 2816 οἴκου
2821 2765 3004 2832 Δαόὶδ,
3037 2770 3284 2822 τουτέστι
3337 2773 3447 2825 τῶν
3478 2775 3608 2843 παρ’
3640 2776 3739 2828 αῦ-

2160 2853 2273 2912 τοῖς
2320 2851 2610 2922 λαμπρῶν,
2666 2855 2761 2908 καὶ
2809 2859 3178 2928 ἐντιμοτάτων
3235 2865 3600 2932 παραδέξαιτό
3652 2883 3738 2930 τις

2159 2943 2257 3014 τὴν
2291 2945 2487 3009 πίστιν,
2515 2947 2609 2998 καὶ
2651 2948 2729 3010 εἰς
2759 2948 2973 3002 σύνεσιν
3011 2946 3072 3003 εὖ
3106 2951 3250 3020 μάλα
3282 2955 3343 3006 τὸ
3372 2957 3605 3026 Χριστοῦ
3638 2975 3736 3027 μυ-

2161 3037 2381 3106 στήριον
2438 3037 2586 3108 αὺτῷ
2639 3040 2879 3106 γένοιτο,
2933 3045 3306 3115 προσκυνητὸς
3363 3039 3515 3109 οὗτος
3563 3047 3734 3111 ἔσται,

479 3127 683 3182 Christi
721 3129 1024 3182 rectissime
1057 3128 1400 3193 intellexerit,
1441 3130 1527 3184 hic
1553 3131 1658 3186 erit
1690 3132 2052 3195 venerandus,

2165 3146 2183 3177 ι
2231 3129 2324 3180 καὶ
2349 3123 2496 3192 οἶκος
2537 3129 2691 3195 Θεοῦ,
2739 3132 2832 3184 καὶ
2872 3132 2946 3194 ὼς
2983 3134 3210 3202 ἄγγελος
3259 3137 3463 3208 Κυρίου
3507 3139 3738 3192 ἐνώπιον

486 3237 506 3271 ι
536 3229 591 3274 et
623 3219 814 3275 domus
839 3221 957 3285 Dei,
989 3229 1044 3276 et
1077 3231 1136 3275 ut
1175 3222 1397 3292 angelus
1437 3223 1648 3278 Domini
1680 3223 1734 3277 in
1759 3233 2054 3294 conspectu

480 3325 744 3366 coruum
801 3311 990 3368 Simile
1031 3313 1284 3382 quiddam
1341 3323 1396 3368 et
1458 3314 1797 3370 Salvatorem
1849 3315 2054 3371 dixisse

485 3410 668 3457 uotum
711 3410 792 3458 est
841 3403 958 3468 ;ait
1006 3404 1148 3458 enim
1184 3423 1197 3458 :
1240 3422 1259 3455 ι
1290 3403 1481 3460 Omnis
1520 3405 1699 3460 scriba
1754 3405 1944 3460 doctus
2003 3406 2056 3459 in

484 3507 651 3563 regno
680 3493 941 3548 caelorum
979 3495 1168 3549 similis
1215 3505 1300 3551 est
1330 3495 1533 3550 homini
1569 3496 1943 3566 patrifamilias
1965 3499 2054 3566 qui

485 3583 691 3654 profert
734 3583 802 3640 de
832 3587 1083 3641 thesauro
1122 3601 1222 3642 suo
1271 3602 1407 3641 nova
1485 3597 1542 3642 et
1588 3596 1768 3642 vetera
1786 3587 1853 3643 ⁸³.
1883 3606 1903 3640 ι
1952 3589 2054 3656 Qui

484 3679 630 3733 enim
677 3679 1040 3750 cognitionem
1099 3679 1232 3749 legis
1290 3679 1342 3733 in
1401 3679 1580 3749 seipso
1631 3689 1688 3733 ut
1741 3679 2054 3736 thesaurum

483 3769 766 3823 collectmn
806 3769 990 3833 habet,
1040 3769 1085 3823 si
1129 3767 1498 3836 evangelicam
1533 3767 1861 3838 adjunxerit,
1905 3772 2056 3828 dives

483 3861 702 3930 quidam
752 3861 1109 3931 intelligentia
1145 3863 1273 3929 erit,
1324 3878 1463 3934 nova
1511 3871 1566 3918 et
1607 3871 1790 3918 vetera
1842 3863 2056 3919 theore-

484 3961 654 4020 mata,
688 3966 782 4007 seu
826 3967 914 4008 res
955 3953 1386 4008 consideratione
1425 3953 1617 4023 dignas
1661 3954 1900 4010 discendi
1938 3964 2054 4009 stu-

482 4043 651 4100 diosis
689 4054 942 4116 tanquam
980 4062 1047 4101 ex
1081 4047 1383 4116 apothecis,
1414 4061 1508 4101 seu
1555 4045 1891 4114 repositoriis
1915 4061 2054 4116 pro-

483 4148 687 4202 ponens
723 4151 735 4187 :
773 4135 952 4204 qualis
993 4147 1111 4192 erat
1139 4138 1351 4192 divinus
1377 4135 1596 4200 Paulus,
1640 4136 1799 4191 modo
1829 4151 1891 4190 ex
1939 4135 2056 4204 lege

483 4224 665 4294 petitis
699 4225 1102 4295 probationibus
1142 4241 1448 4283 sermonem
1494 4228 1562 4282 de
1599 4225 1816 4281 Christo
1857 4228 2056 4282 contir-

483 4328 632 4368 mare
673 4314 918 4377 enitens,
955 4315 1114 4368 modo
1145 4317 1310 4370 etiam
1360 4315 1606 4371 doctrina
1651 4329 1849 4368 arcana
1891 4329 2053 4385 supra

2157 3219 2356 3274 αὐτῶν.
2397 3239 2414 3270 ι
2452 3221 2700 3275 Τοιοῦτόν
2741 3241 2794 3276 τι
2825 3225 2918 3276 καὶ
2946 3225 3107 3288 αὐτὸς
3134 3227 3162 3278 ὁ
3202 3227 3390 3296 Σωτὴρ
3421 3227 3736 3296 εὑρίσκεται

2155 3311 2328 3379 λέγων
2347 3328 2359 3341 ·
2387 3311 2490 3381 ἔφη
2519 3313 2647 3382 γὰρ,
2669 3315 2750 3366 ὅτι
2780 3333 2797 3366 r
2838 3317 2950 3378 Πᾶς
2976 3317 3014 3367 Γ
3019 3318 3341 3386 ραμματεὺς
3375 3317 3738 3387 μαθητευθεὶς

2157 3403 2213 3455 ἐν
2243 3406 2307 3472 τῇ
2339 3402 2584 3474 βασιλείᾳ
2611 3405 2719 3458 τῶν
2758 3406 3021 3476 οὐρανῶν,
3057 3409 3242 3477 ὅμοιός
3278 3411 3426 3460 ἐστιν
3466 3409 3738 3478 ἀνθρώπῳ

2155 3494 2525 3566 οἰκοδεσπότῃ.
2587 3497 2739 3559 ὅστις
2764 3498 3016 3551 ἐκϐάλλει
3046 3500 3111 3552 ἐκ
3139 3500 3234 3552 τοῦ
3265 3499 3541 3570 θησαυροῦ
3572 3501 3740 3555 αὐτοῦ

2156 3584 2318 3638 καινὰ
2343 3586 2439 3637 δια)⁸
2463 3586 2688 3640 παλαιά.
2721 3605 2738 3638 ι
2789 3587 2847 3642 Ὀ
2881 3588 2990 3660 γὰρ
3017 3589 3156 3659 ἔχων
3185 3591 3285 3661 ἤδη
3313 3591 3739 3662 τεθησαυρισμέ-

2155 3692 2252 3744 νην
2297 3679 2352 3728 ἐν
2395 3677 2571 3746 ἑαυτῷ
2601 3678 2700 3749 τὴν
2727 3677 2822 3730 τοῦ
2866 3678 3031 3749 νόμου
3078 3681 3298 3748 γνῶσιν,
3343 3682 3393 3734 εί
3440 3683 3737 3752 προσλάϐοι

2155 3766 2253 3836 τὴν
2301 3767 2687 3838 εὐαγγελικὴν,
2723 3768 2978 3833 πλούσιος
3031 3770 3185 3824 ἔσται
3236 3789 3319 3834 τις
3368 3773 3447 3836 είς
3500 3772 3735 3838 σύνεσιν,

2157 3858 2320 3911 καινά
2348 3875 2406 3910 τε
2431 3860 2525 3912 καὶ
2581 3860 2788 3913 παλαιά
2830 3859 3182 3932 θεωρήματα,
3231 3862 3481 3932 καθάπερ
3509 3864 3566 3927 ἐξ
3597 3864 3735 3916 άπο-

2156 3947 2476 4017 θηκῶν,τοῖς
2505 3948 2828 4018 φιλομαθέσι
2889 3952 3248 4020 παρατιθείς·
3309 3952 3497 4016 ὁποῖός
3541 3970 3627 4015 τις
3671 3950 3738 4023 ἦν

2154 4037 2182 4088 ὁ
2212 4037 2499 4101 θεσπέσιος
2543 4036 2775 4102 Παῦλος,
2823 4040 2953 4092 ποτὲ⁹
3001 4040 3099 4109 μὲν
3141 4043 3394 4110 νομικαίς
3425 4041 3734 4104 ἀποδείξεσι

2154 4129 2245 4182 τὸν
2278 4131 2405 4200 περὶ
2447 4129 2683 4200 Χριστοῦ
2718 4131 2875 4198 λόγον
2919 4132 3188 4201 ἐμπεδοῦν
3233 4133 3558 4202 ἐπιχειρῶν·
3604 4134 3737 4186 ποτέ

2155 4220 2210 4273 δὲ
2255 4221 2346 4273 καὶ
2393 4224 2512 4284 ταῖς
2561 4223 2700 4292 ὑπὲρ
2746 4223 2908 4292 νόμον
2950 4227 3359 4294 μυσταγωγίαις
3398 4225 3738 4279 συνελαύνων

2154 4313 2352 4382 τρόπον
2386 4315 2510 4368 τινὰ
2551 4315 2676 4377 τοὺς
2707 4315 3089 4384 ἀκροωμένους
3120 4317 3200 4380 εἷς
3228 4333 3292 4384 γε
3325 4316 3383 4368 τὸ
3417 4317 3634 4370 ἑλέσθαι
3669 4321 3734 4387 τῇ

482 4404 653 4474 legem
679 4405 955 4460 audientes
977 4405 1043 4459 ad
1070 4405 1410 4460 voluntatem
1438 4406 1492 4459 in
1523 4405 1641 4474 ejus
1663 4405 1766 4458 [ide
1787 4404 2052 4474 gloriandi

2161 4404 2234 4465 εἰς
2282 4403 2445 4458 αὑτὸν
2493 4403 2671 4456 πίστει
2700 4404 3221 4474 κατασεμνύνεσοαι.
3274 4406 3411 4460 Ποτὲ
3466 4407 3566 4476 μὲν
3627 4407 3734 4476 γὰρ

480 4493 829 4562 compellens.
874 4493 1178 4562 Aliquando
1221 4493 1489 4563 siquidem
1534 4493 1752 4548 dicebat
1783 4511 1797 4546 :
1831 4511 1849 4544 ι
1887 4493 2056 4546 Dicite

2161 4492 2363 4562 ἔφασκε
2385 4510 2397 4522 ·
2438 4513 2456 4545 ι
2492 4493 2691 4561 Λέγετέ
2725 4511 2836 4564 μοι,
2865 4494 2915 4545 οἱ
2945 4494 3050 4546 ὑπὸ
3079 4495 3241 4561 νόμον
3283 4495 3527 4557 θέλοντες
3567 4490 3730 4559 εἶναι,

485 4585 642 4648 mihi,
675 4585 764 4650 qui
789 4585 889 4640 sub
915 4585 1032 4656 lege
1073 4598 1196 4639 esse
1223 4584 1417 4639 vultis:
1451 4582 1650 4653 Legem
1683 4598 1788 4638 non
1819 4584 2058 4638 auditis?

2161 4584 2252 4636 τὸν
2277 4585 2441 4654 νόμον
2465 4583 2688 4637 ἀκούετε
2711 4601 2725 4649 ;
2755 4583 3067 4653 Γέγραπται
3092 4583 3220 4656 γὰρ,
3242 4585 3321 4638 ὅτι
3369 4583 3617 4653 Ἀδραάμ
3640 4585 3733 4638 δύο

487 4673 652 4743 782
680 4673 950 4742 Scriptum
993 4683 1078 4730 est
1112 4677 1276 4738 enim,
1318 4672 1574 4742 quoniam
1617 4671 1888 4726 Abraham
1923 4673 2059 4729 duos

2161 4673 2312 4735 υἱοὺς
2357 4672 2534 4744 ἔσχεν,
2569 4673 2664 4726 ἕνα
2694 4675 2758 4724 ἐκ
2785 4674 2883 4742 τῆς
2927 4671 3236 4740 παιδίσκης,
3269 4672 3361 4724 καὶ
3393 4671 3487 4724 ἕνα
3531 4673 3596 4724 ἐκ
3637 4673 3734 4741 τῆς

483 4765 625 4820 tllios
655 4765 863 4830 habuit,
889 4781 1054 4820 unum
1080 4765 1148 4820 de
1173 4764 1390 4832 ancilla,
1418 4773 1474 4820 et
1495 4779 1658 4818 unum
1681 4763 1747 4820 de
1769 4763 1936 4820 libera
1963 4779 2058 4833 per

2163 4765 2451 4836 ἐλευθέρας
2490 4765 2556 4818 δι’
2619 4763 2970 4834 ἐπαγγελίας,
3021 4765 3181 4818 ἀτινά
3225 4766 3370 4817 ἐστιν
3409 4763 3737 4834 ἀλληγορού-

488 4857 996 4925 repromissionem,
1047 4872 1164 4928 quae
1207 4869 1334 4914 sunt
1382 4873 1480 4928 per
1524 4855 1836 4927 allegoriam
1889 4855 2053 4912 dicta.

2166 4871 2322 4924 μενα.
2367 4848 2539 4907 Αῦται
2593 4854 2696 4924 γάρ
2740 4855 2846 4906 εἰσι
2877 4851 2967 4907 δύο
3014 4852 3288 4922 διαθῆκαι,
3344 4852 3443 4921 μία
3493 4851 3591 4920 μὲν
3643 4851 3735 4904 ἀπ’

487 4946 614 5002 llaec
651 4947 795 5001 enim
842 4959 969 5004 sunt
1012 4948 1117 5003 duo
1152 4957 1492 5012 testamenta,
1550 4963 1712 5004 unum
1759 4946 1974 5016 quidem
2026 4962 2056 5000 a

2161 4945 2321 5016 ὅρους
2348 4947 2497 5010 Σινᾶ,
2529 4945 2607 5008 είς
2638 4943 2883 4997 δουλείαν
2912 4943 3177 5012 γεννῶσα,
3209 4943 3328 5013 ἥτις
3360 4941 3506 4996 ἐστὶν
3537 4943 3734 5010 Ἅγαρ·

489 5043 672 5091 monte
699 5034 851 5102 Sina,
884 5037 936 5091 iu
967 5038 1281 5094 servitutem
1309 5024 1591 5108 generatis,
1618 5052 1740 5108 quae
1759 5047 1842 5092 est
1877 5037 2057 5106 Agar;

2162 5037 2222 5089 τὸ
2248 5035 2357 5104 γὰρ
2392 5035 2593 5106 Ἅγαρ,
2627 5035 2749 5105 ὅρος
2781 5035 2929 5088 ἐστὶν
2975 5036 3034 5089 ὲν
3075 5037 3140 5105 τῇ
3185 5033 3430 5104 Ἀραὸίᾳ,
3469 5034 3739 5102 συστοιχεί

487 5125 632 5196 Agar
670 5126 813 5180 enim
842 5141 1000 5183 mons
1039 5129 1204 5183 estin
1251 5128 1472 5194 Arabia,
1508 5129 1598 5198 qui
1633 5126 1950 5196 conjunctus
1977 5135 2060 5180 est

2161 5128 2212 5181 δὲ
2250 5129 2318 5197 τῇ
2351 5125 2446 5179 νῦν
2484 5125 2856 5196 Ἰερουσαλήμσ
2893 5125 3134 5179 δουλεύει
3166 5124 3276 5194 γάρ
3323 5124 3460 5195 μετά
3505 5125 3613 5177 τῶν
3652 5125 3738 5175 τέ-

486 5206 536 5272 ei
569 5234 688 5288 qua:
718 5234 859 5274 nunc
887 5228 971 5276 est
992 5218 1316 5285 Jerusalem,
1347 5229 1402 5275 et
1429 5220 1594 5274 servit
1618 5233 1740 5274 cum
1771 5218 1896 5271 liliis
1923 5219 2056 5272 suis.

2161 5234 2301 5272 κνων
2322 5216 2510 5286 αὐτῆς.
2554 5216 2620 5270 'll
2651 5216 2707 5269 δὲ
2733 5217 2844 5272 ἀνω
2876 5216 3230 5289 Ἰερουσαλὴμ
3273 5215 3533 5286 ἐλευθέρα
3563 5217 3735 5277 ἐστὶν,

487 5307 617 5372 Qua:
645 5316 821 5364 autent
860 5324 1073 5364 sursum
1114 5318 1196 5364 est
1237 5307 1562 5373 Jerusalem,
1593 5307 1761 5363 libera
1808 5316 1908 5371 est,
1941 5323 2061 5376 qua:

2161 5313 2278 5382 ἥτις
2325 5309 2441 5362 ἐστί
2490 5310 2670 5382 μήτηρ
2723 5309 2899 5380 ἡμῶν.
2955 5327 2972 5360 ι
3039 5309 3174 5361 Ποτὲ
3225 5309 3281 5361 δὲ
3323 5308 3417 5362 καὶ
3473 5308 3605 5376 περὶ
3647 5306 3737 5359 τοῦ

431 5423 458 5434 -
488 5408 572 5452 est
596 5408 768 5455 mater
798 5409 980 5456 nostra
1002 5400 1071 5454 “.
1103 5417 1122 5453 ι
1152 5400 1459 5471 Aliquando
1497 5409 1679 5454 autem
1722 5407 1778 5454 et
1809 5399 1874 5453 de
1901 5397 2058 5465 Filio,

2161 5400 2312 5468 Υίοῦ,
2343 5420 2363 5455 ι
2403 5405 2498 5466 Ὃς
2526 5402 2600 5455 ὢν
2631 5401 2971 5472 ἀπαύγασμα
2989 5404 3087 5472 τῆς
3113 5400 3292 5471 δόξης,
3329 5399 3427 5461 καὶ,
3455 5397 3744 5470 χαρακτὴρ

560 5573 607 5606 ⁸³
633 5573 786 5629 llum.
815 5594 874 5642 ιι,
907 5577 994 5645 14,
1028 5578 1114 5633 l5.
1192 5577 1238 5610 "‘
1263 5576 1395 5634 Ibid.
1425 5577 1611 5633 95—29.
1689 5575 1733 5607 ⁸⁸
1763 5574 1956 5630 Matth.
1995 5590 2062 5630 xu

2161 5575 2236 5630 32.
2308 5577 2353 5606 ⁸⁸
2381 5577 2560 5632 (idat.
2589 5591 2660 5641 tv,
2685 5576 2877 5631 ‘2l-‘26.

561 5753 637 5822 (l)
666 5752 793 5820 Qua:
823 5753 1032 5809 uncinis
1061 5753 1262 5810 inclusa
1290 5765 1430 5823 sunt,
1471 5757 1665 5814 desunt
1701 5756 1752 5811 in
1778 5753 1986 5812 Greece.
2031 5753 2187 5808 EDl'l‘.
