4098 6470
269 399 370 458 τοι

1106 400 1672 463 ΕΟΜΜΕΝΤΑΚΙΠΞ
1702 405 1772 464 ΙΝ
1815 407 2222 466 ΖΑΕΗΑΒῙΑΠ
2259 405 2708 464 ΡΒοΡΠΕΤᾹΜ.

3443 407 3558 464 2‘22

268 516 368 589 τῆς
396 514 752 579 ὑποστάσεως
785 513 976 582 αὐτοῦ,
1007 516 1192 590 φέρων
1242 536 1304 574 τε
1335 521 1406 576 τὰ
1434 522 1616 578 πάντα
1649 525 1730 595 τῷ
1767 527 1865 597 ῥή-

1974 546 1994 581 ι
2031 527 2135 595 Qui
2167 540 2289 582 cum
2313 527 2387 582 sit
2411 523 2672 595 splendor
2705 523 2914 594 gloriae,
2940 531 2996 577 et
3026 521 3194 594 ﬁgura
3230 522 3563 580 substantias

272 624 400 680 ματι
420 605 525 678 τῆς
549 606 835 678 δυνάμεως
861 607 1051 676 αὐτοῦ,
1078 610 1149 665 δι’
1164 611 1363 686 ἑαυτοῦ,
1385 614 1729 686 καθαρισμὸν
1748 617 1855 672 τῶν

267 700 558 773 ἁμαρτιῶν
595 701 756 772 ἡμῶν
783 702 1176 775 ποιησάμενος,
1202 705 1459 761 ἐκάθισεν
1488 709 1548 763 ἐν
1573 709 1725 783 δεξιᾷ
1762 711 1867 766 τοῦς

267 791 454 861 θρόνου
492 794 596 864 τῆς
631 795 1004 868 μεγαλοσύνης
1031 800 1090 852 ὲν
1111 797 1366 869 ὑψηλοῖς.
1405 819 1425 851 ι
1457 801 1663 866 Συνιεῖς
1693 798 1856 862 οὖν...

267 884 518 948 παλαιοῖς
544 901 605 939 τε
645 885 764 956 ἅμα
795 889 890 941 καὶ¹
915 888 1056 954 νέοις
1095 890 1436 963 παιδεύμασι
1471 894 1572 958 τὰς
1593 893 1706 948 τῶν
1730 913 1859 950 παιο

264 976 698 1048 δαγωγουμένων
726 980 934 1051 ὀνίνησι
962 981 1162 1052 ψυχάς.
1200 1003 1225 1037 ιι
1279 986 1475 1040 Ἔσται
1503 988 1706 1053 τοίνυν,
1749 1006 1859 1061 φη-

268 1071 450 1178 σὶν-’ὁ
493 1065 643 1136 οἶκος
699 1072 889 1174 Δαδὶδ,
942 1074 1022 1140 ὡς
1073 1076 1308 1148 ἄγγελος
1358 1078 1568 1152 Κυρίου
1628 1080 1860 1138 ἐνώπιον

266 1172 468 1216 αὑτων.
519 1181 542 1215 ι
768 1194 778 1206 ι
799 1172 812 1174 “
1707 1172 1714 1180 ’

328 1296 449 1353 Καὶ
487 1300 690 1369 ἔσται,
725 1303 894 1374 ἐγῖῇ
940 1305 1135 1376 ἡμέρᾳ
1206 1308 1411 1381 ἐκείνῃ
1466 1310 1700 1381 ζητήσω
1753 1314 1870 1369 τοῦ·

260 1387 470 1456 ἐξᾶραι
517 1391 718 1449 πάντα
759 1396 832 1450 τὰ
872 1396 1042 1466 ἔθνη,
1084 1397 1158 1452 τὰ
1197 1400 1570 1471 ἐπερχόμενα
1601 1403 1700 1457 ἐπὶ
1761 1406 1864 1460 Ἰε-

256 1483 606 1554 ρουσαλὴμ,
659 1486 759 1542 καί
803 1486 962 1557 ἐκχῶ
996 1488 1096 1543 ἐπὶ
1140 1489 1250 1545 τὸν
1293 1488 1464 1546 οἶκον
1508 1494 1702 1560 Δαϐὶδ,
1760 1495 1861 1549 καί

259 1573 352 1626 ἐπὶ
429 1574 580 1641 τοὺς
645 1577 1080 1647 κατοικοῦντας
1158 1581 1553 1654 Ἰερουσαλὴμ
1623 1587 1866 1656 πνεῦμα

260 1662 524 1734 χάριτος,
553 1668 652 1724 καὶ
667 1671 994 1740 οἰκτιρμοῦ,
1016 1671 1116 1727 καὶ
1136 1673 1564 1744 ἐπιϐλέψοονται
1585 1681 1738 1746 πρός
1759 1696 1858 1749 με.

325 1797 447 1864 ιιΓν.
486 1799 700 1865 Σκοπός
730 1801 849 1856 ἐστί
885 1820 998 1874 μοι,
1049 1804 1236 1876 φησὶν,
1269 1808 1462 1879 ἐξᾶραι
1503 1809 1604 1880 μὲν
1631 1811 1699 1864 τὰ
1733 1810 1860 1884 ἔθνη

1959 619 2101 690 ejus,
2137 627 2468 688 portansque
2510 616 2692 672 omnia
2739 615 2906 671 verbo
2943 613 3160 669 virtutis
3193 627 3323 680 suae,
3363 628 3462 684 per
3490 629 3565 670 se.

1960 714 2136 785 ipsum
2165 713 2540 784 purgationem
2573 719 2920 780 peccatorum
2964 717 3273 765 nostrorum
3323 708 3551 774 faciens,

1959 807 2102 863 sedit
2136 807 2188 862 in
2231 807 2454 862 dextera
2501 805 2684 860 throni
2723 802 3023 871 maiestatis
3077 801 3132 856 in
3172 800 3404 856 excelsis
3423 789 3490 856 δέ.
3527 821 3560 852 μ

1960 895 2218 967 Intelligis
2265 909 2398 966 ergo
2428 932 2442 948 .
2480 934 2495 949 .
2533 931 2548 946 .
2581 931 2597 946 .
2633 933 2648 946 .
2681 931 2696 946 .
2758 889 3033 946 veteribus
3078 887 3239 944 simul
3306 896 3362 942 et
3399 885 3564 940 novis-

1961 988 2235 1044 doctrinis‘
2273 987 2646 1042 institutorum
2707 982 2906 1037 animis
2966 979 3298 1035 commodet.
3371 995 3390 1027 ι
3437 976 3564 1030 Erit

1962 1079 2146 1150 igitur,
2182 1079 2378 1148 inquit,
2423 1078 2614 1134 domus
2658 1075 2849 1142 David,
2895 1082 2956 1128 ut
2988 1071 3216 1141 angelus
3251 1068 3462 1124 Domini
3497 1068 3553 1121 in

1960 1182 2257 1241 conspectu
2287 1185 2500 1226 eorum.
2531 1187 2556 1221 ι

2033 1308 2199 1362 Vnus.
2235 1307 2292 1371 9,
2332 1306 2420 1360 I0.
2465 1304 2533 1358 Et
2573 1305 2668 1358 erit
2694 1302 2748 1357 in
2797 1302 2884 1356 die
2915 1299 3032 1364 illa,
3066 1313 3302 1368 quwram
3339 1297 3553 1366 auferre

1964 1417 2142 1455 omnes
2196 1405 2394 1470 gentes,
2451 1411 2568 1467 qua:
2623 1395 2837 1449 veniunt
2890 1402 3074 1448 contra
3122 1389 3446 1454 Jerusalem,
3500 1398 3551 1443 et

1962 1491 2232 1559 e/fundam
2276 1503 2438 1558 super
2482 1487 2696 1540 domum
2734 1485 2922 1551 David,
2971 1493 3017 1537 et
3065 1498 3221 1550 super
3259 1481 3552 1534 habitantes

1963 1577 2263 1634 Jerusalem
2303 1577 2544 1645 spiritum
2585 1575 2776 1646 gratim
2809 1583 2857 1628 et
2893 1572 3298 1638 misericordiw,
3333 1579 3380 1624 et
3409 1571 3554 1639 aspi-

1965 1673 2100 1728 cient
2135 1673 2207 1726 ad
2237 1687 2340 1728 me.

2037 1805 2220 1861 XCIII.
2261 1802 2560 1860 Consilium
2587 1816 2768 1885 metum
2795 1809 2907 1868 est,
2945 1799 3148 1870 inquit,
3179 1797 3423 1863 auferre,
3455 1799 3551 1853 de-

260 1885 324 1940 τὰ
349 1890 732 1960 μεμαχημένα
760 1895 826 1964 τῇ
855 1873 990 1966 ἁγία
1036 1873 1212 1962 πόλει,
1239 1873 1589 1972 τουτέστι-τῇ
1635 1873 1864 1973 Ἐκκληί

1969 1899 2077 1955 lere
2106 1907 2314 1969 gentes,
2336 1912 2457 1966 quae
2478 1873 2754 1954 civitatem
2776 1902 3048 1957 sanctam,
3069 1900 3196 1962 puta
3229 1889 3556 1955 Ecclesium,

260 1978 382 2050 σίᾳο
435 1980 627 2052 χάριτί
656 1999 722 2051 γε
761 1985 870 2056 μὴν
910 1987 1009 2042 καὶ
1057 1990 1365 2062 οίκτιρμοῖς
1415 1993 1733 2064 περιϐαλεῖν
1771 1995 1862 2050 τὸν

258 2064 406 2124 οἷκον
478 2071 671 2140 Ἰούδα,
718 2074 816 2128 καὶ
859 2078 987 2141 τοὺς
1034 2080 1428 2146 κατοικοῦντας
1481 2083 1861 2157 Ἰερουσαλὴμ,

257 2165 509 2219 τουτέστι
547 2168 678 2232 τοὺς
723 2169 826 2240 τῆς
880 2171 1210 2244 Ἐκκλησίας
1239 2175 1486 2241 πολίτας,
1536 2180 1631 2232 καὶ⁹
1659 2181 1718 2232 ἐν
1750 2182 1864 2244 τοῖς

257 2259 428 2314 αίνεῖν
475 2260 757 2331 ὀιρείλουσι
807 2268 1324 2339 κατατεταγμένους
1349 2286 1362 2301 ο
1394 2265 1506 2324 εἷεν
1533 2271 1581 2326 δ’
1612 2273 1678 2326 ἂν
1717 2267 1863 2328 οὗτοι

257 2348 421 2403 πάλιν
455 2351 507 2404 οἱ
537 2352 982 2423 προσκυνοῦντες
1013 2357 1260 2430 Χριστῷ,
1292 2358 1389 2412 καὶ
1416 2361 1532 2424 τοῖς
1576 2361 1864 2430 εὐαγγελι-

256 2441 368 2503 κοῖς
396 2439 780 2512 θεσπίσμασιν
809 2443 1038 2499 ἕπεσθαι
1063 2448 1354 2518 ᾑρημένοι,
1401 2451 1504 2521 τὴν
1557 2451 1758 2506 εὐκλεᾶ
1803 2469 1862 2506 τε

257 2531 348 2584 καὶ
404 2531 828 2603 ἀνεπίπληκτον
879 2535 1274 2606 κατορθοῦντες
1336 2537 1506 2610 ζωήν.
1574 2540 1699 2593 Ὅτι
1753 2541 1863 2613 γὰρ

257 2621 489 2691 ἔμελλον
519 2625 882 2695 ἀρρωστῆσαι
904 2627 966 2680 τὸ
993 2627 1186 2682 άναλκι
1226 2629 1402 2701 πάντη
1431 2648 1493 2684 τε
1523 2634 1618 2686 καὶ
1645 2633 1864 2698 πάντως

256 2716 302 2768 οί
327 2714 438 2785 τῆς
468 2715 735 2787 ἀληθείας
758 2717 966 2788 ἐχθροὶ,
999 2723 1258 2789 σαφηνιεῖ
1302 2721 1478 2790 λέγων
1516 2725 1612 2777 καὶ
1640 2725 1806 2788 αύτδς
1834 2727 1863 2780 ὁ

259 2807 493 2879 Σωτήρο
548 2825 570 2860 ι
629 2809 702 2862 Σὺ
748 2804 800 2862 εἴ
834 2810 1060 2883 Πέτρος,
1101 2813 1197 2866 καὶ
1243 2814 1336 2867 ἐπὶ
1365 2815 1537 2886 ταύτῃ
1573 2818 1639 2887 τῇ
1689 2818 1865 2888 πέτρᾳ

258 2897 610 2969 οἰκοδομήσω
642 2914 743 2969 μου
771 2897 872 2970 τὴν
911 2899 1262 2971 Ἐκκλησίαν,
1299 2902 1394 2956 καὶ
1427 2902 1592 2957 πύλαι
1625 2903 1754 2974 ᾅδου
1800 2905 1862 2957 οὐ

258 2990 697 3060 κατισχύσουσιν
721 2991 912 3063 αὐτῆς.
945 3011 964 3044 ι
1001 2993 1132 3047 Ἰδοὺ
1163 2986 1265 3046 ὧδε
1291 2994 1466 3057 πύλας
1497 2996 1623 3059 τοὺς
1647 2995 1864 3052 διιῖικειν

257 3082 431 3153 αὐτὴν
486 3082 794 3148 ἐθέλοντας,
841 3083 1030 3155 φησὶν,
1080 3079 1193 3139 οἷον
1237 3084 1495 3156 ὀλέθρους
1544 3086 1724 3152 ὄντας,
1768 3089 1864 3142 καὶ

257 3173 524 3273 φθόρους,
557 3175 652 3230 καὶ
675 3177 759 3239 είς
796 3176 1077 3273 πέταυρον⁸
1097 3176 1224 3248 ᾅδου
1259 3179 1654 3250 κατακομίζειν
1685 3181 1866 3236 είωθό-
1891 3215 1934 3273 C

255 3284 349 3331 τας
373 3268 516 3332 τοὺς
552 3267 991 3339 προσκειμένους
1019 3269 1225 3333 αὐτοῖς.
1268 3271 1619 3343 ’Δτονήσουσι
1645 3273 1711 3346 δὴ
1743 3269 1860 3346 (ᾖν,

259 3359 471 3430 μᾶλλον
499 3359 559 3414 δὲ
594 3359 692 3414 καὶ
716 3359 1115 3432 ἐξαρθήσονται
1143 3362 1192 3416 oi
1222 3363 1670 3435 πεπολεμηκότες
1700 3367 1863 3439 αὐτῇ,

256 3453 347 3507 καὶ
385 3453 718 3524 οἰχήσονται
763 3453 903 3524 πρὸς
947 3454 1247 3509 ἀπώλειαν.
1283 3473 1303 3508 ι
1359 3456 1561 3510 Πολλαὶ
1613 3458 1713 3530 μὲν
1756 3460 1868 3532 γὰρ

253 3544 718 3616 ὁμολογουμένως
737 3545 848 3599 τῶν
867 3545 1090 3601 δικαίων
1113 3547 1170 3599 αί
1187 3546 1397 3618 θλίψεις
1413 3564 1429 3580 ⁶
1452 3548 1565 3603 ἀλλ’
1588 3551 1654 3605 ἐκ
1677 3553 1868 3610 πασῶν

255 3634 444 3689 αὐτῶν
481 3634 710 3707 ῥύσεται
734 3635 932 3700 αὐτοὺς
951 3636 980 3689 ὁ
1010 3635 1234 3707 Κύριος.
1276 3655 1294 3689 ι
1333 3636 1446 3692 Καὶ
1473 3637 1622 3693 ἐστιν
1643 3640 1867 3711 ἀληθὲς,

255 3730 337 3782 ὅτι
383 3748 405 3782 ι
468 3727 678 3792 πάντες
717 3729 766 3782 οἱ
801 3727 1051 3793 θέλοντες
1093 3727 1195 3801 ζῇν
1236 3729 1478 3796 εὐσεϐῶς
1519 3732 1580 3786 ἐν
1621 3734 1864 3806 Χριστῷ,

256 3821 684 3892 διωχθήσονται.
721 3837 742 3872 ι
771 3820 920 3891 Πλὴν
953 3820 1195 3892 ἀνόνητα
1223 3823 1320 3876 καὶ
1357 3822 1564 3896 ἁδρανῆ
1600 3825 1710 3880 τῶν
1747 3828 1870 3881 ἐπι-

257 3911 640 3966 ϐουλευόντων
668 3911 741 3964 τὰ
770 3912 1088 3983 σκέμματα,
1124 3914 1220 3968 καὶ
1255 3913 1400 3968 αὐτὰ
1422 3915 1482 3969 δέ
1508 3915 1580 3968 τὰ
1611 3917 1869 3990 ἐγχειρή-

259 4020 411 4074 ματα
441 4000 666 4074 τίθησιν
691 4003 721 4055 ὁ
747 4002 1005 4074 Χριστὸς,
1041 4002 1100 4066 ὃς
1126 4002 1358 4058 δέδωκεν
1399 4022 1418 4056 ι
1453 4005 1589 4074 ἡμῖν
1616 4004 1870 4073 ἐξουσίαν

257 4099 460 4151 πατεῖν
501 4095 693 4150 ἐπάνω
721 4093 920 4165 ὄφεων,
951 4094 1049 4148 καὶ
1089 4094 1392 4168 σκορπίων,
1411 4087 1414 4090 ’
1436 4097 1532 4152 καὶ
1563 4097 1659 4150 ἐπὶ
1688 4099 1872 4155 πᾶσαν

255 4188 354 4261 τὴν
385 4188 633 4258 δύναμιν
660 4186 756 4240 τοῦ
786 4186 1008 4258 ἐχθροῦ.
1047 4205 1065 4240 ι
1097 4187 1520 4261 Παραθαρρύνει
1557 4206 1619 4242 τε
1655 4189 1831 4260 λέγων
1853 4208 1869 4222 ·

263 4300 284 4334 ι
327 4281 536 4351 Θλίψιν
587 4279 743 4350 ἔχετε
786 4281 847 4334 ἐν
879 4278 958 4351 τῷ
1001 4280 1216 4352 κόσμῳ,
1267 4281 1404 4338 ἀλλὰ
1449 4283 1724 4357 θαρσεῖτε,
1758 4285 1873 4356 ἐγὼ

256 4373 536 4443 νενίκηκα
584 4370 677 4424 τὸν
709 4370 936 4442 κόσμον.
992 4391 1012 4422 ι
1064 4369 1276 4427 Οὐκοῦν
1313 4371 1623 4446 ἐξαίρονται
1673 4378 1772 4448 μὲν
1819 4377 1872 4432 oi

256 4465 358 4534 τῆς
404 4459 744 4532 Ἐκκλησίας
774 4458 1293 4532 κατεξανιστάμενοι
1323 4463 1467 4518 κατὰ
1494 4468 1742 4537 καιροὺς,
1778 4469 1874 4523 ἐπὶ

1963 1997 2468 2061 oppugnaverunt:
2520 1987 2694 2057 gratia
2745 1994 2926 2040 autem
2988 1993 3044 2039 et
3099 1981 3544 2038 miserationibus

1964 2078 2427 2150 comprehendere
2451 2077 2671 2132 domum
2701 2073 2861 2140 Juda,
2903 2083 2961 2129 et
2993 2073 3300 2129 habitantes
3324 2069 3552 2126 Jerusa-

1965 2172 2092 2238 lem,
2122 2171 2224 2225 hoc
2249 2180 2356 2233 est,
2383 2167 2642 2224 Ecclesia:
2663 2166 2832 2232 cives,
2866 2172 2921 2220 et
2944 2177 3059 2230 eos,
3101 2161 3194 2232 qui
3222 2161 3289 2216 ad
3326 2159 3554 2214 laudau-

1965 2267 2092 2320 dum
2151 2261 2432 2319 constituti
2484 2268 2612 2316 sunt
2643 2277 2658 2314 :
2691 2257 2784 2328 qui
2836 2270 3057 2313 rursum
3111 2253 3284 2322 accipi
3330 2238 3559 2323 possunt

1966 2358 2256 2413 adorantes
2306 2353 2624 2417 Christum,
2674 2361 2729 2406 et
2788 2349 3052 2406 submissi
3102 2346 3340 2403 oraculis
3379 2361 3553 2402 evan-

1964 2447 2151 2519 gelicis
2178 2485 2196 2512 ,
2237 2444 2561 2500 laudabilem
2609 2441 2852 2512 nullique
2902 2441 3076 2512 culpa:
3121 2438 3334 2494 atlinem
3386 2438 3556 2492 vitam

1965 2539 2292 2594 excoleutes.
2341 2532 2640 2590 lmbecilles
2689 2533 2835 2588 enim
2881 2531 2998 2588 fore
3037 2529 3263 2587 omnino
3309 2529 3559 2584 veritatis

1967 2629 2236 2693 inimicos,
2265 2629 2604 2683 demonstrat
2635 2626 2752 2694 ipse
2777 2623 3030 2679 Salvator
3054 2637 3176 2678 cum
3209 2621 3338 2688 dicit
3372 2639 3384 2675 :
3423 2639 3442 2672 ι
3475 2619 3558 2674 Τιι

1964 2738 2025 2778 es
2056 2721 2270 2786 Petrus,
2299 2729 2356 2774 et
2403 2733 2566 2786 super
2613 2718 2753 2774 hanc
2785 2725 2996 2787 petram
3045 2714 3327 2771 aediﬁcabo
3369 2713 3560 2769 Eccle-

1965 2815 2102 2870 siam
2133 2827 2333 2878 meam,
2355 2820 2413 2866 et
2440 2818 2611 2880 portae
2639 2809 2802 2865 inferi
2826 2823 2934 2864 non
2964 2807 3338 2878 praevalebunt
3365 2807 3558 2862 adver-

1966 2919 2062 2961 sus
2108 2919 2229 2960 eam
2252 2903 2318 2957 ⁸⁸.
2357 2921 2378 2956 ι
2445 2887 2590 2958 Ecce
2652 2901 2745 2956 hic
2812 2909 3074 2955 conantes
3125 2912 3248 2953 eam
3303 2899 3556 2967 persequi

1967 3005 2153 3066 portas
2203 3004 2394 3060 vocat,
2460 2993 2624 3048 veluti
2686 3000 2902 3062 pestes,
2953 2998 3006 3045 et
3053 2990 3255 3054 exitia,
3311 2997 3367 3042 et
3426 2989 3558 3058 ipsis

1966 3090 2306 3144 adhaerentes
2339 3088 2406 3142 ad
2445 3085 2669 3156 pedicas
2712 3081 3010 3138 inferorum
3052 3081 3319 3136 deducere
3346 3080 3555 3134 solitos.

1968 3181 2286 3250 Torpebunt
2319 3178 2507 3249 igitur,
2545 3177 2654 3233 imo
2691 3166 2950 3231 tollentur
2988 3171 3080 3242 qui
3116 3171 3318 3228 bellum
3359 3172 3408 3226 ei
3443 3186 3559 3224 mo-

1966 3272 2170 3335 verint,
2200 3277 2256 3325 et
2301 3269 2356 3323 in
2392 3266 2693 3338 perniciem
2736 3265 2910 3319 ibunt.
2944 3281 2962 3316 ι
2992 3261 3174 3317 Multae.
3207 3262 3374 3326 enim,
3416 3260 3560 3330 quod

1969 3377 2132 3419 nemo
2176 3361 2373 3427 nescit,
2407 3369 2534 3415 sunt
2585 3357 2971 3419 tribulationes
3003 3355 3275 3424 justorum
3307 3372 3322 3408 :
3355 3355 3451 3410 sed
3491 3353 3560 3408 de

1969 3459 2056 3514 bis
2098 3455 2356 3514 omnibus
2395 3452 2651 3508 liberabit
2691 3465 2786 3507 eos
2826 3449 3086 3504 Dominus
3108 3446 3178 3502 ⁸⁸.
3213 3465 3232 3499 ι
3271 3447 3338 3502 Ει
3368 3461 3558 3502 Verum

1969 3560 2074 3617 cst,
2109 3567 2128 3602 ι
2157 3562 2352 3604 omnes
2396 3545 2488 3616 qui
2520 3545 2610 3615 pie
2642 3543 2824 3598 volent
2855 3542 3038 3596 vivere
3069 3541 3122 3595 in
3153 3538 3393 3605 Christo,
3432 3553 3560 3608 par-

1970 3643 2280 3701 secutiones
2301 3653 2560 3710 passuros
2578 3637 2646 3691 ’°.
2678 3659 2698 3689 ι
2735 3634 3003 3690 Caeterum
3046 3631 3266 3687 inutiles
3316 3639 3372 3686 et
3403 3631 3559 3684 inva-

1971 3739 2111 3794 lidas
2185 3731 2564 3790 insidiantium
2632 3726 2990 3798 cOgitationes
3060 3731 3117 3778 et
3193 3737 3355 3778 ausus
3414 3721 3564 3792 ipsos

1970 3829 2227 3886 Christus
2255 3825 2404 3890 facit,
2428 3823 2520 3893 qui
2545 3819 2695 3876 dedit
2728 3836 2748 3871 ι
2779 3817 2936 3874 nobis
2961 3821 3287 3886 potestatem
3311 3813 3560 3869 calcaudi

1973 3921 2136 3992 783
2177 3931 2342 3988 supra
2396 3921 2720 3984 serpentes,
2771 3919 2829 3966 et
2873 3909 3228 3978 scorpiones,
3287 3915 3348 3960 et
3396 3919 3566 3974 supra

1971 4029 2190 4073 omnem
2218 4014 2472 4068 virtutem
2501 4005 2709 4064 inimici
2730 4003 2800 4059 ".
2831 4022 2850 4058 ι
2887 4001 2958 4059 Ει
2991 4001 3284 4057 conﬁrmat
3311 4013 3414 4056 nos
3435 4013 3565 4054 cum

1973 4111 2050 4164 ait
2077 4125 2093 4163 :
2125 4125 2145 4160 ι
2177 4106 2234 4162 In
2263 4104 2466 4160 mundo
2499 4111 2811 4172 pressuram
2840 4094 3132 4158 habebitis,
3161 4092 3257 4149 sed
3284 4091 3564 4157 conﬁdite,

1973 4202 2099 4272 quia
2129 4214 2230 4271 ego
2255 4198 2360 4266 vici
2395 4194 2656 4252 mundum
2680 4196 2750 4249 ".
2783 4210 2802 4244 ι
2839 4189 3122 4246 Tollentur
3167 4188 3350 4256 itaque
3377 4200 3410 4241 e
3448 4199 3570 4239 me-

1975 4283 2066 4350 dio
2107 4293 2199 4363 qui
2247 4288 2545 4361 aliquando
2575 4287 2630 4344 in
2681 4284 2982 4342 Ecclesium
3021 4282 3359 4349 insurgunt:
3397 4289 3566 4344 super

1975 4387 2123 4456 ipsos
2168 4393 2374 4449 autem,
2427 4382 2531 4436 hoc
2593 4387 2699 4444 est,
2756 4392 2920 4446 super
2972 4373 3279 4434 credentes,
3329 4367 3570 4424 ubertim

1981 4496 2000 4530 ι
2035 4477 2259 4548 spiritus
2287 4473 2475 4542 gratia:
2495 4481 2550 4526 et
2589 4468 2954 4525 miserationis
2983 4486 3002 4518 ι
3055 4462 3370 4521 effunditur.
3391 4457 3568 4514 Ornat

257 4556 315 4610 δέ
343 4572 413 4626 γε
448 4555 581 4619 τοὺς
612 4553 804 4618 αὐτοῦ,
848 4553 1094 4609 τουτέστι
1146 4557 1275 4621 τοὺς
1318 4558 1744 4626 πιστεύσαντας,
1772 4563 1866 4616 ἐκ-

1973 4570 2119 4626 enim
2148 4582 2250 4623 nos
2285 4564 2446 4621 bonis
2477 4561 2791 4618 caelestibus
2837 4561 2979 4615 Deus
3005 4560 3066 4614 et
3097 4556 3285 4622 Pater,
3313 4562 3370 4606 et
3399 4551 3566 4619 spiri-

259 4651 443 4720 χεῖται
483 4646 758 4711 πλουσίως
804 4666 824 4698 ι
850 4646 1077 4718 Πνεῦμα
1123 4648 1345 4720 χάριτος
1372 4649 1470 4704 καὶ
1495 4652 1806 4724 οίκτιρμοῦ.
1843 4674 1862 4708 ι

260 4743 540 4812 Στεφανοῖ
572 4740 684 4812 γὰρ
721 4741 871 4810 ἡμᾶς
891 4742 1006 4804 τοῖς
1034 4741 1240 4798 ἄνωθεν
1278 4742 1507 4812 ἀγαθοῖς
1552 4745 1582 4797 ὁ
1611 4744 1744 4810 Θεὸς
1774 4746 1871 4802 καὶ

263 4834 491 4905 Πατὴρ,
549 4832 648 4886 καὶ
692 4832 1084 4902 πνευματικῶν
1133 4833 1442 4907 ἐμπίπλησι
1485 4839 1868 4910 χαρισμάτων,

263 4926 357 4980 ἵνα
386 4926 485 4980 τὸν
522 4925 628 4996 τῆς
664 4925 909 4990 διανοίας
942 4925 1223 4997 ὀφθαλμὸν
1265 4930 1403 4998 πρὸς
1440 4930 1626 4986 αὐτὸν.
1650 4933 1870 4988 ἀνατεί-

263 5035 486 5083 ναντες,
519 5019 608 5072 ἐπ’
639 5017 792 5088 αὐτῷ
818 5019 1002 5072 πᾶσαν
1027 5018 1245 5089 ἔχοιμεν
1277 5021 1489 5076 ἐλπίδα.
1529 5022 1702 5078 Τοῦτο
1735 5024 1867 5097 γὰρ,

262 5103 450 5180 οἶμαι,
493 5109 612 5164 εστι
652 5109 736 5178 τὸ,
780 5127 800 5163 ι
844 5110 1262 5181 Ἐπιϐλέψονται
1299 5112 1438 5183 πρός
1475 5131 1567 5185 με.
1604 5134 1625 5168 ο
1659 5116 1872 5171 Διακεί-

271 5221 432 5274 μενοι
463 5203 522 5258 δὲ
550 5204 716 5270 οὕτω,
750 5204 1067 5276 γαννύμεθα
1097 5205 1196 5276 μὲν
1223 5205 1310 5275 ἐφ’
1338 5207 1576 5272 ἑαυτοῖς,
1609 5209 1791 5279 φαμὲν
1813 5209 1872 5263 δὲ

267 5293 336 5361 δὴ
379 5293 794 5364 δοξολογοῦντες
821 5295 983 5350 Θεόν·
1022 5314 1043 5348 ι
1081 5295 1328 5365 Εύλόγει,
1369 5300 1403 5367 ἡ
1433 5297 1583 5368 ψυχή
1621 5315 1748 5368 μου,
1777 5297 1870 5352 τὸν

269 5388 505 5460 Κύριον,
539 5391 634 5444 τὸν
679 5390 1064 5445 εὑῑλατεύοντα
1108 5390 1292 5454 πάσας
1327 5389 1425 5454 τὰς
1471 5391 1702 5461 ἀνομίας
1750 5409 1866 5457 σου,

270 5479 368 5534 τὸν
409 5481 638 5553 ἰώμενον
679 5483 864 5547 πάσας
894 5482 994 5547 τὰς
1017 5482 1208 5546 νόσους
1237 5499 1354 5550 σου,
1381 5481 1476 5536 τὸν
1504 5481 1870 5555 λυτρούμενον

1979 4660 2216 4717 tualibus
2242 4656 2402 4714 donis
2431 4653 2693 4721 cumulat,
2719 4663 2780 4708 ut
2821 4649 3020 4707 mentis
3041 4647 3258 4705 oculum
3287 4644 3353 4698 ad
3385 4645 3569 4712 ipsum

1979 4753 2253 4818 tollentes,
2305 4764 2526 4807 omnem
2575 4748 2632 4804 in
2683 4761 2749 4803 eo
2801 4743 3058 4802 ﬁduciam
3098 4739 3446 4796 collocemus.
3507 4731 3570 4788 ω

1977 4846 2125 4902 enim
2163 4853 2270 4910 est,
2299 4843 2514 4914 opinor,
2546 4838 2694 4911 quod
2735 4837 2893 4904 dicit,
2929 4855 2950 4888 ι
2975 4833 3253 4906 Aspicient
3281 4829 3349 4885 ad
3395 4841 3502 4882 me.
3538 4845 3562 4878 ι

1978 4937 2097 5005 Quo
2123 4936 2343 5006 quidem
2376 4933 2539 4990 modo
2577 4929 2780 4995 aﬂ‘ecti,
2820 4928 3069 4984 laetamur
3094 4925 3149 4980 in
3185 4925 3328 4986 sinu,
3369 4928 3424 4976 et
3450 4919 3568 4974 lau-

1979 5030 2176 5084 dantes
2205 5027 2491 5084 Dominum
2525 5024 2760 5079 dicimus
2792 5042 2806 5078 :
2842 5039 2862 5074 ι
2893 5017 3144 5084 Benedic,
3189 5015 3370 5068 anima
3421 5026 3571 5076 mea,

1983 5119 2308 5182 Dominum,
2364 5116 2453 5187 qui
2510 5113 2837 5185 propitiatur
2877 5110 3132 5167 omnibus
3190 5102 3574 5173 iniquitatibus

1984 5212 2112 5275 tuis,
2146 5209 2236 5278 qui
2270 5217 2432 5264 sanat
2462 5221 2656 5262 omnes
2681 5205 3034 5260 inﬁrmitates
3061 5209 3202 5265 tuas,
3227 5197 3320 5268 qui
3345 5192 3567 5249 redimit

1981 5303 2046 5356 de
2089 5301 2311 5357 interitu
2347 5299 2512 5354 vitam
2557 5308 2724 5360 tuam,
2755 5295 2851 5367 qui
2893 5301 3118 5349 coronat
3165 5299 3216 5342 te
3264 5287 3316 5340 in
3350 5281 3566 5337 miseri-

1979 5394 2164 5449 cordia
2197 5402 2254 5448 et
2294 5390 2762 5458 miserationibus,
2793 5387 2884 5458 qui
2926 5383 3096 5456 replet
3130 5381 3183 5436 in
3226 5375 3384 5432 bonis
3421 5373 3564 5429 desi-

1979 5486 2188 5542 derium
2220 5494 2367 5539 tuum
2393 5485 2459 5538 ’³.
2493 5502 2514 5536 ι

271 5570 341 5624 ἐκ
372 5572 581 5644 φθορᾶς
623 5574 724 5646 τὴν
771 5576 920 5647 ζωήν
958 5593 1078 5654 σου,
1109 5575 1212 5646 ,τὸν
1279 5574 1653 5646 στεφανοῦντά
1699 5595 1761 5630 σε
1805 5581 1874 5633 ἐν.⁶
1904 5579 2046 5633 ἐλέει
2091 5580 2185 5634 καὶ
2243 5564 2568 5651 οίκτιῖμοῖς,
2594 5574 2695 5628 τδνς
2752 5569 3110 5641 ἐμπιπλῶντα
3131 5566 3189 5620 ἐν
3215 5561 3438 5633 ἀγαθοῖς
3463 5557 3568 5632 τὴν

272 5664 578 5736 ἐπιθυμίαν
605 5684 722 5722 σου.
760 5687 778 5719 ι

347 5779 395 5813 ⁸⁷
432 5780 596 5836 llebr.
629 5797 669 5847 ι,
711 5781 764 5836 5.
842 5781 886 5814 ⁸⁸
912 5781 1099 5839 Matth.
1126 5801 1239 5851 χιιι,
1271 5785 1353 5842 l8.
1429 5787 1472 5820 ⁸³
1497 5783 1640 5841 Psal.
1673 5800 1863 5851 χχχιιι,

1969 5822 1982 5836 .
2062 5784 2107 5816 ³ο
2137 5781 2181 5838 ll
2209 5782 2346 5837 Tim.
2385 5797 2464 5848 ιιι,
2525 5777 2609 5833 12.

279 5848 375 5904 53.
450 5851 495 5885 ’³
525 5851 672 5909 Psul.
710 5867 806 5917 cu,
843 5853 952 5907 1-5.

2689 5777 2728 5807 οι
2765 5773 2893 5830 Luc.
2931 5790 2981 5841 γ,
3021 5774 3101 5830 19.
3180 5772 3224 5804 ⁰²
3253 5768 3406 5826 Joan.
3440 5783 3568 5836 ut,
