4098 6480
508 375 674 462 'aas

1581 401 1638 458 S.
1682 397 1951 454 CYRILLI
1988 395 2456 451 ALEXANDRINI
2493 392 2814 449 ARCHlEP.

3697 405 3794 462 224

627 516 696 572 In
731 534 882 588 quem
916 518 1316 583 insultaverunt,
1355 527 1406 571 et
1432 516 1682 586 plangent
1722 531 1878 585 super
1908 531 1961 569 se
1984 513 2122 584 plani

2316 512 2421 576 Εἰς
2465 509 2538 561 ὃν
2573 506 3060 576 κατωρχήσαντο,
3099 506 3196 562 καὶ
3242 507 3528 576 κόψονται
3557 512 3644 582 ἐφ’
3675 515 3794 572 ἐαυ-

559 619 700 664 ctum
751 612 904 681 quasi
961 627 1120 679 super
1175 613 1454 678 dilectum,
1502 619 1549 664 et
1611 609 1849 664 delebunt
1903 607 2136 661 dolorem

557 707 712 773 quasi
735 719 892 769 super
921 704 1348 773 primogenitum.

628 791 811 848 XCIV.
852 793 1200 847 Hebraaorum
1243 792 1410 848 editio
1444 792 1654 847 initium
1688 792 1982 859 praesentis.
2002 804 2135 845 con-

563 894 739 941 textus
760 884 890 940 facit
921 885 990 939 ab
1026 885 1131 940 illis
1160 883 1362 947 verbis,
1402 903 1420 935 ι
1454 884 1520 938 Ει
1547 883 1813 952 aspicient
1842 884 1910 937 ad
1949 897 2071 936 me:
2107 901 2128 933 ι

558 992 723 1046 porro
762 993 882 1033 cum
917 975 1061 1031 LXX
1098 976 1390 1031 traditione
1439 984 1493 1029 et
1537 973 1983 1043 interpretatione
2021 988 2126 1028 non

557 1069 845 1124 consentit.
893 1068 1028 1122 Nam
1062 1083 1160 1138 pro
1207 1067 1529 1122 insultarunt
1571 1067 1732 1120 habet
1768 1065 1894 1130 illa,
1934 1085 1954 1116 ι
1994 1065 2136 1118 vide-

560 1161 682 1212 bunt
715 1160 768 1214 in
806 1174 966 1228 quem
1000 1159 1407 1215 transﬂxerunt.
1444 1178 1462 1210 ι
1497 1158 1907 1213 Transﬂxerunt
1934 1157 2130 1226 quippe

559 1249 757 1304 milites
784 1248 942 1304 Pilati
981 1250 1121 1305 latus
1159 1250 1295 1320 ejus,
1340 1251 1479 1304 sicut
1510 1249 1736 1319 legimus
1761 1249 1828 1302 ".
1861 1247 2132 1314 Quocirca

557 1340 672 1394 hch
715 1341 873 1396 verba
921 1342 989 1395 de
1036 1356 1266 1409 persona
1309 1340 1508 1396 Christi
1553 1351 1676 1408 apte
1716 1340 2127 1411 explicabimus.

555 1430 734 1498 Atque
781 1429 944 1483 etiam
994 1429 1081 1483 illa
1115 1431 1181 1484 ad
1209 1445 1331 1484 eum
1381 1430 1662 1484 referenda
1709 1429 1988 1494 ducimus,
2018 1427 2132 1486 (Et

555 1517 809 1585 plangeut
849 1533 1012 1587 super
1057 1533 1115 1573 se
1151 1519 1447 1588 planctum,
1481 1519 1621 1573 sicut
1649 1532 1809 1588 super
1848 1517 2138 1581 dilectum,

555 1615 609 1661 et
653 1606 911 1660 dolebunt
959 1608 1200 1662 dolorem
1243 1607 1382 1663 sicut
1421 1623 1584 1674 super
1635 1609 2071 1678 primogenitum.
2105 1625 2123 1659 ι

556 1697 767 1752 Etenim
819 1713 942 1752 cum
999 1699 1240 1753 divinum
1299 1698 1552 1768 templum
1616 1699 1758 1768 ligno
1809 1697 2126 1766 allixissent,

555 1787 1030 1844 circumsteterunt
1053 1790 1426 1855 crucilixores,
1449 1789 1711 1844 scelerate
1736 1790 2123 1844 couviciautes.

553 1881 661 1934 Alil
695 1881 894 1950 quippe
921 1882 1214 1936 dicebant:
1253 1899 1271 1932 ι
1304 1882 1403 1947 Qui
1449 1882 1686 1936 destruis
1719 1883 1974 1950 templum
2010 1881 2123 1946 Dei,
2159 1864 2198 1918 Β

553 1974 608 2020 et
638 1965 692 2019 in
743 1967 914 2022 tribus
953 1967 1142 2023 diebus
1194 1969 1491 2023 remdilicas
1545 1969 1696 2035 illud,
1744 1971 1894 2024 salva
1932 1981 2125 2026 temet-

553 2055 726 2123 ipsum
749 2056 814 2109 ".
851 2074 871 2108 ι
916 2055 1151 2112 Rursum
1201 2057 1447 2112 nonnulli
1479 2076 1490 2111 :
1527 2076 1545 2109 ι
1575 2058 1724 2113 Alios
1769 2059 1947 2114 salvos
1978 2061 2124 2126 fecit,

551 2147 786 2216 seipsum
840 2164 948 2203 non
1000 2158 1178 2219 potest
1233 2151 1440 2205 salvum
1499 2151 1679 2207 facere
1699 2153 1766 2207 ’⁸.
1801 2173 1820 2206 ι
1875 2155 1973 2208 Ast
2037 2156 2124 2210 ubi

549 2239 784 2294 animam
813 2255 966 2296 suam
998 2255 1097 2310 pro
1122 2242 1280 2298 nobis
1303 2244 1477 2312 posuit
1501 2245 1568 2310 ",
1596 2254 1650 2300 et
1676 2246 1960 2315 spiritibus
1985 2247 2125 2316 apud

549 2327 753 2385 inferos
772 2332 1086 2401 praedicavit
1107 2331 1178 2401 ",
1199 2344 1253 2390 et
1275 2336 1490 2402 revixit,
1509 2346 1668 2392 terra:
1693 2348 1837 2393 motu
1862 2354 2126 2395 concusso

551 2431 924 2489 monumento,
984 2426 1078 2495 qui
1123 2427 1439 2482 assidebam
1496 2431 1802 2486 mirabundi
1847 2433 2121 2497 dixerunt,

556 2528 575 2561 ι
605 2510 747 2566 Vere
776 2513 944 2569 Filius
972 2513 1065 2570 Dei
1084 2528 1205 2572 erat
1235 2517 1336 2572 iste
1360 2518 1441 2586 ”;
1475 2538 1494 2570 ι
1536 2535 1638 2576 nec
1661 2521 1916 2576 mediocri
1951 2525 2124 2589 posui-

551 2603 735 2660 tudine
803 2607 954 2661 multi
1030 2609 1408 2677 capiebantur.
1470 2611 1765 2682 Postquam
1827 2624 2008 2670 autem
2069 2627 2124 2671 et

550 2693 778 2751 Romani
811 2712 905 2753 eos
933 2698 1070 2754 bello
1099 2709 1435 2770 presserunt,
1471 2704 1692 2774 regione
1731 2707 2027 2774 devastata,
2068 2718 2123 2763 et

547 2785 772 2841 urbibus
813 2789 1068 2855 incensis,
1129 2802 1184 2846 et
1231 2793 1482 2850 domibus
1521 2796 1870 2865 vacuefactis,
1899 2799 2121 2869 jamque

548 2877 662 2946 ipsa
711 2879 1084 2953 Hierosolyma
1116 2886 1340 2940 obsessa
1367 2896 1421 2941 et
1449 2887 1592 2944 fame
1621 2890 1920 2960 oppidanos
1951 2893 2121 2947 conti-

545 2969 741 3035 ciente,
785 2974 870 3028 vix
925 2975 1146 3044 quidam
1196 2992 1322 3032 suos
1347 2979 1512 3048 786
1534 2980 1587 3036 in
1631 2981 1909 3039 Christum
1958 3001 2120 3042 ausus

545 3061 782 3119 nefarios
823 3080 1180 3134 agnoverunt,
1223 3073 1547 3142 tandemque
1581 3074 2115 3142 animadverterunt,

544 3155 894 3222 quamobrem
940 3158 1055 3213 dira
1109 3171 1441 3230 paterentur,
1487 3173 1543 3219 et
1593 3176 1814 3235 propter
1855 3167 2018 3236 impie
2062 3169 2114 3222 in
2145 3199 2188 3254 ο

543 3259 668 3298 eum
718 3247 1004 3302 commissa
1054 3264 1173 3303 sese
1217 3251 1306 3305 illa
1347 3255 1573 3324 perpeti.
1635 3254 1821 3325 Itaque
1860 3259 2114 3326 quoniam

549 3351 569 3385 ι
604 3334 1018 3402 insultaverunt,
1055 3339 1311 3410 plangent
1352 3357 1514 3412 super
1559 3359 1617 3398 se
1655 3347 1926 3414 planctum
1964 3350 2119 3418 quasi

543 3439 709 3494 super
737 3428 1010 3496 dilectum,
1044 3440 1098 3485 et
1138 3433 1396 3488 dolebunt
1443 3436 1710 3500 dolorem,
1751 3441 1904 3506 quasi
1955 3456 2121 3509 super

544 3517 980 3589 primogenitum.
1017 3540 1039 3574 ο
1109 3522 1507 3584 Prolusissimis
1569 3544 1801 3598 namque
1865 3530 2117 3602 lacrymis

541 3619 794 3677 parentes
822 3613 1164 3685 primogeniti
1192 3625 1244 3670 et
1272 3617 1453 3673 dilecti
1483 3629 1714 3676 mortem
1751 3635 1966 3692 semper
1989 3640 2114 3694 pro-

542 3708 859 3767 sequuntur,
899 3717 998 3757 nec
1043 3703 1327 3775 plangendi
1403 3718 1456 3763 et
1498 3709 1825 3767 lamentaudi
1874 3715 2121 3771 invenire

541 3792 759 3847 modum
798 3795 1090 3859 sustinent,
1140 3808 1331 3869 es;que
1371 3801 1525 3857 dolor
1554 3803 1883 3877 longinquus
1933 3809 2114 3876 plane,

540 3887 595 3934 et
630 3881 786 3950 quasi
825 3885 1101 3951 perennis,
1149 3888 1349 3942 acriter
1416 3898 1472 3944 et
1513 3889 1925 3947 intolerabiliter
1964 3894 2116 3948 velli-

537 3971 710 4025 cando
747 3972 958 4031 animos
990 3990 1291 4034 numerans.
1330 3976 1532 4036 Judaeis
1563 3991 1742 4036 autem
1781 3983 2116 4039 calamitates

536 4059 838 4119 istiusmodi
879 4076 1198 4137 experturos
1239 4070 1487 4129 Christus
1543 4075 1814 4142 praedixit,
1865 4077 2119 4133 mulieres

534 4165 697 4222 super
723 4153 841 4224 ipso
869 4154 1059 4214 ﬂentes
1090 4159 1160 4214 ita
1202 4163 1478 4234 castigans
1506 4183 1521 4222 :
1559 4184 1578 4217 ι
1610 4165 1760 4222 Filiae
1789 4166 2113 4235 Jerusalem,

536 4243 700 4299 nolite
726 4243 856 4301 ﬂere
895 4264 1061 4321 super
1091 4266 1197 4319 me,
1229 4257 1326 4312 sed
1365 4273 1527 4328 super
1563 4274 1659 4315 vos
1686 4261 1854 4329 ipsas,
1885 4272 1941 4317 et
1975 4263 2116 4320 ﬁlios

535 4343 744 4391 vestros
769 4336 894 4394 ﬂete
919 4340 958 4394 ι.
989 4360 1010 4394 ι

607 4509 768 4566 VEns.
801 4514 990 4570 H-H.
1033 4517 1101 4572 In
1144 4520 1228 4573 die
1261 4521 1354 4574 illa
1400 4539 1618 4592 magnus
1649 4526 1748 4578 erit
1787 4527 2026 4593 planctus
2057 4530 2111 4584 in

529 4599 848 4672 Jerusalem,
877 4609 1009 4663 sicut
1033 4612 1276 4678 planctus
1305 4613 1433 4666 mali
1462 4616 1671 4681 punica:
1700 4617 1752 4669 in
1780 4635 1960 4687 campo
1988 4639 2109 4674 suc--

530 4692 674 4748 σίδαν.
729 4693 809 4750 Et
851 4698 1060 4768 planget
1106 4709 1248 4754 terra
1295 4719 1388 4768 per
1454 4704 1621 4757 tribus
1669 4709 1856 4761 tribus.
1917 4709 2106 4767 Tribus

528 4797 785 4850 seorsum,
814 4796 861 4840 et
897 4789 1137 4842 mulieres
1181 4805 1361 4844 eorum
1399 4809 1654 4850 seorsum.
1700 4794 1885 4852 Tribus
1919 4800 2104 4854 domus

535 4869 702 4924 David
739 4891 993 4943 seorsum,
1024 4889 1075 4934 et
1115 4881 1357 4938 mulieres
1393 4900 1576 4938 eorum
1617 4903 1869 4943 seorsum.
1913 4891 2104 4948 Tribus

530 4961 716 5016 domus
753 4962 965 5019 Nat/mn
998 4985 1250 5036 seorsum,
1275 4982 1320 5025 et
1357 4974 1599 5028 mulieres
1629 4993 1810 5032 eorum
1838 4997 2100 5036 seorsum.

534 5049 722 5105 Tribus
767 5054 952 5109 domus
1009 5056 1129 5112 Levi
1192 5077 1463 5127 seorsum,
1516 5074 1563 5117 et
1619 5069 1861 5122 mulieres
1923 5088 2104 5125 eorum

525 5156 783 5199 seorsum.
817 5141 1004 5200 Tribus
1035 5147 1250 5206 Simeon
1287 5169 1541 5216 seorsum,
1577 5166 1625 5210 et
1654 5159 1894 5214 mulieres
1926 5178 2103 5215 eorum

526 5248 779 5290 seorsum.
817 5234 1009 5293 Omnes
1050 5240 1215 5296 tribus
1261 5245 1496 5315 reliqum,
1532 5249 1702 5304 tribus
1750 5269 2005 5319 seorsum,
2055 5263 2104 5308 et

528 5323 770 5380 mulieres
796 5342 976 5382 eorum
1005 5346 1260 5386 seorsum.

2241 601 2364 667 τοῖς
2401 600 2656 654 κοπετὸν
2687 600 2769 665 ὡς
2811 599 2905 652 ἐπ’
2934 597 3240 668 ἀγαπητῷ,
3285 601 3384 653 καὶ
3419 602 3795 673 odor-nariam.

2238 708 2333 744 ται
2366 690 2593 757 ὀδύνην
2619 691 2700 754 ὡς
2732 688 2829 741 ἐπὶ
2863 691 3233 756 πρωτοτόκῳ.

2310 785 2426 850 LA'.
2463 784 2532 840 Ἠ,
2563 782 2831 853 Ἐβραίων
2861 781 3071 844 ἐκδοσις
3097 782 3268 852 ἀρχὴν
3300 785 3532 838 ποιεῖται
3553 786 3796 860 τοῦπερ.

2237 873 2390 937 όντος
2429 873 2722 941 κεφαλαίου
2757 872 2837 938 τὸ,
2876 890 2897 923 ι
2923 873 3034 932 Καὶ
3068 872 3448 942 ἐπιϐλέψονται
3491 878 3621 945 πρός
3659 895 3748 947 με·
3772 900 3790 931 ι

2240 966 2380 1036 πλὴν
2415 967 2474 1018 ού
2515 963 2803 1034 συμϐαίνει
2827 965 2895 1033 τῇ
2927 963 3038 1018 τῶν
3079 963 3480 1034 Ἐϐδομήκοντα
3522 969 3804 1036 παραδόσει.

2234 1075 2295 1111 τε
2328 1058 2422 1110 καὶ
2462 1056 2754 1127 ἑρμηνεία.
2789 1054 3028 1125 Ἑϐραῖοι
3065 1053 3163 1124 μὲν
3205 1053 3314 1122 γὰρ
3360 1054 3608 1123 ὄψονται
3643 1077 3792 1128 φασι,

2234 1149 2358 1202 ἀντὶ
2393 1147 2508 1213 τοῦ,
2546 1165 2565 1199 ι
2601 1145 3102 1214 κατωρχήσαντο,
3147 1146 3228 1209 είς
3274 1145 3333 1198 ὃν
3381 1146 3741 1218 ἐξεκέντησαν.
3771 1171 3788 1203 ι

2233 1236 2490 1304 Διένυξαν
2535 1235 2646 1306 γὰρ
2687 1237 2736 1289 οι
2774 1235 3006 1289 Πιλάτου
3069 1233 3400 1305 στρατιῶται
3447 1236 3544 1305 τὴν
3575 1238 3793 1310 πλευρὰν

2233 1327 2421 1390 αὑτοῦ,
2451 1327 2594 1381 καθὰ
2625 1327 2954 1398 γέγραπται.
3001 1326 3208 1379 Οὐκοῦν
3248 1326 3632 1398 παραθήσομεν
3667 1333 3793 1384 εἰκό-

2231 1436 2341 1482 τως
2371 1418 2451 1489 τῷ
2484 1417 2760 1489 προσώπῳ
2788 1416 3026 1488 Χριστοῦ
3052 1417 3142 1470 τὸν
3182 1418 3273 1470 ἐπὶ
3304 1417 3438 1488 τῷδε
3467 1417 3635 1488 λόγον.
3663 1421 3794 1492 Πλὴν

2232 1511 2409 1564 ἐκεῖνό
2443 1527 2620 1580 φαμεν
2660 1508 2945 1580 βούλεσθαι
2992 1507 3206 1578 δηλοῦν,
3244 1527 3261 1559 ι
3291 1509 3398 1562 Καὶ
3432 1510 3677 1578 κόψονται
3717 1514 3791 1581 έῳ⁸

2231 1604 2442 1666 ἑαυτοῖς
2481 1601 2734 1667 κοπετὸν,
2775 1601 2908 1654 ὡσεὶ
2953 1600 3041 1654 ἐπ’
3085 1600 3376 1671 ἀγαπητῷ,
3421 1601 3516 1656 καὶ
3554 1602 3794 1674 ὀδυνηθή-

2232 1712 2414 1749 σονται
2447 1694 2658 1765 ὀδύνην,
2688 1694 2764 1758 ὡς
2797 1695 2888 1746 ἐπὶ
2918 1694 3264 1764 πρωτοτὸκῳ.
3295 1712 3311 1744 ι
3356 1694 3793 1764 Προσηλώσαντες

2234 1786 2334 1856 μὲν
2371 1786 2480 1857 γὰρ
2519 1786 2597 1856 τῷ
2633 1785 2773 1856 ξύλῳ
2803 1785 2893 1841 τὸν
2931 1784 3072 1838 θεῖον
3105 1784 3254 1850 ναὸν,
3305 1786 3721 1857 περιεστήκασιν
3749 1789 3792 1840 οἱ

2228 1879 2640 1949 σταυρώσαντες
2660 1917 2673 1936 ,
2721 1877 2951 1941 ἀνοσίως
2985 1876 3437 1940 ἐπιτωθάζοντες.
3478 1879 3542 1930 Οἱ
3577 1879 3668 1948 μὲν
3699 1879 3799 1950 γὰρ

2229 1966 2500 2035 ἔφασκονο
2555 1985 2572 2017 ι
2611 1967 2670 2020 Ὀ
2718 1965 3002 2020 καταλύων
3052 1965 3144 2019 τὸν
3187 1965 3337 2029 ναὸν,
3391 1967 3485 2024 καὶ
3533 1969 3589 2020 έν
3633 1970 3801 2038 τρισὶν

2229 2058 2462 2129 ἡμέραις
2489 2057 2808 2127 οἰκοδομῶν,
2838 2057 3010 2110 σῶσον
3044 2057 3290 2110 σεαυτόν.
3318 2077 3338 2109 r
3377 2059 3590 2128 Ἔτεροι
3620 2059 3673 2112 δὲ
3703 2055 3789 2113 αὖ·

2233 2167 2251 2200 ι
2281 2149 2506 2212 Ἀλλους
2529 2149 2750 2213 ἔσωσεν,
2777 2149 2971 2203 ἑαυτὸν
2989 2150 3049 2202 οὐ
3075 2149 3297 2203 δύναται
3329 2149 3561 2204 σῶσαι.»
3595 2151 3794 2222 Ἐπειδὴ

2225 2240 2282 2292 δὲ
2306 2239 2421 2304 θεὶς
2453 2241 2590 2310 ὑπὲρ
2617 2239 2776 2310 ἡμῶν
2801 2241 2901 2311 τὴν
2929 2239 3066 2295 ἰδίαν
3092 2239 3292 2311 ψυχὴν,
3319 2241 3554 2312 ἐκήρυξε
3582 2242 3673 2295 καὶ
3697 2245 3802 2305 τοῖς

2226 2331 2284 2383 ὲν
2313 2329 2440 2401 ᾅδου
2470 2331 2794 2401 πνεύμασιν,
2819 2331 3020 2386 ἀνεϐίω
3044 2348 3102 2384 τε
3132 2326 3221 2398 αὖ,
3247 2332 3476 2402 σεισμοῦ
3502 2336 3796 2404 γενομένου,

2225 2421 2379 2493 παρὰ
2408 2422 2468 2475 τὸ
2504 2424 2767 2492 μνημεῖον
2798 2424 2846 2475 οῖ
2874 2423 3332 2494 προσεδρεύοντες
3361 2423 3691 2494 ἐθαύμαζον,
3720 2423 3796 2476 λέ-

2224 2531 2413 2582 γοντες
2428 2533 2440 2546 ·
2469 2534 2486 2566 ι
2511 2513 2750 2584 Ἀληθῶς
2769 2515 2896 2576 Υἱὸς
2912 2514 3048 2568 Θεοῦ
3065 2510 3134 2586 ἦν
3152 2509 3306 2578 οὗτος
3325 2533 3338 2546 ·
3368 2535 3389 2567 ι
3413 2515 3579 2587 πολλὴ
3595 2516 3646 2568 δὲ
3661 2513 3808 2586 παρὰ.

2225 2605 2440 2669 πολλοῖς
2469 2607 2502 2675 ἡ
2533 2605 2869 2676 μετάγνωσις
2900 2601 2987 2676 ἦν.
3022 2607 3240 2678 Ἐπειδὴ
3265 2609 3320 2660 δὲ
3347 2608 3448 2660 καὶ
3475 2611 3504 2661 ὀ
3531 2607 3796 2677 Ῥωμαίων

2222 2698 2405 2761 αὐτοῖς
2433 2697 2710 2768 ἐπέσκηψε
2741 2697 2992 2767 πόλεμος,
3025 2697 3464 2770 καταδῃωμένης
3508 2700 3681 2761 αὐτοῖς
3709 2699 3797 2767 τῆς

2223 2785 2424 2858 χώρας,
2454 2786 2549 2840 καὶ
2578 2786 2786 2840 πόλεων
2820 2788 3324 2858 ἐμπιμπραμένων,
3362 2791 3466 2842 καὶ
3497 2789 3654 2842 οἴκων
3681 2791 3798 2859 ἐρη-

2225 2877 2530 2949 μουμένων,
2558 2878 3023 2949 πολιορκουμένης
3046 2896 3106 2932 τε
3138 2879 3237 2950 ήδη
3269 2881 3362 2933 καὶ
3399 2882 3566 2952 αὐτῆς
3598 2881 3690 2951 τῆς
3713 2881 3798 2933 Ἰε·

2223 2969 2456 3040 ρουσαλὴ
2465 2987 2522 3040 μ,
2541 2969 2634 3022 καὶ
2655 2968 2814 3039 λιμοῦ
2839 2970 3242 3039 κατατήκονιτος
3261 2969 3502 3035 ἔνδοθεν,
3528 2971 3796 3024 ἐκαλοῦντο

2219 3079 2363 3125 τινες
2379 3063 2457 3125 εἰς
2474 3061 2822 3132 συναίσθησιν
2849 3061 3001 3132 μόλις
3022 3061 3130 3114 τῶν
3152 3062 3243 3114 ἐπὶ
3274 3064 3501 3134 Χριστῷ
3532 3063 3792 3132 τολμημᾶρ

2219 3173 2346 3221 των,
2367 3155 2563 3226 ᾔδεσαν
2591 3172 2649 3207 τε
2677 3155 2882 3218 λοιπὸν,
2910 3153 3004 3208 τοῦ
3029 3154 3335 3208 κακοῦσθαι
3366 3158 3468 3220 τὰς
3499 3156 3691 3218 αἰτίας,
3710 3156 3800 3208 καὶ·

2224 3248 2305 3300 ὃτι
2342 3248 2613 3318 πρόφασις
2650 3247 2833 3310 αὐτοῖς
2863 3245 2956 3300 τοῦ
3000 3247 3192 3300 παθεῖν
3223 3247 3292 3300 τὰ
3324 3251 3411 3301 ἐπ’
3444 3248 3588 3318 αὐτῷ
3616 3248 3785 3316 γέγονε

2225 3339 2627 3409 δυσσεὸήματα.
2657 3337 2866 3392 Οὐκοῦν
2895 3338 3082 3409 ἐπειδὴ
3114 3357 3132 3389 ‹
3159 3341 3605 3410 κατωρχήσαντο,
3629 3339 3794 3408 κόψον-

2224 3449 2314 3485 ται
2334 3432 2418 3499 ὲφ*
2445 3432 2656 3494 ἑαυτοῖς
2673 3429 2922 3496 κοπετὸν,
2942 3431 3074 3484 ὡσεὶ
3091 3431 3177 3484 ἐπ’
3201 3432 3495 3504 ἀγαπητῷ,
3517 3432 3609 3485 καὶ
3631 3432 3794 3497 ὀδυνη-

2226 3522 2479 3594 οήσονται
2513 3521 2704 3592 ὀδύνην
2743 3522 2819 3598 ὡς
2851 3524 2944 3574 ἐπὶ
2979 3523 3329 3594 πρωτοτόκῳ.
3388 3543 3406 3575 ι
3450 3525 3561 3577 Καὶ
3588 3523 3692 3594 γὰρ
3719 3522 3792 3574 ἀεί

2225 3631 2341 3677 πως
2377 3613 2601 3683 ἄσχετον
2635 3613 2732 3683 μὲν
2757 3615 3072 3682 καταχεῖται
3097 3613 3333 3683 δάκρυον
3353 3618 3468 3679 τοῖς
3497 3613 3793 3684 γεγεννηκόο

2224 3721 2328 3766 σιν,
2355 3704 2437 3772 ἐφ’
2460 3704 2560 3774 υἱῷ
2593 3705 2921 3775 πρωτοτόκῳ
2942 3705 3199 3776 κειμένῳ,
3232 3705 3328 3760 καὶ
3359 3707 3652 3777 ἀγαπητῷ,
3679 3723 3794 3776 κομ-

2223 3797 2314 3867 μοὶ
2343 3795 2400 3848 δὲ
2427 3797 2520 3848 καὶ
2546 3795 2736 3865 θρῆνοι
2763 3795 3045 3865 καταίρειν
3074 3798 3153 3858 είς
3178 3795 3328 3859 τέλος
3349 3799 3452 3850 οὐκ
3472 3798 3791 3867 ἀνεχόμενοι,

2222 3888 2409 3960 μακρὰ
2448 3888 2504 3940 δὲ
2541 3888 2606 3958 δὴ
2638 3888 2878 3953 πάντως,
2909 3888 3004 3940 καὶ
3034 3882 3145 3941 οἷον
3177 3888 3436 3959 διηνεκὴς
3467 3890 3651 3958 ὀδύνη,
3690 3889 3792 3958 δρι-

2222 3981 2403 4052 μείαις
2433 3981 2544 4033 τισὶ
2595 3981 2687 4035 καὶ
2717 3981 3012 4051 ἀφορήτοις
3054 3981 3387 4051 προσϐολαῖς
3432 3983 3611 4052 ψυχὰς
3641 3997 3790 4034 κατα-

2217 4074 2479 4142 τήκουσα.
2506 4072 2629 4125 Ὅτι
2656 4071 2712 4124 δὲ
2752 4069 2977 4140 ἔμελλον
3011 4071 3091 4134 εἰς
3123 4073 3320 4142 πεῖραν
3358 4073 3537 4126 ἐλθεῖν
3576 4071 3798 4125 Ἰουδαῖοι

2216 4164 2325 4219 τῶν
2364 4163 2585 4217 τοιῶνδε
2617 4163 2825 4223 κακῶν,
2873 4163 3304 4234 προμεμήνυκεν
3332 4165 3362 4216 ὁ
3401 4165 3655 4235 Χριστὸς,
3690 4163 3798 4222 ταῖς

2217 4254 2530 4318 κλαιούσαις
2574 4255 2660 4306 ἐπ’
2707 4252 2854 4323 αὐτῷ
2888 4254 3134 4321 γυναιξὶν
3184 4255 3460 4323 ἐπιτιμῶν
3495 4273 3552 4308 τε
3603 4256 3692 4307 καὶ
3719 4253 3797 4304 λέο

2216 4363 2356 4414 γωνο
2394 4366 2411 4398 ι
2445 4345 2755 4415 Θυγατέρες
2804 4345 3178 4416 Ἰερουσαλὴμ,
3219 4345 3291 4416 μὴ
3313 4347 3534 4399 κλαίετε
3572 4347 3654 4400 ἐπ’
3685 4344 3793 4414 ἐμὲ,

2219 4438 2434 4492 κλαίετε
2462 4439 2521 4491 δὲ
2554 4438 2640 4506 ἐφ’
2665 4439 2830 4508 ὑμᾶς,
2863 4438 2955 4490 καὶ
2989 4438 3082 4489 ἐπὶ
3111 4440 3177 4490 τὰ
3205 4439 3372 4493 τέκνα
3405 4439 3581 4508 ὑμῶν.
3611 4457 3628 4491 ι

2299 4530 2395 4582 Ἐν
2440 4529 2514 4597 τῇ
2561 4528 2750 4598 ἡμέρᾳ
2800 4529 3002 4597 ἐκείνῃ
3053 4531 3586 4598 μεγαλυνθήσεται
3636 4532 3668 4582 d
3706 4543 3790 4581 κο-

2214 4621 2394 4686 πετύς
2437 4622 2504 4674 ἐν
2543 4620 2974 4689 Ἰερουσαλὴμ,
3019 4621 3096 4685 ὼς
3151 4621 3409 4686 κοπετὸς
3461 4620 3692 4690 ῥοῶνος
3736 4618 3798 4670 ἐν

2213 4715 2396 4777 πεδίῳ
2417 4711 2883 4780 ἐκκοπτομένουε
2918 4712 3028 4764 Kal
3060 4713 3309 4780 κόψεται
3341 4713 3378 4779 ἡ
3416 4713 3492 4783 γῆ
3525 4714 3673 4765 κατὰ
3697 4727 3797 4779 ρυ-

2212 4805 2326 4870 λὰς
2371 4803 2589 4872 φυλάς.
2632 4801 2802 4870 Φυλὴ
2838 4803 2964 4855 καθ’
2994 4802 3241 4869 ἑαυτὴν,
3281 4804 3381 4855 καὶ
3425 4807 3485 4857 al
3535 4802 3797 4873 γυναῖκες

2213 4896 2411 4951 αὐτῶν
2447 4898 2576 4950 καθ’
2604 4893 2842 4960 ἑαυτάς.
2875 4894 3044 4962 diuin
3080 4894 3470 4948 οἴκου-Δαϐὶδ
3506 4896 3637 4948 καθ’
3669 4893 3796 4944 ἐαυ-

2212 4990 2345 5057 ripe,
2397 4989 2493 5041 καὶ
2536 4990 2595 5041 al
2636 4986 2916 5056 γυναῖκες
2945 4984 3146 5040 αὐτῶν
3193 4988 3319 5039 καθ’
3351 4985 3596 5051 ἑαυτάς.
3637 4979 3795 5047 «buli;

2211 5081 2382 5134 οἴκου
2407 5077 2611 5132 Νάθαν
2637 5078 2766 5131 καθ’
2792 5076 3040 5143 ἑαυτὴν,
3069 5075 3167 5128 καὶ
3199 5075 3259 5126 al
3291 5073 3580 5143 γυναῖκες
3610 5067 3798 5124 αὐτῶν

2213 5169 2340 5221 καθ’
2369 5166 2604 5232 ἑαυτάς.
2652 5166 2822 5234 spuli;
2857 5167 3028 5219 οἴκου
3069 5164 3212 5218 Λευὶ
3247 5165 3378 5218 καθ’
3421 5163 3670 5229 ἑαυτὴν,
3706 5157 3796 5211 καὶ

2212 5263 2271 5314 al
2306 5258 2588 5329 γυναῖκες
2641 5256 2840 5312 αὐτῶν
2891 5260 3020 5312 καθ’
3065 5257 3301 5321 ἑαυτάς.
3343 5256 3521 5323 dtuli;
3567 5249 3802 5322 Συμεών

2211 5347 2338 5401 καθ’
2391 5346 2634 5415 ἑαυτὴν,
2689 5348 2786 5400 καὶ
2826 5349 2886 5399 αἱ
2925 5346 3206 5415 γυναῖκες
3247 5344 3452 5399 αὐτῶν
3492 5347 3621 5398 καθ’
3665 5343 3795 5395 eav-

2211 5439 2336 5504 τάς.
2382 5437 2576 5492 Πᾶσαι
2615 5441 2674 5491 al
2706 5439 2892 5507 φυλαὶ
2938 5441 2997 5492 al
3040 5438 3584 5504 ὑπολελειμμέναι,
3639 5429 3802 5502 φυλὴ

2212 5532 2336 5584 καθ’
2363 5529 2608 5597 ἑαυτὴν,
2641 5530 2739 5582 καὶ
2771 5533 2830 5583 al
2862 5529 3143 5600 γυναῖκες
3173 5528 3372 5582 αὐτῶν
3401 5531 3534 5580 καθ’
3565 5522 3798 5586 ἑαυτάς.

603 5709 647 5740 ⁸³
673 5706 830 5794 loqu.
860 5728 934 5780 Ix,
967 5717 1056 5772 54.
1097 5721 1158 5794 9A“
1177 5717 1365 5775 Matth.
1403 5735 1572 5787 xxv",
1606 5720 1692 5775 40.
1767 5720 1954 5778 9“Ibid.
1989 5724 2071 5778 59.

2223 5727 2409 5785 lloau.
2450 5727 2655 5790 111,46.
2734 5729 2790 5759 9“
2818 5727 2834 5781 1
2867 5726 3008 5780 Pctr.
3050 5741 3131 5791 tu,
3165 5723 3245 5780 ll).
3321 5725 3368 5756 9“
3406 5723 3597 5784 Matth.
3631 5733 3803 5794 xxv",

525 5778 616 5834 55.
695 5780 711 5813 ⁸
744 5779 876 5840 Luc.
910 5778 1070 5854 nm,
1097 5790 1187 5842 9.8.
