4098 6474
305 337 419 393 225

1141 331 1707 390 COMMENTARIUS
1750 331 1816 387 lN
1859 327 2264 388 ZACllARIAM
2305 328 2756 387 ΡΒΟΡΠΕΤΑΜ.

3515 336 3624 393 226

383 453 504 519 ιιεν.
549 448 1019 521 Καταδῃουμένης
1064 447 1286 518 ἁπάσης
1333 449 1434 518 τῆς
1473 447 1733 511 Ἰουδαίας
1786 448 1928 501 κατὰ

2107 444 2267 501 XCV.
2317 445 2486 501 Ferro
2514 446 2732 516 ignique
2760 442 3064 500 deformata
3085 443 3214 500 olim
3245 445 3497 503 universa
3518 449 3622 504 Ju-

307 543 542 612 καιροὺς
589 540 697 593 ὑπὸ
741 539 843 608 τῆς
878 537 1167 608 Ῥωμαίων
1200 539 1497 609 στρατιᾶς,
1535 539 1630 591 καὶ
1664 537 1833 607 αὐτῆς
1867 537 1925 589 δὲ

306 632 789 705 πολιορκουμένης
823 630 925 700 τῆς
963 629 1323 702 Ἰερουσαλὴμ
1345 670 1359 692 ,
1412 629 1653 682 τοιοῦτον
1706 627 1926 682 ἔσεσθαί

305 743 447 796 φησι
501 723 655 794 παρὰ
705 723 816 774 τῶν
863 723 922 774 ὲν
965 722 1105 793 αὐτῇ
1157 722 1251 776 τὸν
1308 721 1565 786 κοπετὸν,
1616 722 1804 774 ὁποῖον
1859 718 1927 773 ἂν

305 819 606 889 ποιήσαιτο
666 813 906 885 γηπόνος
957 813 1156 883 ροὦνος
1204 815 1633 886 ὲκκοπτομένου.
1688 813 1928 879 Εὑανθὲς

308 912 411 982 μὲν
443 909 557 980 γὰρ
590 907 653 960 τὸ
687 907 875 976 φυτὸν,
907 905 1004 959 καὶ
1031 906 1261 976 συχνοὺς
1289 907 1354 959 ὲκ
1383 906 1542 978 ῥίζης
1570 905 1756 977 ἀνίησι
1783 904 1928 959 κλῶ-

305 1021 408 1067 νας
441 1001 664 1073 ὀρθοὺς,
697 999 792 1052 καὶ
821 999 1294 1070 εὐμηκεστάτους,
1329 999 1377 1051 εἰ
1409 999 1466 1052 δὲ
1493 999 1558 1070 δὴ
1605 999 1700 1052 καὶ
1744 999 1928 1063 αὐτοῖς

307 1094 671 1165 ἐξωραῖξοιτο
701 1093 816 1156 τοῖς
864 1093 1100 1162 καρποῖς
1122 1131 1137 1156 ,
1191 1096 1316 1144 τότε
1359 1090 1426 1161 δὴ
1459 1090 1699 1162 μάλιστα
1742 1091 1838 1144 καὶ
1870 1093 1928 1144 ὲν

308 1186 502 1256 πολλῷ
541 1187 724 1240 κεῖται
776 1182 1041 1254 θαύματι.
1089 1181 1300 1254 Χρῆμα
1340 1181 1450 1253 γὰρ
1494 1182 1840 1254 ἀξιέραστον,
1890 1184 1924 1254 ή

310 1279 472 1351 ῥοιά,
527 1276 748 1348 φυσικῷ
801 1277 1184 1348 διαπρέπουσα
1252 1275 1442 1330 κάλλει
1498 1277 1610 1331 τῶν
1661 1276 1928 1348 ὁρπήκων

306 1369 712 1440 ἀπηρτημένη,
741 1367 839 1422 καί⁵
863 1370 977 1431 ταῖς
1007 1367 1116 1420 ἔσω
1137 1369 1360 1432 κόκκοις
1389 1369 1929 1440 συμπεφοινιγμένον

308 1463 526 1533 ἔχουσα
571 1461 682 1516 τῶν
728 1460 1007 1533 ὲλύστρων
1050 1461 1112 1514 τὸ
1162 1455 1322 1523 εἶδος.
1380 1460 1673 1514 Πάνδεινον
1723 1460 1804 1527 δὲ,
1853 1460 1931 1524 ὡς

307 1557 475 1627 ἔφην,
508 1555 606 1608 καὶ
643 1554 891 1625 ἀνιαρὸν,
923 1551 1060 1624 ὁμοῦ
1106 1554 1221 1617 τοῖς
1261 1555 1498 1626 καρποῖς
1539 1551 1930 1626 ἀποκείρεσθαι

307 1648 373 1700 τὸ
425 1647 618 1716 φυτόν.
664 1646 808 1700 Ἀλλ’
857 1641 927 1718 ἦν
966 1663 1017 1699 τι
1067 1645 1308 1700 τοιοῦτον
1343 1646 1475 1700 ἰδεῖν
1508 1647 1620 1709 τοῖς
1653 1644 1930 1707 Ἰουδαίοις

312 1741 644 1812 συμϐαῖνον.
678 1740 846 1793 Ὅσον
880 1739 981 1810 μὲν
1010 1737 1122 1809 γὰρ
1150 1737 1276 1809 ἥκει
1315 1738 1396 1801 εἰς
1423 1737 1524 1800 τὰς
1551 1737 1614 1790 ὲκ
1648 1736 1813 1806 νόμου
1847 1753 1927 1788 τι·

2029 538 2142 591 t'iea
2214 553 2243 592 a
2297 536 2548 593 Romano
2606 537 2890 604 exercitu,
2947 537 3176 607 ipsaque
3245 535 3624 611 Hierosolyma

2027 628 2314 685 obsidione
2342 629 2542 694 cincta,
2575 628 2734 684 talem
2765 630 2834 684 ab
2871 629 3066 685 incolis
3101 629 3378 699 planctum
3416 631 3624 687 editum

2029 721 2096 778 iri
2129 723 2228 789 ait,
2259 722 2476 793 qualem
2509 723 2698 778 ederet
2720 721 2962 792 agricola
2997 723 3183 777 excisa
3222 722 3366 776 malo
3400 722 3624 793 punica.

2030 815 2126 871 Est
2170 815 2316 870 enim
2365 816 2467 872 hoc
2509 830 2681 886 genus
2710 816 2925 871 arboris
2963 815 3351 879 bellissimum,
3401 823 3565 885 atque
3593 829 3626 870 a

2031 907 2213 962 radice
2253 909 2306 962 in
2352 909 2598 974 crebros,
2660 916 2861 964 teretes
2912 922 2977 963 ac
3009 908 3225 979 patulos
3259 906 3515 963 diﬂusum
3547 922 3630 964 ra-

2032 1015 2150 1055 mos
2203 1001 2475 1070 exsurgit,
2503 999 2637 1069 ipsis
2687 1014 2905 1070 quoque
2943 999 3225 1068 ,fructibus
3273 1000 3626 1068 decoratum,

2033 1094 2286 1164 inprimis
2317 1103 2403 1150 est
2441 1091 2785 1149 admirabile.
2829 1092 3156 1149 Gratissima
3190 1093 3340 1148 enim
3389 1108 3478 1149 res
3513 1107 3629 1148 ma-

2033 1185 2143 1241 lum
2199 1187 2477 1256 punicum,
2531 1185 2766 1240 naturali
2811 1185 3216 1254 pulchritudine
3257 1185 3543 1253 eximium,
3597 1200 3626 1239 a

2034 1292 2189 1333 ramo
2240 1277 2574 1348 dependens,
2629 1285 2687 1332 et
2733 1292 2860 1333 cum
2913 1276 3100 1347 granis
3149 1277 3294 1333 intus
3339 1277 3626 1332 rubentem

2033 1373 2240 1427 habens
2279 1371 2563 1427 corticem.
2591 1369 2986 1427 Gravissimum
3037 1378 3216 1426 autem
3271 1379 3326 1426 et
3355 1369 3630 1426 molestis-

2033 1464 2257 1529 simum,
2287 1472 2346 1518 ut
2377 1461 2646 1528 dicebam,
2684 1461 2848 1518 simul
2891 1476 3015 1516 cum
3063 1460 3332 1516 fructibus
3376 1458 3626 1514 arborem

2034 1545 2330 1625 amputari.
2401 1553 2677 1625 Ejusmodi
2741 1552 2998 1622 quiddam
3059 1549 3265 1606 Judzeis
3337 1549 3633 1619 contigisse

2035 1647 2226 1702 videre
2269 1646 2416 1701 licet.
2467 1645 2606 1700 Nam
2642 1645 2784 1714 quod
2830 1645 2899 1699 ad
2941 1645 3176 1700 honores
3206 1650 3430 1713 propter
3458 1640 3632 1711 legem

2034 1747 2322 1809 perceptos
2349 1737 2567 1804 attinet,
2607 1753 2714 1792 non
2749 1737 3025 1791 immerito
3052 1735 3210 1790 malis
3241 1734 3455 1806 punicis
3483 1748 3634 1789 com-

313 1833 462 1904 μάςν
510 1835 689 1904 ῥοιαῖς
744 1831 1048 1902 ἐγκάρποις
1091 1830 1518 1901 παρεικάζοιντο
1555 1828 1624 1883 ἂν
1669 1829 1930 1892 εἰκότως,

2040 1841 2319 1902 parentur,
2359 1831 2452 1901 qui
2491 1831 2634 1886 inter
2677 1843 2770 1884 eos
2819 1829 3121 1901 principem
3159 1827 3338 1883 locum
3380 1827 3634 1881 obtinue-

306 1929 359 1979 οἰ
403 1924 746 1997 προύχοντες
792 1925 852 1977 ἐν
889 1924 1099 1986 αὐτοῖς·
1129 1924 1181 1977 οἰ
1223 1923 1325 1993 μὲν
1364 1921 1474 1993 γάρ
1519 1922 1584 1975 ὲκ
1625 1921 1724 1992 τῆς
1763 1919 1934 1973 Ἰούδα

310 2019 530 2090 φυλῆς,
579 2019 709 2082 τοὺς
756 2017 858 2087 τῆς
911 2016 1192 2087 βασιλείας
1242 2016 1520 2078 διέποντες
1575 2013 1800 2086 θρόνους
1853 2014 1935 2076 εἰς

311 2112 474 2182 λῆξιν
513 2109 769 2172 εὐκλείας
805 2108 1048 2163 τέθειντο
1076 2108 1206 2179 παρ’
1231 2108 1436 2170 αὐτοῖς.
1482 2107 1546 2159 Οἰ
1575 2105 1633 2158 δὲ
1666 2105 1730 2157 ὲκ
1761 2103 1934 2174 φυλῆς

312 2207 452 2259 Λευῒ
495 2206 614 2268 τοῖς
652 2205 754 2274 τῆς
787 2200 1089 2273 ἱερωσύνης
1134 2200 1448 2272 αὐχήμασιν
1490 2193 1550 2252 εὖ
1607 2196 1754 2269 μάλα
1799 2213 1935 2250 κατ-

314 2293 684 2366 εστεμμένοι,
749 2292 997 2363 λαμπροί
1047 2307 1106 2344 τε
1135 2286 1279 2360 ἦσαν
1323 2289 1419 2344 καὶ
1453 2287 1752 2360 διαϐόητοι.
1781 2287 1848 2340 Τί
1889 2286 1934 2339 δ’

311 2386 382 2441 ἂν
427 2386 649 2454 λέγοιμι
693 2382 893 2454 κριτάς
930 2399 988 2434 τε
1044 2381 1140 2434 καὶ
1175 2381 1468 2450 νομικοὺς,
1519 2381 1613 2433 καὶ
1649 2379 1776 2442 τοὺς
1814 2379 1935 2441 ταῖς

315 2474 544 2545 ἑτέραις
595 2474 790 2542 τιμαῖς
849 2469 1398 2540 κατηγλαῖσμένουςς
1459 2467 1678 2539 Ἐπειδὴ
1724 2467 1780 2522 δὲ
1835 2485 1936 2520 πε-

316 2567 726 2636 παρῳνήκασιν
753 2565 835 2626 εἰς
869 2561 1130 2632 Χριστὸν,
1157 2560 1398 2613 δέδονται
1427 2563 1540 2622 τοῖς
1571 2559 1808 2631 ἐχθροῖς,
1841 2560 1936 2613 καὶ

317 2657 746 2730 καταδῃούντων
795 2655 982 2720 αὐτοῖς
1034 2654 1135 2725 τὴν
1176 2651 1362 2724 χώραν
1417 2650 1831 2706 Οὐεσπασιανοῦ
1874 2668 1935 2704 τε

317 2749 417 2802 καὶ
453 2747 643 2808 Τίτου,
685 2742 1157 2815 πολιορκουμένης
1185 2759 1244 2795 τε
1286 2744 1387 2812 τῆς
1425 2739 1808 2812 Ἰερουσαλὴμ,
1842 2739 1938 2793 καὶ

318 2841 535 2902 πάντας
563 2838 693 2900 τοὺς
722 2837 780 2888 ὲν
808 2835 946 2905 αὐτῇ
977 2833 1139 2904 λιμοῦ
1169 2832 1616 2903 καταφθίνοντος,
1644 2831 1846 2902 θρήνου
1877 2847 1936 2885 τε

317 2932 417 2985 καὶ
451 2929 692 2983 κοπετοῦ
717 2927 786 2981 τά
818 2926 1001 2981 πάντα
1034 2925 1416 2996 πεπλήρωται.
1445 2925 1734 2994 Μαρτυρεῖ
1759 2923 1818 2976 δὲ
1843 2921 1937 2976 καὶ

333 3023 628 3093 Ἰώσηπος.
660 3019 742 3073 Τὰ
771 3019 881 3090 γὰρ
919 3018 1022 3089 τῆς
1062 3015 1361 3083 ’Λλώόνεως
1411 3015 1590 3087 βιϐλία
1627 3014 1935 3083 συντιθεὶς,

321 3114 426 3184 ἔφη
467 3130 574 3166 που
612 3110 879 3182 περὶτῶν
915 3109 1309 3181 Ἰεροσολύμων
1349 3110 1537 3172 αὐταῖς
1569 3108 1782 3176 λέξεσιν
1809 3103 1933 3163 ὦδεο

322 3204 552 3276 Κομμοί
576 3204 635 3257 δὲ
666 3199 808 3274 ἦσαν
849 3202 953 3256 ἀνὰ
989 3203 1090 3274 τὴν
1127 3203 1280 3256 πόλιν
1315 3202 1591 3274 πανταχῆ,
1631 3201 1847 3274 οἰμωγὴ
1879 3201 1936 3255 δὲ

319 3295 671 3367 διαπρύσιος,
712 3295 806 3347 καὶ
851 3293 1050 3365 θρῆνος
1095 3293 1475 3362 ἐγκέλευστος.
1506 3295 1716 3368 Ὥσπερ
1751 3294 1808 3347 δὲ
1841 3291 1937 3347 Λί-

321 3390 516 3454 σανον,
552 3390 649 3444 καὶ
679 3387 886 3459 δρυμὸν
919 3388 1090 3458 αὐτὴν
1119 3387 1392 3458 ὠνόμαζε,
1424 3387 1600 3456 λέγων
1623 3405 1636 3418 ο
1675 3405 1693 3438 ι
1725 3386 1938 3441 Διάνοι-

322 3486 442 3552 ξον,
469 3486 498 3537 ὁ
527 3481 782 3546 Λίϐανος,
809 3480 910 3544 τὰς
938 3480 1108 3551 θύρας
1139 3497 1256 3547 σου,
1285 3481 1382 3535 καὶ
1425 3480 1794 3550 καταφαγέτω
1825 3479 1938 3551 πῦρ

320 3571 424 3633 τὰς
471 3569 702 3641 κέδρους
761 3585 882 3621 σου.
933 3568 1272 3636 Ὀλολυξάτω
1319 3569 1512 3635 πίτυς,
1559 3570 1644 3622 ὃτι
1679 3571 1937 3623 πέπτωκε

324 3663 560 3733 κέδρος,
611 3661 696 3713 ὅτι
760 3659 1018 3730 μεγάλως
1071 3661 1399 3731 μεγιστᾶνες
1454 3661 1936 3734 ἐταλαιπώρησαν.

337 3755 689 3822 Ὀλολύξατε,
725 3753 886 3826 δρύες
920 3754 1020 3825 τῆς
1042 3753 1426 3818 Βασανίτιδος,
1462 3755 1544 3808 ὅτι
1580 3754 1939 3826 κατεσπάσθη

324 3850 354 3901 ὁ
377 3847 587 3920 δρυμδς
611 3847 641 3899 ὁ
675 3845 990 3916 σύμφυτος’
1022 3861 1040 3895 ι
1077 3841 1223 3896 οὕτω
1260 3842 1357 3896 καὶ
1396 3843 1574 3914 ροὦνα
1607 3844 1939 3914 κοπτόμενον

322 3939 610 4010 ὀνομάζει.
659 3937 1000 3990 Πιστώσεται
1031 3933 1088 3988 δὲ
1116 3933 1209 3988 τὸν
1250 3934 1409 4002 λόγον
1452 3935 1548 3988 καί
1589 3937 1616 3984 ὁ
1655 3935 1940 3998 θεσπέσιος

326 4033 644 4096 Ματθαῖος,
692 4033 806 4094 τοῖς
845 4028 1114 4084 Ἰουδαίων
1171 4027 1364 4098 δήμοις
1409 4027 1936 4100 προσπεφωνηκώςο

331 4147 352 4181 ι
385 4129 530 4198 Ἤδη
558 4128 618 4181 δὲ
655 4127 752 4180 καὶ
781 4127 815 4196 ἡ
853 4124 1013 4194 ἀξίνη
1047 4123 1186 4195 πρὸς
1214 4125 1312 4192 τὴν
1347 4124 1504 4195 ῥίζαν
1550 4123 1662 4177 τῶν
1705 4125 1941 4196 δένδρων

326 4223 528 4274 κεῖται.
562 4219 682 4272 Πάν
731 4212 825 4271 οῦν
866 4216 1084 4287 δένδρον
1121 4215 1196 4286 μὴ
1250 4214 1442 4268 ποιοῦν
1481 4215 1695 4285 καρπὸν
1750 4217 1936 4280 καλὸν,

327 4311 697 4372 ἐκκόπτεται,
743 4307 836 4361 καὶ
875 4308 956 4370 εἰς
995 4306 1109 4377 πῦρ
1159 4304 1444 4375 βάλλεται,
1499 4307 1594 4360 καί
1640 4305 1876 4360 καίεται.
1915 4326 1934 4360 ι

331 4405 532 4458 Ἔσται
564 4403 746 4457 τοίνυν
776 4400 940 4466 οὕτω,
974 4401 1132 4471 φησί,
1166 4397 1341 4470 μέγας
1369 4400 1398 4452 ὁ
1425 4399 1485 4453 ὲν
1509 4399 1648 4471 αὐτῇ
1685 4401 1937 4468 κοπετὸς,

2037 1931 2186 1977 runt.
2227 1922 2507 1990 Siquidem
2538 1923 2605 1976 de
2628 1922 2772 1976 tribu
2821 1931 2876 1975 et
2905 1919 3112 1975 familia
3141 1918 3280 1974 Juda
3310 1920 3552 1982 oriundi,
3579 1926 3635 1972 et

2039 2031 2204 2087 regno
2241 2015 2520 2086 praepositi
2549 2014 2601 2068 in
2638 2028 2850 2069 summa
2888 2015 3028 2082 apud
3069 2027 3163 2068 eos
3187 2012 3360 2082 gloria
3391 2011 3632 2065 fuerunt.

2038 2108 2290 2164 Tribules
2332 2119 2512 2163 autem
2564 2106 2713 2171 Levi,
2753 2105 2919 2177 785
2950 2105 3242 2159 sacerdotii
3290 2103 3635 2158 ornamentis

2038 2200 2533 2274 congruentissime
2581 2198 2948 2264 cohonestati,
2997 2197 3050 2251 in
3093 2197 3352 2251 claritate
3395 2205 3450 2250 et
3485 2194 3634 2249 cele-

2038 2294 2242 2350 britate
2288 2293 2562 2348 vixerunt.
2596 2290 2736 2358 Quid
2792 2305 2892 2360 ego
2923 2288 3322 2359 dcjudicibus,
3373 2296 3427 2342 et
3455 2287 3632 2357 legunt

2038 2383 2250 2453 peritis,
2279 2390 2333 2436 et
2361 2380 2483 2435 aliis
2511 2379 2810 2434 honoribus
2839 2375 3128 2432 illustralis
3157 2373 3374 2429 dicam?
3398 2374 3468 2428 At
3488 2381 3637 2440 post-

2039 2490 2202 2544 quam
2232 2474 2284 2528 in
2314 2473 2592 2528 Christum
2625 2470 2943 2526 debacchati
2977 2478 3126 2533 sunt,
3154 2467 3407 2523 hostibus
3447 2466 3634 2521 traditi

2040 2575 2210 2632 sunt,
2265 2563 2710 2635 Vespasianoque
2771 2577 2840 2616 ac
2891 2559 3016 2615 Tito
3059 2573 3246 2614 eorum
3300 2557 3637 2628 provinciam

2040 2657 2518 2727 depopulantibus,
2555 2664 2610 2710 et
2655 2652 3087 2724 Hierosolymam
3131 2650 3533 2711 obsidentibus,
3583 2657 3639 2702 et

2042 2750 2184 2804 fame
2229 2749 2434 2803 incolas
2482 2762 2674 2801 omnes
2701 2752 2990 2809 enecante,
3039 2742 3278 2798 lamento
3329 2750 3383 2798 et
3413 2741 3634 2811 planctu

2040 2842 2220 2897 omnia
2261 2840 2648 2895 redundarunt.
2692 2837 2949 2892 Testatur
2975 2845 3031 2891 et
3059 2833 3354 2906 Iosephus.
3388 2832 3524 2887 Nam
3580 2832 3636 2885 in

2041 2933 2198 2988 libris
2223 2932 2297 2986 De
2319 2931 2453 2985 bello
2475 2929 2708 2983 Iudaico
2733 2928 2930 2983 alicubi
2956 2929 3025 2982 de
3050 2925 3421 2996 Hierosolyma
3447 2923 3634 2978 scribit

2043 3029 2096 3083 in
2127 3030 2242 3082 haec
2277 3025 2439 3081 verba
2477 3041 2489 3076 :
2523 3024 2672 3080 Urbe
2711 3033 2820 3078 tota
2863 3023 3174 3092 plangores,
3213 3029 3269 3075 et
3291 3019 3548 3090 gemitus,
3583 3025 3639 3072 et

2043 3119 2282 3173 lamenta
2339 3116 2527 3172 dolore
2572 3129 2830 3183 expressa
2878 3113 2986 3168 late
3035 3110 3418 3167 audiebantur.
3461 3107 3530 3163 Et
3578 3116 3640 3162 ut

2041 3227 2164 3268 eam
2215 3211 2482 3266 Libanum
2538 3219 2594 3263 et
2651 3208 2850 3262 saltum
2907 3206 3157 3270 vocavit,
3206 3219 3331 3259 cum
3381 3202 3636 3258 diceret:

2049 3323 2068 3356 ι
2098 3303 2293 3374 Aperi,
2328 3301 2766 3370 Libane,portas
2806 3308 2948 3360 tuas,
2979 3306 3032 3350 et
3075 3296 3216 3364 ignis
3263 3293 3514 3349 comedat
3549 3305 3640 3347 ce-

2042 3396 2172 3450 dros
2213 3404 2355 3447 tuas.
2397 3391 2577 3448 Ululet
2620 3391 2799 3460 pinus,
2839 3388 2964 3456 quia
3011 3386 3209 3440 cecidit
3246 3385 3466 3450 cedrus,
3499 3397 3641 3452 quo-

2044 3488 2188 3542 niam
2236 3493 2517 3555 magnatcs
2545 3481 2897 3537 vehementer
2928 3478 3050 3532 facti
3099 3485 3228 3532 sunt
3255 3476 3463 3532 miseri.
3505 3473 3639 3533 Uiu-

2044 3581 2173 3646 late,
2208 3591 2444 3647 quercus
2496 3573 2870 3636 Basanitidis,
2931 3571 3188 3640 quoniam
3257 3568 3499 3623 succisus
3559 3575 3642 3622 est

2043 3672 2213 3727 saltus
2241 3668 2484 3725 consitus
2507 3669 2528 3698 ²
2561 3684 2574 3719 :
2617 3685 2635 3716 ι
2675 3665 2755 3719 sic
2803 3678 2950 3717 nunc
2988 3663 3117 3716 item
3152 3659 3351 3714 maliun
3385 3657 3638 3728 puuicam

2043 3765 2284 3819 excisam
2338 3759 2590 3830 appellat.
2635 3757 2814 3811 Testis
2861 3754 3072 3808 accedit
3125 3761 3180 3806 et
3231 3751 3448 3806 divinus
3501 3748 3638 3803 Mat-

2043 3855 2244 3916 thzeus,
2308 3853 2400 3906 ubi
2465 3847 2664 3920 popqu
2703 3846 3020 3901 Iudaeorum
3069 3843 3142 3897 ita
3198 3840 3635 3912 prmnuntiatur:

2051 3945 2222 4001 «Jam
2281 3943 2491 3999 securis
2547 3941 2613 3994 ad
2675 3938 2915 3994 radicem
2983 3935 3240 3989 arborum
3303 3932 3474 4004 posita
3533 3942 3635 3986 cst.

2044 4038 2238 4097 Omnis
2297 4037 2460 4107 igitur
2515 4033 2681 4088 arbor
2725 4045 2835 4085 non
2895 4029 3077 4083 ferens
3126 4026 3361 4080 fructum
3410 4024 3636 4088 bonum,

2044 4127 2409 4192 exscinditur,
2449 4134 2504 4178 et
2538 4124 2599 4176 iu'
2625 4123 2802 4191 ignem
2847 4117 3103 4182 mittitur,
3137 4123 3190 4170 et
3229 4113 3384 4168 ardet
3407 4113 3448 4168 ³.
3488 4131 3506 4163 ι
3551 4112 3638 4166 lu-

2043 4221 2164 4292 quit
2194 4235 2347 4288 ergo,
2378 4223 2561 4272 tantus
2609 4213 2838 4269 exsistet
2891 4210 2943 4263 in
3010 4221 3072 4264 ea
3123 4206 3392 4277 planctus,
3463 4219 3638 4274 quatt-

2047 4322 2134 4368 tus
2197 4317 2552 4366 exarescente
2617 4305 2736 4374 ejus
2807 4302 2982 4357 fructu
3032 4299 3352 4369 improviso,
3402 4306 3454 4350 et
3520 4296 3636 4362 ipsa

2043 4405 2247 4461 excisa.
2283 4421 2300 4454 ι
2332 4401 2558 4469 Planget
2603 4406 2785 4451 autem
2816 4405 2962 4450 terra
2996 4406 3094 4462 per
3137 4389 3310 4444 tribus
3337 4397 3391 4443 et
3433 4388 3634 4450 tribus,

327 4490 439 4557 οἷος
481 4493 552 4548 ἂν
584 4493 800 4562 γένοιτο
845 4490 1075 4562 ροὧνος,
1098 4494 1101 4496 ’
1123 4487 1478 4559 ὲκτεθηλότος
1511 4488 1662 4558 αὐτῷ
1697 4487 1941 4560 δηλονότι

2053 4507 2107 4552 et
2151 4495 2406 4550 mulieres
2443 4506 2632 4546 eorum
2677 4502 2944 4543 seorsum.
2982 4504 3000 4534 ι
3053 4481 3170 4538 Νοη
3222 4489 3472 4551 putamus
3504 4492 3638 4533 sane
3685 4489 3687 4491 ‘

328 4585 424 4639 τοῦ
458 4583 700 4656 καρποῦ,
731 4582 826 4635 καὶ
852 4581 1136 4652 ἀδοκήτως
1174 4577 1606 4649 ἐκκοπτομένου.
1646 4597 1664 4631 ι
1695 4579 1939 4650 Κόψεται

329 4680 385 4733 δὲ
416 4681 450 4750 ἡ
484 4677 561 4748 γῆ
601 4675 746 4730 κατά
780 4675 954 4745 φυλὰς
986 4673 1180 4743 φυλὰς,
1229 4674 1326 4726 καί
1367 4673 1424 4724 αἰ
1470 4674 1727 4741 γυναῖκες
1759 4674 1940 4727 αὐτῶν

331 4771 454 4825 καθ’
493 4768 718 4832 ἑαυτάς.
748 4787 767 4819 ι
803 4767 915 4821 Καὶ
941 4765 1066 4819 οὔτε
1095 4764 1198 4818 πού
1235 4781 1416 4835 φαμεν
1443 4765 1620 4817 ἐκεῖνο
1654 4763 1939 4834 βούλεσθαι

328 4861 530 4932 δηλοῦν
567 4861 661 4915 τὸν
695 4859 967 4930 μακάριον
997 4857 1306 4929 προφήτην,
1331 4855 1409 4920 ὡς
1436 4857 1657 4926 ἐστήκοι
1705 4858 1803 4927 μὲν
1836 4859 1940 4912 ἀνὰ

331 4957 502 5028 μέρος
533 4955 598 5008 τὸ
625 4953 795 5026 ἄρσεν
822 4954 880 5005 ὲν
912 4952 1120 5022 ἑκάστῃ
1155 4949 1322 5020 φυλῇ,
1347 4949 1450 5004 ἀνά
1489 4951 1654 5022 μέρος
1683 4951 1740 5004 δὲ
1779 4949 1847 5005 αὖ
1881 4954 1940 5007 τὸ

330 5049 492 5120 θῆλυ,
543 5049 640 5101 καὶ
697 5046 1019 5116 ποιήσονται
1071 5043 1163 5097 τὸν
1199 5043 1464 5097 κοπετόν·
1499 5045 1757 5115 περιττὸν
1803 5046 1937 5117 γάρ,

326 5142 405 5206 ὡς
457 5139 638 5202 ἑοικε,
679 5137 742 5191 τὺ
797 5136 1024 5208 χρῆμα,
1082 5135 1178 5189 καί
1236 5134 1626 5188 εἰκαιόϐουλον.
1683 5135 1937 5189 Διδάσκει

323 5235 384 5289 δὲ
439 5232 645 5304 μᾶλλον
679 5231 756 5294 ὡς
787 5231 994 5298 ἑκάστη
1027 5227 1169 5298 φυλὴ
1216 5225 1360 5281 κατὰ
1411 5227 1518 5279 τῶν
1565 5228 1623 5280 ἑν
1656 5229 1794 5300 αὐτῇ
1843 5246 1942 5297 γυ-

325 5327 540 5383 ναικῶν
589 5326 730 5379 ἰδίαν
777 5324 890 5390 ἕξει
936 5322 1060 5376 τινὰ
1109 5321 1208 5376 τοῦ
1260 5321 1461 5392 θρήνου
1508 5322 1609 5393 τὴν
1659 5325 1938 5396 ἀφορμήν.

328 5421 523 5492 Ταύτῃ
546 5437 632 5473 τοι
662 5418 831 5490 φησὶν
859 5418 942 5471 ὅτι
961 5435 978 5468 ι
1002 5415 1147 5487 Φυλὴ
1181 5416 1330 5468 οῖκου
1366 5415 1531 5468 Δαϐἰδ
1563 5417 1686 5469 καθ’
1721 5419 1940 5487 ἑαυτὴν,

327 5517 423 5570 καὶ
459 5515 520 5567 αἰ
559 5515 821 5583 γυναῖκες
864 5509 1045 5563 αὐτῶν
1074 5508 1199 5562 καθ’
1241 5507 1460 5570 ἑαυτάς.
1493 5527 1512 5559 ι
1549 5509 1658 5562 Καὶ
1705 5510 1769 5581 δὴ
1809 5510 1942 5581 φέρε

325 5606 603 5678 λέγωμεν,
632 5603 707 5668 ὡς
735 5601 838 5668 ἔνι,
870 5602 964 5657 τὸν
993 5601 1231 5673 ἑκάστης
1281 5599 1463 5654 πόνον.
1492 5601 1555 5654 υἰ
1589 5601 1690 5673 μὲν
1734 5601 1842 5673 γάρ
1877 5604 1942 5656 ὲκ

394 5788 420 5821 '
445 5783 682 5841 Zachar.
715 5798 792 5850 ιι,
833 5781 963 5848 1,2.
1042 5778 1278 5835 ‘Matth.
1320 5792 1404 5846 tu,
1437 5777 1528 5834 10.

2047 4589 2265 4644 beatum
2319 4585 2637 4656 prophetam
2686 4581 2820 4636 illud
2864 4578 3043 4643 velle-,
3093 4577 3148 4631 in
3202 4575 3444 4646 qualibet
3495 4572 3637 4627 tribu

2047 4693 2298 4736 seorsum
2347 4691 2528 4732 mares
2587 4690 2616 4729 a
2676 4671 2894 4728 feminis
2939 4678 3211 4734 staturos,
3257 4676 3312 4722 et
3357 4666 3638 4736 planctum

2048 4774 2307 4835 daturos;
2336 4773 2438 4824 hoc
2470 4768 2618 4823 enim
2655 4777 3122 4835 supervacaneum
3158 4771 3212 4815 et
3259 4758 3640 4814 inconsidera.

2051 4877 2162 4920 tum
2211 4865 2370 4918 foret.
2408 4861 2540 4915 Illud
2589 4859 2770 4927 potius
2809 4859 2990 4921 docet,
3043 4867 3485 4923 unamquamque
3539 4850 3638 4904 tri-

2050 4958 2176 5011 bum
2216 4970 2338 5009 cum
2386 4952 2607 5006 feminis
2635 4948 2751 5004 suis
2777 4946 3106 5018 peculiarem
3135 4941 3469 4999 lamentandi
3505 4955 3640 4996 cau-

2046 5063 2162 5103 sam
2217 5044 2549 5100 habituram.
2607 5039 2816 5096 Idcirco
2872 5039 3048 5108 inquit
3100 5055 3113 5090 :
3172 5034 3418 5090 «Tribus
3475 5031 3640 5087 David

2045 5154 2316 5203 seorsum,
2353 5149 2400 5190 et
2447 5135 2704 5189 mulieres
2751 5148 2944 5188 eorum
2992 5145 3264 5187 seorsum.
3295 5147 3313 5180 ι
3347 5126 3468 5180 Jam
3509 5139 3640 5179 vero

2039 5240 2303 5303 quantum
2354 5242 2646 5298 pOSsumus
2677 5225 2970 5294 eujuslilwt
3000 5221 3350 5277 alllictiouem
3379 5215 3637 5286 explane-

2043 5339 2182 5376 mus.
2233 5320 2489 5374 Tribulcs
2535 5320 2683 5372 enim
2725 5333 2756 5372 e
2816 5316 2958 5370 tribu
3004 5312 3196 5376 David,
3244 5311 3359 5365 sive
3403 5305 3565 5365 Juda,
3609 5318 3641 5358 e

2044 5429 2210 5484 regno
2242 5413 2436 5476 excisi,
2471 5411 2800 5480 impotenter
2825 5407 3051 5476 ejulant,
3081 5414 3140 5458 ut
3178 5411 3326 5456 tanto
3350 5396 3640 5466 splendore

2041 5506 2280 5577 spoliati.
2310 5503 2510 5559 Levita:
2538 5517 2691 5568 vero,
2715 5498 3010 5554 sacerdotii
3045 5497 3251 5549 honore
3274 5488 3506 5559 depulsi,
3530 5503 3639 5543 una
3722 5512 3734 5526 ι

2045 5613 2168 5655 cum
2213 5597 2536 5653 mulieribus
2563 5591 2808 5664 planctui
2841 5604 2900 5645 se
2940 5589 3166 5644 dabunt.
3203 5583 3279 5640 De
3311 5581 3515 5637 familia
3541 5593 3638 5636 att.-
