4098 6478
517 323 622 382 231

1511 315 1570 370 S.
1613 313 1891 372 CYRILLI
1930 313 2409 372 ALEXANDRINI
2447 314 2774 371 ARCHIEP.

3692 317 3796 374 228

521 453 628 494 tem
662 435 878 492 Nathan
911 434 1023 502 (hic
1049 443 1167 488 erat
1198 433 1485 503 propheta,
1522 445 1632 488 'nec
1661 435 1884 489 omnino
1913 434 2102 503 verax)

2210 434 2382 505 φυλῆς
2423 434 2608 499 Δαϐὶδ,
2636 433 2754 503 ήτοι
2797 430 2893 485 τοῦ
2933 429 3133 493 Ἰούδα,
3178 429 3276 499 τῆς
3309 429 3590 500 βασιλείας
3641 435 3797 488 ἐκκοο
3829 480 3833 485 .

521 529 773 585 similiter
813 528 1070 597 plangent
1102 545 1116 579 :
1151 541 1257 579 non
1295 525 1440 580 enim
1493 525 1679 580 licebit
1723 525 1830 580 illis
1874 525 2108 596 amplius

520 619 812 676 vaticinari
845 620 1053 688 iniqua,
1077 628 1134 674 et
1161 617 1303 688 loqui
1333 616 1402 672 de
1427 618 1593 671 corde
1619 633 1720 672 suo
1739 617 1786 683 ‘,
1816 627 1870 672 et
1901 632 2108 673 sermo-

522 726 624 768 nes
681 727 813 767 suos
876 725 976 780 pro
1043 709 1240 764 divinis
1298 708 1580 764 venditare
1636 708 2104 778 imprudentibus,

521 805 758 872 indeque
787 813 946 872 turpe
989 803 1198 856 lucrum
1230 800 1513 869 colligere.
1547 797 1722 856 Habet
1745 815 1911 869 porro
1943 800 2109 855 tradi-

522 895 623 960 tio,
656 894 875 949 Judaaos
901 893 1114 963 judices
1143 907 1239 962 per
1264 900 1511 962 tempora
1536 906 1640 948 sua
1657 892 2012 957 constitutos,
2040 891 2110 947 de

519 986 667 1039 tribu
699 984 980 1055 Symeonis
1034 983 1252 1052 legisse,
1288 982 1456 1053 786
1494 990 1678 1051 utpote
1727 995 1847 1052 qua:
1885 980 2111 1037 ﬂoreret

521 1078 657 1132 viris
687 1075 1153 1147 prudentissimis,
1203 1083 1260 1129 et
1305 1074 1484 1144 legum
1525 1072 1928 1140 scientissimis,
1963 1081 2022 1128 et
2055 1073 2106 1126 in

522 1171 633 1224 vita
666 1170 733 1223 ad
774 1167 921 1238 leges
952 1167 1363 1222 accommodata
1399 1165 1614 1221 caeteris
1647 1165 1814 1220 ιιιυῦιο
1841 1173 2110 1234 praestan-

516 1258 776 1314 tioribus.
827 1258 1297 1314 Lamentabnntur
1346 1267 1532 1312 autem
1583 1255 1904 1327 hiquoque.
1953 1255 2109 1313 lianc

514 1352 591 1408 ob
650 1365 872 1406 causam
925 1349 1083 1416 dicit,
1141 1351 1346 1404 tribum
1388 1350 1622 1422 Symeoa
1683 1349 2107 1404 lamentaturam

516 1455 790 1496 seorsum.
827 1440 948 1495 Non
993 1440 1139 1496 enim
1181 1440 1395 1495 sincere
1418 1437 1607 1508 judicii
1655 1453 1850 1493 munus
1881 1451 2110 1493 exerce-

524 1534 674 1598 bant,
717 1546 894 1601 neque
929 1531 1132 1587 divinis
1166 1531 1377 1601 legibus
1414 1531 1800 1598 obsequentes,
1829 1543 1950 1599 qua:
1999 1529 2110 1584 Deo

516 1622 819 1690 placerent,
869 1630 1130 1693 praestare
1173 1621 1535 1684 conabantur,
1573 1620 1668 1675 sed
1703 1620 1886 1688 lucris
1931 1619 2110 1689 potius

519 1713 828 1777 inhiabant,
855 1713 1133 1769 levissimo
1166 1714 1341 1783 pretio
1372 1712 1532 1767 [idem
1570 1726 1724 1767 suam
1771 1712 2105 1775 adtllccntes,

2209 526 2426 589 πέντες,
2463 522 2902 594 κατοιμώζουσιν
2932 521 3197 592 ἀσχέτως,
3227 523 3303 586 ὡς
3335 523 3434 593 τῆς
3467 522 3612 576 οὕτω
3645 541 3798 594 περι-

2209 616 2412 684 φανοῦς
2439 615 2689 678 εὐκλείας
2729 613 3211 685 ἀποστερούμενοι.
3254 615 3321 666 Οἵ
3355 631 3418 683 γε
3457 615 3562 686 μὴν
3601 617 3666 668 ὲκ
3702 619 3800 687 τῆς

2206 705 2304 761 τοῦ
2334 707 2490 773 Λευὶ,
2509 706 2618 760 τῶν
2647 709 2712 760 ὲκ
2744 706 2843 777 τῆς
2874 706 3175 777 ἱερωσύνης
3203 704 3566 776 ἐξωθούμενοι
3599 707 3798 778 γερῶν,

2199 797 2346 868 -όμοῦ
2377 797 2593 866 γυναιξὶ
2621 797 2937 867 ποιήσονται
2975 796 3066 850 τὸν
3092 797 3325 868 κομμόν.
3355 798 3418 850 Oi
3445 797 3503 850 δὲ
3538 798 3603 850 ὲκ
3631 798 3804 869 φυλῆς

2208 890 2304 943 τοῦ
2339 889 2550 955 Νάθαν,
2590 891 2879 961 προφήτης
2903 888 2962 942 δὲ
2989 881 3145 952 οὗτος
3169 884 3259 958 ἦν,
3301 888 3397 942 καὶ
3438 890 3558 959 οὐχὶ
3585 889 3805 952 πάντως

2207 977 2434 1050 ἀληθὴς,
2469 977 2725 1047 κόψονται
2767 977 2955 1032 πάλιν·
2987 977 3048 1029 οὺ
3081 975 3191 1048 γὰρ
3227 971 3297 1048 ἦν
3327 976 3513 1040 αὐτοῖς
3553 977 3634 1030 ἔτι
3668 994 3805 1050 προ-

2208 1069 2466 1140 φητεύειν
2487 1068 2669 1135 ἄδικα,
2697 1067 2791 1122 καὶ
2827 1067 3010 1122 λαλεῖν
3044 1067 3114 1121 τὰ
3145 1066 3255 1122 ἀπὸ
3285 1067 3534 1139 καρδίας,
3565 1068 3663 1122 καὶ
3691 1071 3806 1134 τοῖς

2208 1162 2490 1225 smmi;
2525 1161 2867 1216 καταπωλεῖν
2890 1161 2968 1225 ὡς
3003 1159 3316 1232 παρά-Θεοῦ
3353 1161 3482 1223 τοὺς
3511 1160 3684 1224 ἰδίους
3722 1161 3810 1214 λό-

2209 1271 2376 1322 γους,
2418 1254 2511 1307 καὶ
2552 1252 2653 1316 τάς
2703 1251 2954 1307 ἐντεῦθεν
3008 1251 3288 1321 συλλέγειν
3337 1251 3804 1322 αἰσχροκερδείας.

2213 1347 2369 1418 Ἔχει
2394 1345 2451 1398 δὲ
2481 1347 2514 1416 ή
2542 1343 2861 1416 παράδοσις,
2892 1344 2976 1398 ὅτι
3011 1345 3137 1408 τοὺς
3171 1342 3367 1415 κριτὰς
3401 1343 3649 1398 Ἰουδαῖοι
3678 1344 3809 1407 τοὺς

2208 1436 2644 1507 καθισταμένους
2676 1435 2818 1490 κατά
2844 1436 3070 1508 καιροὺς
3089 1437 3154 1490 ἐκ
3176 1435 3278 1506 τῆς
3309 1434 3534 1505 Συμεὼν
3564 1435 3812 1506 ἐδέχοντο

2210 1528 2404 1599 φυλῆς,
2432 1528 2528 1582 άτε
2555 1529 2621 1598 δὴ
2661 1527 3064 1591 συνετωτάτους
3120 1527 3217 1580 καὶ
3245 1526 3575 1598 νομομαθεῐς
3607 1528 3811 1598 ἄνδρας

2206 1621 2466 1692 ἐχούσης,
2496 1620 2590 1674 καὶ⁵
2621 1619 2756 1674 πολὺ
2790 1619 2900 1673 τῶν
2921 1618 3096 1674 ἄλλων
3135 1617 3608 1689 προφερεστέρους
3629 1617 3715 1681 είς
3749 1634 3812 1684 γε

2210 1713 2272 1766 τὸ
2299 1711 2399 1783 ζῇν
2446 1711 2664 1766 ἑλέσθαι
2699 1711 2961 1782 ἐννόμοις.
3002 1710 3102 1764 Διά
3137 1710 3298 1764 τοῦτό
3336 1726 3502 1780 φησιν
3545 1709 3628 1763 ὃτι
3660 1709 3810 1780 Φυλή

518 1814 575 1859 et
630 1813 699 1858 ut
746 1805 828 1858 ait
877 1805 1193 1874 prapheta:
1243 1802 1512 1858 «Judices
1566 1816 1756 1858 eorum
1810 1802 1959 1857 sicut
2002 1799 2110 1871 lupi

2215 1804 2441 1875 Συμεὼν
2482 1803 2710 1873 autem
2744 1802 2865 1858 καθ’
2901 1802 3126 1872 ἑαυτήν.
3155 1802 3314 1865 ΙἸδιος
3341 1802 3401 1855 δέ
3438 1819 3522 1866 τις
3553 1802 3650 1855 καὶ
3685 1803 3813 1854 τού-

518 1894 742 1949 Δτιιιιίω
789 1895 832 1948 ⁵.
863 1913 889 1950 ι,
926 1893 1237 1949 [mnentari
1274 1904 1456 1949 autem
1497 1907 1604 1947 una
1635 1893 1800 1948 etiam
1833 1891 1967 1948 alias
2013 1891 2106 1946 tri-

516 1983 625 2040 bus
651 1985 957 2053 oportebat,
988 1982 1483 2054 ut‘jucundissimis
1515 1983 1617 2038 sibi
1655 1983 1852 2036 ritibus
1893 1991 1948 2036 et
1975 1980 2114 2036 locis

515 2071 748 2141 eiectas,
789 2072 898 2128 imo
932 2082 988 2128 et
1012 2073 1129 2142 ipsa
1173 2083 1350 2128 morte
1389 2086 1580 2128 earum
1616 2073 1888 2143 capitibus
1929 2072 2110 2129 immi-

517 2170 707 2228 nente,
753 2163 981 2234 ipsaque
1010 2163 1159 2220 fame
1197 2163 1374 2221 instar
1415 2163 1632 2220 hostilis
1675 2163 1841 2234 gladii
1875 2178 1971 2220 eas
2014 2162 2108 2218 ab-

516 2263 783 2310 sumente.

2215 1911 2330 1955 τοις
2354 1893 2384 1945 ὁ
2412 1892 2630 1964 θρῆνος.
2659 1893 2734 1944 Οὐ
2773 1891 2882 1962 γὰρ
2911 1890 3125 1962 ἔκρινον
3164 1889 3362 1961 ὀρθῶς,
3389 1888 3515 1943 οὔτε
3554 1889 3662 1960 μὴν
3697 1893 3812 1954 τοῖς

2207 1981 2380 2045 θείοις
2420 1981 2662 2046 εἴκοντες
2692 1981 2898 2053 νόμοις,
2930 1981 2993 2034 τὸ
3021 1980 3102 2051 τῷ
3126 1979 3248 2050 Θεῷ
3273 1979 3465 2035 δοκοῦν
3505 1979 3815 2050 ἀποπεραί-

2209 2092 2322 2129 νειν
2371 2075 2726 2139 ἐσπούδαζον,
2772 2069 2914 2144 ἦσαν
2961 2073 3021 2127 δὲ
3072 2073 3272 2143 μᾶλλον
3306 2071 3677 2142 φιλοκερδεῖς,
3717 2072 3815 2125 καὶ

2204 2167 2564 2231 εὐωνότατοι,
2609 2166 2706 2220 καὶ
2831 2181 2998 2237 φησιν
3037 2166 3065 2218 ὁ
3111 2165 3435 2235 προφήτης,
3472 2181 3491 2214 ι
3520 2164 3582 2216 Οἱ
3624 2163 3815 2233 κριταὶ

2207 2259 2378 2329 αὐτῆς
2405 2257 2481 2322 ὡς
2505 2257 2662 2312 λύκοι
2693 2259 2793 2328 τῆς
2821 2256 3135 2329 Ἀραϐίας.»
3163 2255 3561 2326 Συνοδύρεσθαι
3589 2255 3649 2308 δὲ
3677 2255 3815 2308 ταύ-

515 2360 636 2408 ταις
676 2347 973 2417 ἀναγκαῖόν
1006 2367 1122 2413 πως
1159 2345 1229 2420 ἦν
1300 2348 1400 2402 καὶ
1468 2347 1570 2411 τὰς
1611 2347 1804 2420 ἑτέρας
1840 2348 2042 2417 φυλὰς,
2079 2349 2176 2403 ἅτε
2214 2349 2278 2422 δὴ
2319 2351 2425 2405 τῶν
2463 2351 2696 2420 ἡδίστων
2733 2351 2924 2413 αὑταῖς
2965 2349 3102 2404 ἐθῶν
3138 2367 3200 2402 τε
3243 2349 3339 2402 καὶ
3380 2347 3562 2400 τόπων
3599 2347 3816 2416 ἐκπεμ-

518 2437 785 2507 πομένας,
822 2441 1025 2511 μᾶλλον
1053 2442 1111 2496 δὲ
1141 2443 1236 2496 καὶ
1266 2440 1432 2494 αὑτοῦ
1463 2440 1698 2496 θανάτου
1727 2442 2110 2514 ἐπηρτημένου
2148 2447 2268 2509 ταῖς
2335 2447 2486 2516 σφῶν
2523 2446 2788 2515 κεφαλαῖς
2822 2444 3139 2514 ,φθάνοντος
3168 2444 3228 2498 δὲ
3290 2444 3481 2514 ὥσπερ
3509 2441 3620 2496 τῶν
3648 2440 3813 2495 πολε-

521 2534 662 2599 μίων
689 2531 752 2584 τὸ
780 2531 932 2602 ξίφος
965 2533 1062 2587 καὶ
1087 2531 1254 2587 αὐτοῦ
1285 2531 1381 2586 τοῦ
1415 2533 1598 2603 λιμοῦ.

1145 2664 1301 2720 CAP.
1345 2664 1483 2721 XIII.

595 2799 753 2854 Vsus.
813 2799 864 2853 l.
908 2797 974 2852 In
1009 2798 1093 2853 die
1123 2797 1222 2851 illa
1265 2797 1364 2852 erit
1395 2798 1564 2852 omnis
1608 2796 1755 2851 locus
1799 2807 2011 2866 apertus
2051 2799 2107 2852 in

517 2893 674 2946 domo
723 2890 915 2956 Dauid,
945 2898 994 2944 et
1033 2886 1398 2943 habitantibus
1427 2888 1750 2954 Jerusalem,
1780 2899 1830 2944 et
1854 2890 1909 2944 in
1933 2900 2113 2943 trans:

517 2984 870 3037 mutationem
919 2992 966 3038 et
996 2983 1373 3051 aspersionem.

591 3159 777 3216 XCVI.
815 3159 956 3229 _Post
1000 3161 1106 3214 hoc
1155 3159 1448 3216 adventum
1501 3161 1703 3216 Christi
1759 3161 2109 3232 diligentibus

521 3263 790 3308 eventura
827 3253 1124 3321 percurrit.
1155 3252 1258 3318 Qui
1291 3253 1438 3308 enim
1485 3252 1538 3307 in
1586 3267 1683 3307 sua
1733 3253 2112 3310 incredulitate

525 3344 852 3401 insolentius
898 3359 958 3400 se
1002 3353 1316 3416 gesserunt,
1354 3343 1777 3410 obsidebuntur,
1813 3346 2011 3415 inquit,
2057 3355 2113 3402 et

525 3437 579 3490 in
612 3436 848 3490 miseriis
880 3435 993 3492 suis
1031 3435 1337 3506 cjulabunt.
1375 3435 1473 3490 Ast
1509 3435 1563 3489 in
1607 3451 1692 3501 ea,
1722 3451 1884 3506 quam
1931 3447 2112 3492 mente

521 3537 859 3599 spectamus,
922 3536 978 3583 et
1026 3543 1157 3582 vere
1218 3535 1407 3582 sancta
1454 3525 1900 3598 Hierosolyma‘,
1952 3537 2006 3583 et
2053 3528 2109 3584 in

523 3618 687 3671 domo
724 3616 914 3681 David,
951 3615 1054 3672 hoc
1079 3625 1184 3682 est,
1219 3615 1482 3683 Ecclesia,
1527 3617 1619 3673 ubi
1652 3631 1716 3672 ex
1753 3617 1966 3673 semine
2009 3617 2112 3673 Da-

523 3709 614 3764 vid
647 3708 946 3764 secundum
971 3721 1194 3764 carnem
1223 3706 1473 3764 Christus
1501 3709 1840 3779 apparuerit,
1871 3727 1891 3760 ι
1923 3707 2111 3765 Omnis

521 3799 675 3856 locus
725 3799 953 3869 patebit,
984 3817 1006 3851 ι
1061 3798 1167 3854 hoc
1202 3806 1311 3866 est,
1368 3799 1536 3854 multa
1585 3801 1692 3855 erit
1746 3799 2000 3866 latitudo,
2054 3809 2111 3856 et

521 3890 678 3960 quasi
705 3891 990 3946 remissum
1012 3899 1069 3950 et
1099 3890 1306 3959 laxum,
1337 3889 1854 3961 optatissimumque
1884 3899 1938 3946 et
1959 3891 2106 3946 omni

523 3981 770 4036 molestia
813 3981 1206 4038 solutissimum
1245 3983 1456 4037 vivendi
1502 3996 1692 4052 genus.
1743 3980 1897 4036 Scias
1947 3996 2108 4051 porro

521 4073 708 4139 velim,
760 4074 814 4129 in
850 4075 1076 4130 Hebraea
1120 4076 1358 4132 editione
1398 4076 1724 4131 sententiam
1768 4077 1910 4132 hanc
1953 4077 2110 4132 aliter

520 4175 762 4218 exstare.
793 4163 928 4220 Nam
953 4181 1074 4236 pro,
1108 4183 1128 4218 ι
1159 4165 1277 4222 Erit
1299 4165 1478 4221 omnis
1505 4165 1657 4222 locus
1685 4177 1926 4237 apertus,
1959 4184 1978 4218 ι
2009 4168 2104 4235 ait,

518 4253 642 4311 {ore
680 4266 740 4310 ut
775 4259 957 4315 omnis
1010 4256 1136 4313 lous
1170 4258 1454 4314 scaturiat.
1489 4257 1557 4314 Et
1585 4259 1868 4328 probabile
1893 4269 1978 4315 est
2014 4261 2108 4316 ad-

524 4347 778 4411 modum,
824 4347 992 4402 etiam
1023 4347 1165 4402 LXX
1194 4349 1700 4420 interpretationem
1745 4352 1938 4408 eodem
1990 4362 2108 4408 ten-

522 4436 676 4500 dere,
726 4437 979 4506 quamvis
1023 4439 1190 4493 verba
1240 4453 1402 4495 secus
1442 4441 1702 4506 habeant,
1757 4452 1816 4498 ut
1849 4443 2103 4512 quiddam

521 4526 792 4594 ejusmodi
834 4527 1193 4597 significetur.
1229 4528 1509 4585 lncredula
1556 4545 1748 4602 nempe
1801 4544 1856 4588 et
1884 4533 2106 4589 recalci—

525 4626 698 4682 trans,
751 4632 1009 4687 perversa
1084 4628 1141 4674 et
1196 4621 1495 4689 apostatrix
1547 4619 1872 4688 Jerusalem,
1935 4643 1955 4676 ι
1984 4641 2106 4696 qua:

521 4711 728 4766 occidit
755 4713 1070 4782 prophetas,
1108 4721 1164 4769 et
1196 4713 1402 4783 lapidat
1429 4729 1526 4770 eos
1564 4716 1656 4786 qui
1695 4719 1762 4772 ad
1791 4732 1912 4774 eam
1954 4720 2103 4775 missi

521 4811 652 4856 sunt
671 4803 715 4867 ⁷,
752 4822 772 4854 ι
805 4803 1105 4873 condignas
1154 4804 1381 4862 audacia
1429 4822 1529 4864 sua
1581 4822 1772 4874 poenas
1812 4812 2102 4881 persolvet.

523 4894 892 4951 Exscindetur
924 4896 1096 4962 enim,
1127 4911 1228 4955 ceu
1265 4899 1439 4956 malus
1477 4900 1693 4971 punica.
1724 4902 2106 4960 Habitantibus

523 4994 705 5040 autem
738 4984 1037 5042 Jerusalem
1066 5004 1188 5059 qua
1214 4989 1572 5062 intelligentia
1609 4994 1961 5063 conspicitur,
1989 4996 2106 5051 sive

522 5080 744 5134 domum
791 5079 953 5145 Juda,
1005 5081 1058 5136 id
1111 5089 1218 5150 est,
1271 5080 1499 5149 Christi,
1546 5103 1565 5137 ι
1593 5085 1700 5140 erit
1734 5086 1912 5142 omnis
1955 5086 2105 5142 locus

522 5178 766 5238 apertus,
798 5187 818 5222 ι
854 5173 969 5225 sive
998 5169 1052 5226 in
1089 5173 1238 5229 omni
1269 5173 1391 5229 loco
1419 5174 1562 5242 fons,
1595 5177 1933 5246 purgationis
1963 5193 2102 5248 aqua

523 5276 773 5327 manans,
822 5262 1012 5332 utique
1059 5267 1202 5320 sacri
1261 5265 1649 5336 baptismatis,
1694 5269 1761 5323 ad
1814 5267 2101 5324 utilitatem

521 5354 884 5422 credentium,
931 5373 952 5406 ι
983 5363 1036 5410 et
1087 5356 1142 5411 in
1197 5358 1706 5413 transmutationem
1749 5359 1914 5428 787
1941 5367 1996 5414 et
2049 5360 2103 5414 in

523 5447 912 5512 aspersionem.
944 5467 966 5502 ι
993 5448 1253 5517 Quaenam
1297 5452 1400 5506 ista
1442 5452 1858 5506 transmutatio?
1891 5451 2106 5507 Judmo—

525 5547 644 5588 rum
689 5551 755 5591 ex
805 5539 1146 5596 institutione
1192 5540 1348 5611 legali
1401 5540 1468 5596 ad
1511 5541 1679 5597 vitam
1737 5541 1791 5596 in
1847 5541 2102 5608 Christo,

596 5711 617 5742 ⁸
643 5708 843 5768 Jerem.
871 5730 1030 5778 unt.
1059 5715 1144 5770 16.
1223 5718 1242 5747 ⁵
1275 5717 1516 5782 Sophon.
1547 5732 1630 5786 III,
1659 5719 1710 5773 Ei.
1792 5719 1812 5748 ⁸
1839 5717 2002 5774 liehr.
2041 5733 2136 5787 xu,
2166 5719 2254 5775 9.2.

2830 2666 3084 2720 ΚΕΦΑΛ.
3119 2665 3220 2719 ΙΓ.

2297 2798 2394 2852 Ἐν
2421 2797 2494 2867 τῇ
2533 2797 2724 2868 ἡμέρᾳ
2760 2798 2961 2868 ἐκείνῃ
3004 2799 3179 2854 ἔσται
3209 2799 3329 2866 πᾶς
3365 2800 3550 2864 τόπος
3583 2799 3810 2855 διανοι-

2214 2887 2467 2956 τόμενυς
2506 2888 2577 2941 ἐν
2603 2887 2687 2954 τῷ
2715 2888 2862 2955 οἴκῳ
2885 2888 3084 2954 Δαόὶδ,
3115 2889 3215 2944 καί
3260 2889 3384 2955 τοᾶ-
3417 2890 3813 2944 κατοικοῦσιν

2225 2978 2637 3050 Ἰερουσαλὴμ,
2679 2981 2777 3035 καί
2816 2983 2907 3046 είς
2952 2979 3069 3050 τὴν
3116 2982 3537 3052 μετακίνησιν,
3577 2982 3679 3038 καί
3719 2986 3813 3048 εις

2135 3047 2176 3104 C
2210 3047 2319 3126 τόιι·
2335 3047 2695 3142 ῥαντισμόν.

2285 3165 2417 3230 ις’.
2472 3162 2784 3234 Ἐπιτρέχει
2818 3163 2897 3233 τῷ
2946 3163 3090 3236 λόγῳ
3120 3163 3190 3217 τά
3240 3164 3380 3234 μετά
3429 3163 3588 3219 τοῦτο
3642 3166 3812 3220 πάλιν

2211 3254 2451 3325 ἐσόμενα
2491 3257 2605 3318 τοῖς
2650 3255 2966 3324 ἠγαπηκόσι
3010 3255 3110 3326 τὴν
3156 3257 3480 3326 ἐπιφάνειαν
3524 3257 3618 3310 τοῦ
3665 3259 3812 3328 Χρι-

2214 3342 2366 3400 στοῦ.
2405 3345 2471 3397 Οί
2513 3344 2611 3414 μὲν
2644 3345 2753 3413 γὰρ
2797 3348 2920 3410 ταῖς
2973 3345 3284 3410 άπειθείαις
3330 3347 3703 3418 ἐξυϐρικότες,
3753 3351 3812 3402 ὲν

2211 3436 2551 3506 πολιορκίαις
2581 3436 2816 3505 έσοντάι,
2853 3439 3007 3509 φησὶ,
3039 3440 3134 3492 καὶ
3165 3441 3259 3494 ὲπί
3297 3456 3360 3508 γε
3389 3443 3503 3503 τοῖς
3534 3441 3686 3510 σφῶν
3710 3444 3812 3496 αὐ-

2209 3529 2321 3583 τῶν
2353 3529 2751 3600 κατοιμώξουσι
2794 3533 3009 3596 κακοῖς.
3068 3533 3156 3585 Ἐν
3199 3532 3255 3586 δέ
3298 3549 3361 3601 γε
3395 3536 3461 3604 τῇ
3493 3537 3661 3605 νοητῇ
3712 3536 3812 3588 καὶ

2212 3622 2346 3693 ἁγίᾳ
2378 3622 2520 3677 κατά
2557 3623 2619 3676 τὸ
2665 3623 2867 3694 ἀληθὲς
2901 3623 3294 3696 Ἰερουσαλὴμ,
3331 3626 3426 3679 καὶ
3460 3628 3519 3679 ὲν
3557 3626 3637 3696 τῷ
3669 3627 3812 3699 οἴκῳ

2211 3712 2412 3778 Δασὶδ,
2459 3713 2708 3766 τουτέστι
2762 3716 2830 3784 τῇ
2885 3713 3205 3786 Ἐκκλησία,
3245 3716 3340 3769 τοῦ
3391 3717 3696 3785 πεφηνότος
3745 3720 3812 3771 ἐκ

2213 3803 2525 3874 σπέρματος
2551 3804 2716 3858 Δαόὶδ
2749 3805 2893 3858 κατά
2924 3804 3105 3876 σάρκα
3139 3807 3401 3877 Χριστοῦ,
3438 3827 3457 3859 ι
3491 3809 3610 3872 Πᾶς
3634 3809 3808 3871 τόπος

2209 3894 2364 3950 ἔσται
2423 3894 2907 3966 διανοιγόμενος,ι
2960 3898 3234 3963 τουτέστι,
3285 3899 3457 3970 πολλή
3505 3917 3591 3963 τις
3643 3903 3809 3973 εὐρυ-

2209 3987 2408 4056 χωρία,
2439 3987 2536 4040 καὶ
2562 3985 2674 4041 οἷον
2705 3988 2964 4060 ἀνειμένη
2991 3988 3172 4045 δίαιτα
3198 3992 3524 4062 τριπόθητος
3547 3993 3644 4046 καὶ
3671 3995 3810 4048 ἀπο-

2209 4077 2446 4148 νωτάτη.
2486 4079 2682 4135 ἰστέον
2713 4080 2771 4134 δὲ
2809 4081 2892 4135 ὃτι
2923 4082 2985 4136 τὸ
3019 4083 3184 4154 ῥητὸν
3215 4083 3458 4155 Ἑϐραῖοι
3489 4085 3655 4140 πάλιν
3688 4087 3807 4140 ἐτέο

2211 4187 2320 4240 ρως
2345 4171 2727 4228 ὲκδεδώκασιν.
2763 4175 2912 4228 ’Δντὶ
2941 4175 3050 4247 γάρ
3073 4177 3194 4242 τοῦ,
3228 4195 3247 4228 ι
3281 4177 3474 4230 Ἔσται
3504 4179 3613 4241 πᾶς
3638 4178 3807 4241 τόπος

2205 4261 2636 4334 διανοιγόμενος,
2667 4284 2686 4316 ι
2723 4267 2908 4320 πᾶσαν
2953 4265 3172 4321 ἔσεσθαι
3203 4266 3386 4339 πηγὴν
3425 4268 3806 4339 ἀναϐρύουσαν

2207 4353 2418 4425 ἔφησαν
2443 4355 2616 4410 αὐτοί.
2647 4357 2759 4410 Καὶ
2797 4357 2945 4422 είκός
2985 4375 3050 4428 γε
3095 4360 3320 4431 σφόδρα,
3362 4360 3584 4430 καὶτῆς
3623 4363 3805 4434 ἑρμη-

2210 4445 2358 4508 νείας
2391 4445 2505 4500 τῶν
2546 4445 2956 4519 Ἐὅδομήκοντα
2982 4449 3075 4504 τὸν
3115 4449 3316 4504 σκοπὸν
3352 4451 3436 4514 είς
3471 4450 3630 4503 τοῦτο
3670 4451 3808 4504 αὐτὸ

2214 4535 2605 4600 συντείνεσθαι,
2651 4538 2756 4593 κᾶν
2785 4539 2835 4592 εί
2880 4541 3083 4611 έτέρως
3117 4542 3230 4612 ἔχοι
3261 4543 3361 4614 τῆς
3393 4536 3503 4596 τῶν
3539 4543 3807 4614 ῥημάτων

2218 4629 2494 4700 προφορᾶς
2517 4629 2546 4680 ὁ
2581 4630 2804 4701 τρόπος,
2834 4631 2921 4685 ἵνα
2947 4651 3001 4686 τι
3031 4631 3326 4708 τοιοῦτονῇ
3355 4635 3416 4687 τὸ
3448 4635 3800 4706 δηλούμενον.

2223 4718 2289 4771 Ἦ
2337 4719 2436 4789 μὲν
2479 4720 2588 4792 γὰρ
2628 4721 2890 4792 ἀπειθὴς,
2937 4724 3034 4778 καὶ
3071 4723 3283 4793 ὲξήνιος
3334 4726 3724 4797 Ἰερουσαλὴμ,
3766 4727 3801 4796 ἠ

2213 4812 2426 4882 πονηρά
2454 4829 2515 4864 τε
2562 4814 2660 4866 καὶ¹
2691 4815 3023 4881 ἀποστάτις,
3074 4835 3093 4868 ι
3132 4816 3198 4870 Ἥ
3229 4818 3627 4872 ἀποκτείνουσα
3674 4823 3803 4883 τοὺς

2213 4904 2518 4972 προφήτας,
2551 4904 2648 4957 καὶ
2672 4905 3019 4962 λιθοϐολοῦσα
3043 4908 3168 4971 τοὺς
3190 4909 3638 4980 ἀπεσταλμένους
3664 4910 3803 4981 πρὸς

2211 4994 2403 5064 αὐτὴν,
2429 5012 2448 5046 ι
2484 4995 2586 5059 τὰς
2615 5000 2728 5060 τοῖς
2761 4998 2912 5063 ἰδίοις
2941 4999 3289 5071 τολμήμασιν
3330 5001 3608 5070 ἀναλόγως
3647 5001 3803 5072 ἐχού-

2213 5101 2312 5148 σας
2340 5086 2568 5140 ἀποτιεῖ
2603 5088 2781 5153 δίκας.
2818 5091 3213 5162 Ἐκκοπήσεται
3243 5092 3352 5164 γὰρ
3389 5092 3588 5162 ῥοῶνος
3618 5093 3799 5157 δίκην.

2211 5176 2336 5239 Τοῖς
2381 5193 2444 5244 γε
2480 5177 2587 5249 μὴν
2635 5180 2844 5234 οἰκοῦσι
2889 5181 2991 5253 τὴν
3023 5183 3219 5254 νοητὴν
3257 5183 3646 5254 Ἰερουσαλὴμ,
3677 5185 3798 5254 ήτοι

2209 5264 2300 5317 τὸν
2330 5263 2478 5322 οἷκον
2510 5267 2699 5336 Ἰούδα,
2731 5271 2978 5326 τουτέστι
3031 5271 3291 5345 Χριστοῦ,
3331 5293 3349 5324 ι
3376 5272 3531 5327 ἔσται
3565 5275 3677 5337 πᾶς
3709 5273 3802 5325 τό-

2213 5375 2313 5422 πος
2350 5359 2772 5433 διανοιγόμενος,
2801 5383 2820 5415 ι
2866 5363 3032 5434 ἧγουν
3060 5365 3120 5418 ὲν
3155 5365 3319 5419 παντὶ
3357 5365 3508 5436 τόπῳ
3534 5365 3708 5436 πηγὴ,
3734 5365 3800 5418 τὸ

2212 5452 2312 5521 τῆς
2353 5453 2672 5522 καθάρσεως
2714 5455 2859 5528 ὓδωρ
2892 5457 3262 5530 άναϐρὺουσα,
3295 5457 3456 5528 δῆλον
3501 5456 3559 5510 δὲ
3587 5459 3667 5510 ὅτι
3699 5455 3797 5510 τοῦ

2215 5543 2371 5612 ἁγίου
2417 5545 2820 5618 βαπτίσματος,
2863 5549 2940 5615 ὼς
2971 5545 3110 5605 εἶναι
3153 5553 3423 5622 χρήσωον
3469 5552 3584 5612 τοῖς
3631 5564 3792 5601 πεπι-

2358 5725 2375 5754 ⁷
2409 5723 2598 5778 Matth.
2635 5740 2791 5791 XXIII,
2825 5731 2911 5785 37.
