4098 6472
342 339 452 394 ἓὶυ

1166 329 1721 388 COMMENTARIUS
1761 325 1829 381 IN
1870 324 2275 380 ZACIIARIAM
2318 323 2768 381 PROI’IIETAM.

3540 324 3650 382 230

349 449 643 510 στευκόσι,
703 467 720 498 ι
752 447 846 500 καὶ
897 447 976 509 εἰς
1030 447 1132 516 τὴν
1182 450 1562 517 μετακίνησιν,
1613 445 1709 499 καὶ
1742 444 1823 507 είς
1864 441 1956 496 τὸν

2077 444 2134 497 th
2175 441 2366 496 umbra
2407 443 2472 496 ad
2499 442 2806 506 veritatem,
2845 455 2875 495 a
2899 449 3024 511 typo
3043 448 3099 496 et
3142 438 3321 494 littera
3349 438 3418 495 ad
3443 437 3650 495 cultum

346 540 674 614 ῥαντισμὸν.
704 557 722 590 ι
756 539 868 590 Καὶ
896 538 979 600 τίς
1025 538 1059 606 ἡ
1098 537 1487 607 μετακίνησις;
1531 536 1806 590 Ἰουδαίων
1855 535 1954 605 μὲν

339 636 408 687 ἐκ
443 631 682 704 νομικῆς
713 632 939 700 ἀγωγῆς
984 631 1066 694 είς
1109 630 1385 684 πολιτείαν
1421 629 1522 700 τὴν
1564 629 1660 683 ἐπὶ
1697 626 1952 700 Χριστῷο

339 726 457 781 ἀπὺ
496 724 676 788 σκιᾶς
702 725 782 787 είς
823 722 1105 793 ἀλήθειαν,
1149 724 1214 776 ἐκ
1250 721 1422 775 τύπου
1458 722 1553 776 καὶ
1595 722 1954 793 γράμματος,

339 823 426 883 είς
467 818 730 888 λατρείαν
777 816 1179 887 πνευματικήν.
1212 815 1447 886 Ἕλλησι
1494 815 1550 868 δὲ
1601 813 1958 886 μετακίνησις

339 910 429 973 τίς
463 909 656 975 Esset;
696 908 787 972 Ἐξ
835 907 1097 969 ἀπιστίας
1146 906 1376 977 ἥκουσιν
1421 907 1516 958 ἐπὶ
1558 905 1621 958 τὸ
1665 903 1956 958 πιστεῦσαι

339 998 613 1070 Χριστῴ⁹
655 997 714 1064 ἐξ
761 996 1032 1067 ἀμαθείας
1081 994 1180 1064 τῆς
1234 993 1492 1066 πρώτης,
1536 995 1616 1057 είς
1658 993 1957 1062 ἐπίγνωσιν

341 1090 639 1161 ἀκραιφνῆ
678 1088 774 1142 τοῦ
807 1087 951 1142 κατά
995 1086 1254 1158 ἀλήθειαν
1289 1087 1442 1151 ὄντος
1473 1085 1643 1157 Θεοῦτ
1677 1085 1785 1140 ἀπὸ
1833 1085 1959 1139 σκό·

340 1200 474 1244 τους
534 1183 617 1244 είς
666 1180 967 1251 φωτισμόν.
1028 1179 1406 1249 Μετακίνησις
1451 1178 1510 1231 δὲ
1561 1177 1746 1249 κοινὴ,
1794 1178 1959 1230 παντὶ

343 1275 647 1340 πρέπουσα
672 1270 752 1342 τῷ
781 1270 1106 1342 κεκλημένῳ
1135 1269 1224 1322 διὰ
1259 1270 1362 1340 τῆς
1400 1269 1638 1333 πίστεως
1660 1309 1674 1333 ,
1722 1268 1958 1339 Ἰουδαίῳ

343 1381 407 1418 τε
443 1365 545 1418 καὶ
567 1362 818 1433 Ἕλληνι,
844 1362 954 1416 ἀπὸ
982 1359 1078 1414 τοῦ
1118 1363 1338 1432 φρονεῖν
1380 1359 1450 1414 τὰ
1498 1359 1724 1432 σαρκὸς,
1767 1360 1860 1414 ἐπὶ
1897 1358 1961 1413 τὸ

342 1457 573 1509 ἑλέσθαι
604 1455 706 1526 ζῇν
738 1457 922 1520 ὁσίως,
963 1454 1060 1508 καὶ
1103 1454 1384 1524 καθαρῶς,
1415 1452 1513 1508 καὶ
1547 1453 1872 1525 περιπατεῖν
1899 1451 1959 1505 ἐν

344 1547 634 1619 πνεύματι
655 1587 670 1610 ,
712 1546 856 1601 κατά
884 1549 984 1616 τὴν
1013 1548 1110 1600 τοῦ
1147 1545 1425 1619 μακαρίου
1471 1542 1687 1598 Παύλου
1733 1544 1920 1613 φωνήν
1941 1559 1956 1575 ’

345 1643 412 1694 ἐκ
441 1641 541 1693 τοῦ
564 1641 732 1711 τιμᾷν
757 1639 826 1692 τὰ
853 1641 914 1691 ὲν
953 1642 1147 1708 κόσμῳ
1173 1639 1255 1701 είς
1286 1637 1348 1690 τὸ
1371 1637 1658 1707 ἀγαπῆσαι
1687 1637 1757 1690 τὰ
1787 1636 1962 1706 ὑπερ-

347 1733 580 1802 κόσμια,
609 1733 734 1784 ’Ὁτι
763 1731 822 1784 δὲ
855 1730 916 1784 τὸ
956 1730 1099 1784 θεῖον
1137 1729 1234 1783 καὶ
1273 1729 1416 1801 ἱερὸν
1449 1728 1730 1799 δεχόμενοι
1761 1727 1960 1798 βάπτι-

2059 535 2419 605 spiritualem.
2457 535 2717 601 Qumnam
2761 545 2942 589 autem
2983 532 3296 588 Graecorum
3325 532 3432 586 erit
3473 541 3653 587 trans-

2059 631 2334 685 mutatio?
2387 631 2462 684 Ex
2512 628 2896 684 incredulitate
2945 625 3013 679 ad
3062 622 3284 679 Christo
3321 622 3652 678 credendum

2059 723 2306 788 veniunt,
2353 733 2408 778 et
2453 737 2522 777 cx
2560 721 2873 793 ignorantia
2917 716 3159 772 maxima
3208 715 3275 770 ad
3316 714 3656 784 agnitionem

2058 828 2250 885 puram
2303 815 2422 870 veri
2481 814 2611 882 Dei;
2659 829 2688 868 a
2753 811 2993 868 tenebris
3043 809 3111 864 ad
3165 808 3654 862 illuminatlonem.

2062 901 2471 960 Transmutatio
2502 913 2685 960 autem
2733 901 3064 966 communis,
3096 899 3322 955 cuilibet
3361 911 3460 968 per
3496 898 3654 952 iidem

2058 1005 2254 1049 vocato
2282 995 2643 1060 conveniens,
2678 992 2863 1049 .l-udmo
2889 1002 2943 1048 et
2969 992 3181 1059 Graeco,
3223 1008 3253 1046 a
3301 991 3564 1062 sapiendo
3591 1005 3656 1045 ea

2059 1103 2182 1156 quae
2225 1087 2409 1142 carnis
2461 1095 2589 1143 sunt
2631 1088 2698 1141 ad
2740 1093 2930 1140 sancte
2961 1099 3026 1138 ac
3078 1098 3213 1154 pure
3259 1083 3475 1139 vivendi
3509 1092 3566 1138 et
3601 1083 3659 1137 in

2063 1183 2261 1252 spiritu
2290 1181 2606 1238 ambulandi
2632 1179 2945 1243 consilium,
2975 1178 3052 1233 uti
3085 1179 3280 1234 beatus
3308 1174 3512 1230 Paulus
3537 1175 3661 1230 hor-

2061 1276 2288 1341 tatur';
2325 1289 2395 1330 ex
2427 1274 2791 1328 admiratione
2817 1285 3008 1327 eorum
3041 1283 3162 1339 qua:
3195 1267 3249 1322 in
3293 1267 3501 1322 mundo
3528 1271 3662 1321 sunt

2061 1369 2130 1422 ad
2184 1367 2456 1438 diligenda
2505 1379 2628 1435 qua:
2674 1377 2838 1434 supra
2896 1361 3161 1417 mundum
3211 1365 3361 1414 sunt.
3402 1355 3658 1411 Divinum

2069 1472 2237 1528 porro
2263 1467 2320 1514 et
2369 1472 2586 1513 sacrum
2622 1455 2896 1526 baptisma
2927 1450 3287 1522 suscipientes
3315 1462 3415 1504 nos
3443 1447 3660 1518 aspergi

2062 1550 2330 1621 sanguine
2380 1548 2585 1604 Christi
2647 1547 2714 1602 ad
2767 1543 3221 1616 expurgationem
3266 1539 3498 1611 peccati,
3535 1540 3660 1609 quis

2063 1642 2314 1698 dubitet?
2353 1641 2497 1712 Ergo
2531 1640 2619 1695 via
2671 1638 2739 1694 ad
2778 1635 3293 1693 transmutationem
3374 1641 3430 1687 et
3476 1645 3661 1699 asper-

2065 1732 2272 1789 sionem
2305 1733 2526 1789 domum
2558 1731 2700 1787 Juda
2730 1728 3107 1784 habitantibus
3128 1726 3368 1780 salutare
3391 1722 3661 1794 baptisma

349 1842 466 1894 σμα
518 1822 889 1893 ραντιζόμεθα
933 1823 1012 1893 τῷ
1047 1822 1241 1893 αἵματι
1273 1820 1512 1894 Χριστοῦ
1562 1820 1700 1892 πρὸς
1744 1819 1958 1874 ἀποκά-

2077 1831 2165 1889 est,
2200 1824 2317 1879 sive
2355 1823 2538 1879 omnis
2573 1821 2726 1876 locus
2767 1826 3012 1889 apertus,
3047 1817 3163 1872 sive
3193 1813 3374 1870 omnis
3413 1811 3537 1866 fons
3572 1810 3658 1864 di-

348 1915 551 1986 θαρσιν
595 1915 897 1987 ἁμαρτίας,
931 1914 1050 1979 πῶς
1087 1914 1154 1968 ἂν
1196 1913 1492 1968 ὲνδοιάσειέ
1523 1928 1639 1978 τις;
1670 1912 1882 1966 Οὐκοῦν
1924 1913 1959 1979 ἡ

342 2007 471 2071 όδδς
505 2009 542 2078 ἡ
572 2009 654 2070 είς
687 2007 1046 2078 μετακίνησιν
1083 2005 1180 2059 καὶ
1206 2007 1288 2068 είς
1324 2004 1620 2076 ῥαντισμὸν
1647 2007 1762 2067 τοῖς
1794 2004 1854 2057 ἐν
1882 2004 1962 2074 τῷ

2070 1916 2293 1981 latatus,
2352 1923 2409 1970 et
2432 1911 2776 1986 purgationis
2814 1923 2911 1966 seu
2943 1906 3276 1980 expiationis
3306 1919 3448 1974 aqua
3478 1909 3666 1960 scatu-

2069 2022 2237 2063 rtens.

345 2098 489 2170 οἴκῳ
523 2097 718 2162 Ἰούδα,
747 2098 812 2151 τὸ
839 2097 1109 2166 σωτήριον
1142 2096 1450 2167 βάπτισμα,
1517 2095 1638 2164 ἦτοι
1679 2095 1787 2159 πᾶς
1832 2094 1995 2160 τόπος
2031 2098 2459 2169 διανοιγόμενος,
2524 2096 2695 2166 ἧγουν
2733 2095 2887 2148 πᾶσα
2929 2091 3081 2163 πηγὴ
3125 2085 3574 2159 κατευρυνομένη
3599 2097 3662 2138 τε

347 2191 447 2244 καὶ
479 2188 833 2260 ἀναϐρύουσα
857 2187 920 2240 τὸ
949 2188 1051 2258 τῆς
1081 2187 1407 2259 καθάρσεως
1436 2185 1601 2258 ὕδωρ.

423 2283 539 2336 Καὶ
582 2283 758 2335 ἔσται
789 2280 861 2333 ἐν
891 2278 968 2347 τῇ
1025 2277 1218 2348 ᾑμέρᾳ
1265 2276 1503 2344 ἐκείνῃ,
1548 2275 1711 2346 λέγει
1745 2278 1965 2345 Κύριος

349 2372 626 2438 Σαϐαὼθ,
656 2370 1076 2438 ὲξολοθρεύσω
1106 2368 1180 2421 τὰ
1212 2368 1479 2436 ὀνόματα
1528 2365 1651 2420 τῶν
1701 2366 1966 2421 εἰδώλων

349 2467 475 2520 ἀπὸ
516 2463 629 2534 τῆς
672 2462 820 2533 γῆς,
859 2462 959 2516 καί
1019 2459 1222 2515 οὐκέτι
1294 2459 1470 2513 ἔσται
1519 2459 1722 2513 αὐτῶν
1761 2460 1961 2528 μνεία.

353 2559 466 2614 Καί
513 2558 662 2620 τοὺς
714 2553 1229 2624 ψευδοπροφήτας
1248 2593 1262 2618 ,
1315 2551 1417 2605 καὶ
1472 2550 1542 2605 τὸ
1597 2552 1836 2622 πνεῦμα
1891 2551 1962 2606 τὸ

351 2651 702 2718 ἀκάθαρτον
728 2647 922 2716 ἐξαρῶ
947 2647 1066 2702 ἀπὸ
1097 2644 1210 2714 τῆς
1240 2642 1376 2714 τῆς.
1829 2681 1832 2685 ,

426 2745 546 2810 ιιΖν.
591 2741 776 2796 Πάντα
823 2739 960 2810 πρὸς
1002 2737 1066 2790 τὸ
1117 2739 1339 2806 ἄμεινον
1397 2733 1862 2806 μετακεχώρηκεν
1908 2734 1968 2787 ἐν

355 2835 605 2908 Χριστῷ,
636 2833 731 2886 καὶ
757 2832 918 2902 καινὴ
947 2833 1124 2892 κτίσις
1152 2829 1222 2882 τὰ
1250 2829 1310 2880 ὲν
1336 2826 1578 2899 Χριστῷ,
1611 2827 1710 2897 τῆς
1734 2825 1969 2897 ἀρχαίας

359 2928 705 3000 σαθρότητος
733 2922 1077 2978 ἀποϐαλόντα
1109 2921 1202 2975 τὸν
1243 2921 1456 2991 μῶμον.
1489 2918 1722 2990 Ἀτρεκῆ
1750 2918 1809 2971 δὲ
1843 2913 1972 2971 ὂντα

355 3020 452 3073 τὸν
474 3019 573 3072 ἐπὶ
589 3016 728 3087 τῷδε
750 3015 909 3083 λόγον
925 3013 1132 3068 κατίδοι
1151 3030 1236 3075 τις
1259 3011 1326 3064 ἂν
1349 3010 1406 3077 ἐξ
1429 3009 1684 3076 αὐτῶν,εί
1703 3008 1968 3079 βούλοιτο,

2144 2274 2309 2330 Vens.
2341 2271 2398 2325 2.
2441 2267 2508 2323 Et
2559 2269 2658 2324 erit
2681 2269 2736 2323 in
2770 2266 2859 2320 die
2897 2264 3015 2330 illa,
3063 2263 3190 2318 dicit
3241 2261 3505 2318 Dominus
3560 2260 3665 2318 Sa-

2073 2368 2252 2432 baoth,
2290 2363 2591 2434 dispertiunt
2623 2360 2839 2415 nomina
2877 2357 3144 2412 idolorum
3168 2356 3232 2410 de
3256 2364 3422 2421 terra,
3458 2366 3506 2410 et
3551 2372 3663 2411 non

2070 2461 2170 2514 erit
2204 2458 2349 2512 ultra
2382 2470 2567 2512 eorum
2615 2451 2896 2507 memoria.
2951 2448 3021 2504 Et
3061 2448 3573 2519 pseudoprophetas,
3611 2459 3662 2505 et

2071 2551 2320 2622 spiritum
2347 2547 2680 2604 immundum
2708 2544 2952 2614 auferam
2979 2541 3046 2598 de
3073 2550 3238 2596 terra.

2149 2726 2360 2784 XCVII.
2393 2725 2592 2782 Omnia
2625 2723 2682 2779 in
2709 2730 2910 2779 statum
2953 2720 3235 2776 meliorem
3272 2718 3579 2787 migrarent
3611 2718 3668 2773 in

2075 2822 2317 2894 Christo,
2349 2828 2406 2876 et
2435 2834 2555 2889 quae
2589 2819 2642 2872 in
2667 2829 2736 2871 eo
2761 2824 2890 2872 sunt
2921 2827 3064 2868 nova
3087 2819 3340 2868 creatura
3369 2812 3416 2877 ⁹,
3445 2825 3667 2867 marco-

2083 2913 2160 2968 ris
2194 2911 2402 2980 antiqui
2439 2907 2654 2978 ahjecto
2683 2907 2970 2962 dedecore.
3006 2902 3086 2957 Ac
3118 2901 3410 2957 verborum
3440 2899 3663 2969 quidem

2082 3005 2312 3061 istorum
2341 3003 2629 3057 veritatem
2655 3014 2724 3055 ex
2768 2997 2902 3068 ipsis
2935 3009 3154 3067 quoque
3179 2994 3344 3048 rebus
3391 2991 3664 3062 quispiam

358 3111 471 3164 τῶν
520 3081 886 3179 πραγμάτων.
943 3104 1057 3177 Πρὸ
1115 3103 1216 3175 μὲν
1254 3103 1364 3173 γὰρ
1395 3103 1504 3155 τῶν
1542 3102 1643 3171 τῆς
1679 3099 1974 3172 ἐπιδημίας

2081 3093 2441 3166 perspexerit.
2475 3092 2617 3146 Ante
2649 3099 2895 3158 tempora
2942 3086 3088 3142 enim
3130 3085 3413 3148 adventus,
3445 3081 3670 3152 quando

359 3202 602 3272 καιρῶν,
629 3200 785 3253 οὔπω
815 3198 938 3252 καθ’
971 3199 1120 3268 ἡμᾶς
1158 3194 1447 3264 γεγονότος
1475 3193 1568 3247 τοῦ
1603 3193 1964 3262 Μονογενοῦς,

358 3294 490 3348 οὔτε
529 3294 640 3365 μὴν
665 3292 745 3364 τῷ
771 3291 903 3362 θείῳ
931 3291 1074 3359 φωτὶ
1097 3289 1166 3343 τά
1194 3288 1374 3341 πάντα
1403 3287 1965 3359 περιαπράπτοντος,

359 3385 535 3456 ἀχλὺς
566 3380 636 3454 ἦν
682 3383 796 3447 ἔτι,
843 3384 938 3435 καὶ
977 3381 1171 3444 σκότος
1220 3379 1279 3434 ἐν
1324 3381 1445 3442 ταῖς
1482 3377 1592 3432 τῶν
1624 3377 1797 3432 ἐθνῶν
1831 3394 1970 3449 καρι-

359 3477 526 3538 δίαις.
567 3474 891 3543 Ἐλάτρευον
919 3470 1032 3541 γὰρ
1081 3468 1323 3532 εἰδώλοις
1343 3465 1378 3533 ,ί
1403 3467 1499 3521 καὶ⁵
1529 3466 1850 3530 δυσϐουλίας
1890 3467 1970 3530 εἰς

361 3567 530 3621 τοῦτο
578 3563 937 3628 κατώλισθον,
969 3562 1044 3626 ὼς
1080 3561 1288 3627 ξύλοις,
1330 3559 1428 3613 καὶ
1467 3558 1637 3621 λίθοις
1688 3557 1970 3611 ἀναθεῖναι

364 3659 427 3713 τὸ
457 3658 647 3720 σέϐας,
674 3656 770 3709 καὶ
797 3657 908 3717 τοῖς
939 3653 1270 3723 ἀκαθάρτοις
1300 3650 1520 3720 δαίμοσι
1550 3649 1650 3713 τὰς
1689 3649 1809 3718 Θεῷ
1841 3665 1970 3718 πρε.

368 3751 580 3812 πούσας
610 3747 875 3803 ἀνάπτειν
907 3745 1093 3816 τιμάς.
1120 3744 1230 3798 Καὶ
1259 3743 1420 3796 ταυτὶ⁵
1450 3743 1548 3812 μὲν
1573 3742 1674 3812 τῆς
1697 3741 1808 3794 τῶν
1839 3740 1973 3793 πλα-

364 3841 632 3911 νωμένων
661 3837 992 3909 ἀϐελτηρίας
1027 3835 1096 3888 τὰ
1136 3834 1482 3904 ἐγκλήματα.
1517 3831 1678 3902 Παρὰ
1707 3831 1765 3885 δέ
1804 3848 1867 3900 γε
1895 3830 1974 3901 τῷ

379 3930 623 4004 Ἰσραὴλ,
657 3931 718 3994 ὃς
755 3929 850 3983 καὶ
878 3927 1196 3989 ἀπόδεκτος,
1233 3925 1328 3978 καὶ
1373 3923 1532 3995 μερὶς
1566 3921 1794 3994 Κυρίου,
1830 3921 1974 3976 κατά

366 4024 430 4078 τὸ
477 4023 898 4094 γεγραμμένον,
930 4017 1224 4090 σχοίνισμά
1265 4033 1326 4069 τε
1375 4014 1741 4086 κληρονομίας
1782 4012 1970 4077 αὐτοῦ,

368 4119 614 4188 τοσαύτη
647 4135 733 4180 τις
776 4112 845 4187 ἦν
886 4115 1036 4185 ἠθῶν
1068 4131 1130 4167 τε
1173 4112 1266 4167 καὶ
1311 4111 1530 4182 τρόπων
1577 4109 1854 4181 ἐξιτηλία,
1899 4109 1974 4171 ὡς

369 4211 558 4280 ὀλίγου
599 4209 699 4278 μὲν
727 4205 1010 4273 ἀξιοῦσθαι
1039 4205 1223 4272 λόγου,
1255 4201 1433 4256 καίτοι
1479 4200 1617 4271 πρὸς
1652 4199 1974 4270 ἐπικουρίαν

371 4306 564 4366 αὐτοῖς
599 4301 822 4356 δοθέντα
850 4300 944 4354 τὸν
973 4299 1160 4370 νόμον,
1203 4295 1299 4349 καὶ
1342 4293 1444 4348 οὐκ
1485 4292 1754 4356 ἁνικάνως
1783 4291 1975 4362 ἔχοντα

373 4397 516 4468 πρὸς
560 4393 940 4462 παιδαγωγίαν
979 4390 1079 4462 τὴν
1124 4387 1218 4442 ἐπί
1247 4403 1314 4456 γε
1340 4385 1422 4457 τῷ
1467 4384 1666 4457 χρῆναι
1702 4382 1851 4454 βιοῦν
1890 4384 1978 4453 ὀρ·

2078 3189 2316 3246 nondum
2345 3200 2546 3255 corpus
2579 3182 2751 3238 ullum
2787 3181 3043 3236 induerat
3093 3175 3443 3248 Unlgenitus,
3491 3187 3670 3243 neque

2077 3283 2267 3338 divino
2308 3279 2515 3334 lumine
2541 3276 2727 3333 omnia
2746 3274 3234 3337 collustrabantur,
3287 3271 3468 3325 adhuc
3493 3268 3673 3338 caligo

2078 3386 2132 3433 et
2153 3375 2390 3431 tenebrae
2415 3372 2468 3426 in
2499 3370 2752 3427 cordibus
2777 3367 3018 3438 gentium
3043 3371 3219 3420 erant.
3239 3361 3505 3418 Colebant
3525 3361 3668 3416 enim

2078 3467 2392 3528 simulacra.
2425 3477 2600 3533 eoque
2629 3460 2876 3516 stultitiae
2903 3457 3303 3514 descenderant
3334 3461 3398 3508 ut
3437 3453 3583 3524 ligna
3615 3459 3672 3507 et

2081 3559 2290 3631 lapides
2317 3556 2518 3614 divinis
2547 3553 2893 3611 caeremoniis
2937 3549 3238 3614 adicerent,
3271 3554 3329 3602 et
3373 3544 3673 3601 immundis

2081 3652 2419 3709 daemonibus
2459 3651 2569 3705 Deo
2600 3655 2969 3717 congruentes
2991 3644 3228 3698 honores
3272 3638 3670 3710 impenderent.

2082 3746 2149 3801 Et
2178 3747 2295 3800 haec
2320 3743 2540 3813 quidem
2563 3740 2866 3797 errantium
2887 3735 3128 3792 vesania:
3159 3733 3390 3788 crimina
3423 3729 3670 3787 fuerunt.

2081 3839 2236 3910 Apud
2293 3835 2553 3893 lsraelem
2613 3845 2743 3886 vero
2793 3837 3074 3899 acceptum
3125 3825 3273 3881 illum
3303 3865 3320 3889 ,
3363 3832 3418 3879 et
3459 3831 3670 3892 partem

2083 3927 2321 3993 Domini,
2357 3925 2499 3980 sicut
2524 3925 2789 3991 scriptum
2825 3929 2910 3974 est
2941 3917 3006 3983 ⁸ο,
3049 3924 3105 3970 et
3154 3913 3454 3969 funiculum
3499 3911 3674 3966 haere-

2083 4021 2274 4077 ditatis
2319 4018 2458 4089 ejus,
2491 4024 2643 4071 tanta
2690 4021 2808 4067 erat
2841 4008 3302 4066 consuetudinum
3339 4015 3506 4073 atque
3550 4017 3672 4059 mo-

2085 4125 2203 4165 rum
2251 4108 2501 4171 fatuitas,
2541 4113 2602 4158 ut
2633 4104 2829 4172 legem,
2862 4099 3109 4170 quamvis
3142 4098 3208 4151 ad
3259 4095 3523 4149 auxilium
3564 4093 3671 4148 sibi

2083 4202 2290 4266 datam,
2320 4213 2422 4252 nec
2445 4197 2511 4251 ad
2535 4193 2934 4249 institutionem
2962 4189 3084 4242 vitae
3109 4189 3161 4242 in
3182 4187 3401 4242 Christo
3429 4184 3672 4255 probatae

2084 4289 2495 4346 insullieieutetn
2551 4282 3042 4355 parvipenderent,
3091 4278 3382 4348 potiusque
3437 4276 3504 4330 ad
3542 4288 3672 4345 gen-

2087 4381 2222 4436 tium
2253 4392 2470 4436 errores
2501 4373 2807 4445 sequendos
2847 4370 3043 4426 stolide
3090 4367 3464 4432 declinarent,
3503 4365 3672 4419 [initi-

541 4457 843 4540 attenuant
869 4483 926 4536 δὲ
961 4457 1164 4552 μᾶλλον
1193 4478 1333 4551 πρὸς
1358 4477 1421 4532 τὸ
1447 4476 1558 4530 δεῖν
1585 4473 1830 4537 ἀϐούλως
1854 4474 1975 4535 ταῖς

2087 4484 2407 4538 marumque
2478 4464 2905 4536 superstitiones
2959 4460 3131 4532 788
3192 4457 3670 4527 amplecterentur.

373 4579 489 4631 τῶν
537 4576 710 4631 ἐθνῶν
759 4571 1197 4644 ἀποκομίζεσθαι
1249 4569 1510 4636 πλάναις,
1559 4569 1655 4622 καὶ
1701 4569 1822 4626 ταῖς
1869 4564 1976 4619 τῶν

373 4673 599 4743 ὁμόρων
643 4666 1094 4737 δεισιδαιμονίαις
1149 4665 1406 4733 στοιχεῖν.
1461 4660 1826 4733 Προσέκειντο
1879 4656 1978 4728 μὲν

374 4767 514 4836 γὰρ,
545 4764 644 4816 καὶ
681 4762 802 4815 λίαν
837 4759 1107 4820 ἐκτόπως.
1146 4758 1259 4820 τοῖς
1288 4754 1400 4810 τῶν
1428 4751 1800 4824 ψευδωνύμων
1844 4766 1981 4821 προ-

375 4856 572 4928 φητῶν
618 4853 1012 4924 μαντεύμασιν.
1042 4852 1104 4904 Oi.
1133 4848 1232 4919 μὲν
1261 4848 1372 4919 γάρ
1405 4847 1516 4901 τῶν
1546 4844 1778 4898 εἰδώλων
1814 4842 1978 4913 θερα-

379 4948 605 5011 πευταὶ,
632 4948 747 5008 τοῖς
771 4943 1018 5014 βεϐήλοις
1063 4939 1316 5012 τεμένεσι
1349 4937 1805 5009 προσιζήσαντες,
1847 4950 1983 5003 χρη-

383 5039 646 5110 σμολόγοι
668 5053 729 5090 τε
757 5031 920 5106 ἦσαν,
953 5033 1051 5088 καὶ
1071 5031 1392 5104 ψευδοεπεῖς
1411 5046 1424 5059 ·
1453 5029 1502 5083 οἱ
1529 5027 1587 5082 δὲ
1615 5027 1710 5081 καὶ
1734 5025 1815 5090 τὸ,
1853 5043 1871 5075 ε
1905 5024 1982 5094 Ζῇ

380 5132 614 5203 Κύριος,
642 5148 662 5182 ι
697 5128 791 5182 ἐπὶ
836 5127 1086 5196 γλώττης
1134 5122 1387 5195 ἔχοντες,
1430 5119 1526 5175 καί¹
1575 5117 1819 5173 εὐσεϐεῖν
1853 5115 1987 5169 ὑπο-

382 5223 776 5294 πλαττόμενοι,
807 5222 900 5275 καὶ⁸
933 5215 1046 5273 οἷον
1077 5216 1352 5288 προϐάτου
1384 5214 1516 5285 δορᾷ
1551 5211 1644 5266 τὸν
1672 5210 1836 5265 λύκον
1865 5211 1987 5264 ἐπι-

383 5316 736 5379 σκιάζοντες,
776 5314 838 5366 τὸ
865 5312 966 5382 τῆς
997 5306 1336 5382 προφητείας
1376 5305 1548 5374 ὄνομά
1591 5319 1773 5374 σφισιν
1804 5299 1987 5362 αὐτοῖς

384 5408 766 5482 περιτιθέντες
797 5408 846 5460 οἱ
878 5405 1144 5468 τάλανες,
1191 5401 1288 5456 καὶ
1325 5399 1426 5470 τὴν
1475 5397 1569 5450 ἐπὶ
1611 5396 1788 5464 τούτῳ
1829 5393 1987 5460 δόξαν

385 5502 626 5564 ἀνοσίως
671 5497 1013 5571 ἁρπάζοντες
1037 5535 1053 5560 ,
1101 5493 1482 5564 ἀπηρεύγοντο
1525 5488 1585 5542 τὸ
1631 5484 1844 5546 δοκοῦν,
1893 5483 1989 5536 καὶ

384 5596 519 5658 τοὺς
559 5593 660 5663 τῆς
703 5590 884 5644 αὐτῶν
933 5589 1158 5660 καρδίας
1195 5583 1510 5656 λογισμοὺς,
1557 5579 1710 5634 θείαν
1751 5576 1990 5646 ἔφασκον

466 5771 490 5802 ⁸
517 5768 674 5824 Rom.
708 5782 824 5836 νιιι,
846 5768 878 5822 4
905 5779 1059 5835 seqq.

2084 4563 2370 4618 Falsorum
2408 4558 2555 4614 enim
2585 4556 2976 4627 prophetarum
3007 4547 3282 4604 vaticiniis
3331 4545 3666 4601 absurdissi-

2088 4668 2177 4708 tne
2239 4647 2599 4706 inbmrebant.
2665 4644 2906 4711 Quorum
2965 4638 3056 4692 alii
3115 4636 3381 4691 idolorum
3432 4632 3673 4686 ministri

2087 4742 2334 4814 profanis
2372 4738 2588 4808 templis
2613 4737 2942 4798 assidentes,
2972 4741 3027 4788 et
3060 4729 3280 4786 oracula
3310 4736 3365 4783 et
3389 4725 3676 4781 mendacia

2087 4835 2453 4904 loquebantur
2481 4849 2496 4885 :
2530 4829 2643 4894 alii,
2682 4846 2702 4880 ι
2740 4824 2886 4879 Vivit
2917 4823 3182 4878 Dominus
3216 4840 3234 4873 ι
3273 4821 3326 4874 in
3359 4819 3542 4891 lingua
3576 4819 3674 4874 ha-

2089 4929 2301 4992 bentes,
2342 4935 2399 4980 et
2443 4921 2698 4992 pietatem
2746 4917 3066 4972 simulantes
3109 4923 3167 4969 et
3207 4923 3462 4984 tanquam
3511 4911 3676 4968 ovilla

2089 5021 2229 5090 pelle
2258 5019 2444 5087 lupum
2484 5018 2865 5080 contegentes,
2893 5007 3390 5078 prophetarumque
3435 5003 3675 5074 appella-

2097 5115 2298 5166 tionem
2329 5107 2429 5164 sibi
2455 5105 2590 5176 ipsis
2617 5110 2956 5173 arrogantes.
2981 5098 3188 5163 miseri,
3213 5107 3267 5153 et
3301 5095 3530 5167 gloriam
3555 5095 3676 5165 ejtts

2094 5202 2306 5260 nefarie
2333 5196 2796 5270 rapientes,‘quod
2825 5191 3030 5248 libebat
3052 5189 3401 5254 eructabant,
3424 5193 3478 5241 et
3514 5199 3677 5240 sensa

2094 5295 2276 5353 cordis
2305 5293 2386 5348 sui
2421 5291 2662 5347 divinum
2694 5300 2816 5342 esse
2838 5283 3124 5341 consilium
3165 5278 3543 5336 autumabant.
3569 5275 3678 5330 Su-

2095 5404 2193 5459 per
2234 5383 2543 5454 hujusmodi
2577 5391 2685 5435 tam
2732 5377 2970 5450 projecte
3001 5373 3299 5429 audacibus
3329 5369 3492 5424 etiam
3537 5381 3678 5435 pro-

2099 5456 2259 5549 pheta
2303 5471 2570 5531 Jeremias
2619 5469 3000 5526 universorum
3061 5461 3348 5518 Dominum
3394 5457 3560 5518 Deum
3603 5456 3678 5510 ita

2098 5567 2387 5638 compellat
2417 5583 2430 5619 :
2471 5583 2490 5616 ι
2519 5561 2620 5628 Qui
2665 5574 2747 5626 es,
2782 5555 3028 5620 Domine,
3073 5565 3200 5608 ecce
3249 5549 3524 5620 propheta:
3547 5559 3680 5616 pro-

1136 5763 1156 5794 ⁹
1183 5764 1221 5815 ΙΙ
1255 5761 1382 5817 Cor.
1416 5776 1470 5826 ν,
1502 5757 1592 5812 l7.
1675 5755 1717 5788 ¹⁰
1753 5755 1908 5808 Deut.
1935 5767 2110 5814 xxxri,
2138 5751 2190 5803 θ.
