4098 6494
487 322 588 376 κει

1472 316 1531 372 s.
1569 308 2356 376 CYBILLI'ALEXANDRINI
2396 315 2714 374 ARCHIEP.
3197 274 3200 277 ’
3628 327 3722 386 25.2

483 437 733 508 phetant,
760 446 815 492 et
845 437 1030 492 dicunt
1067 454 1079 489 :
1121 435 1238 490 Non
1295 435 1546 492 videbitis
1587 436 1846 507 gladium,
1883 445 1939 493 et
1977 437 2053 490 fa-

2161 435 2298 492 εῖναι
2332 439 2548 510 βουλήν.
2597 441 2731 511 Περὶ
2758 439 2868 492 τῶν
2907 438 2974 491 τὰ
3001 437 3180 492 τοιάδε
3219 437 3434 508 τολμᾷν
3475 439 3720 498 εἰωθότων

485 543 601 584 mes
640 545 744 583 non
797 531 902 584 erit
953 531 1005 584 in
1047 528 1221 592 vobis,
1255 527 1380 596 quia
1439 528 1720 583 veritatem
1769 536 1824 582 et
1867 543 2055 597 pacem

482 619 622 672 dabo
643 619 698 673 in
733 626 900 682 terra,
931 627 988 671 et
1024 619 1075 671 in
1108 617 1224 672 loco
1253 617 1358 670 isto
1391 615 1457 670 “.
1488 635 1508 668 ι
1543 615 1608 669 Et
1637 617 1703 670 ad
1731 616 1845 670 haec
1873 616 2012 672 Deus
2040 635 2054 670 :

487 723 507 759 ι
538 706 695 762 Falsa
726 709 1003 778 propheta:
1034 709 1357 777 prophetam
1392 707 1446 762 in
1495 707 1720 763 nomine
1758 721 1899 764 meo.
1937 708 2054 764 Non

485 799 607 852 misi
636 814 751 864 eos,
787 809 842 855 et
875 815 981 855 non
1023 799 1271 854 mandavi
1301 797 1405 865 eis,
1443 807 1500 854 et
1531 812 1636 856 non
1679 813 1798 853 sum
1846 799 2057 854 locutus

484 889 552 943 ad
598 905 713 956 eos,
746 901 800 944 et
843 891 1076 945 visiones
1111 890 1420 952 mendaces,
1467 897 1524 944 et
1571 889 1955 956 divinationes,
2002 899 2057 946 et

484 979 735 1049 auguria,
764 988 820 1033 et
856 979 1152 1033 electiones
1181 979 1365 1033 cordis
1394 977 1480 1032 sui
1515 979 1616 1046 ipsi
1642 977 1808 1032 locuti
1837 988 1964 1035 sunt
1988 979 2056 1033 ad

481 1084 598 1133 eos,
627 1078 676 1125 et
701 1070 804 1138 ipsi
832 1069 994 1123 locuti
1021 1079 1148 1124 sunt
1171 1071 1272 1135 eis,
1302 1081 1358 1124 et
1385 1070 1482 1139 ipsi
1513 1071 1910 1140 prophetabant
1931 1072 1993 1126 η.
2030 1089 2048 1122 ι

483 1156 874 1224 Mendaciloqui
907 1158 1052 1211 enim
1108 1165 1286 1221 erant,
1329 1165 1390 1211 ut
1431 1157 1564 1224 dixi,
1596 1166 1652 1212 et
1701 1158 1946 1226 turpibus
1977 1146 2056 1210 vi-

483 1249 554 1301 cti
593 1247 947 1317 qnaesticulis,
979 1249 1045 1301 de
1073 1249 1234 1302 corde
1256 1263 1354 1304 suo
1377 1248 1722 1303 audientibus
1754 1248 2053 1317 loqueban-

486 1349 591 1400 tur,
626 1348 681 1390 ut
713 1339 976 1407 scriptum
1009 1349 1119 1403 est,
1152 1357 1177 1389 4
1226 1347 1283 1392 et
1317 1353 1424 1392 non
1468 1338 1533 1393 de
1561 1353 1656 1394 ore
1687 1337 1894 1392 Domini
1927 1338 1990 1393 ³³.
2028 1358 2046 1391 ι

481 1428 684 1483 Deinde
712 1444 833 1483 cum
868 1427 1090 1484 Judzeos
1116 1430 1257 1483 istud
1287 1429 1474 1498 iniquo
1499 1429 1680 1484 animo
1711 1430 1855 1485 ferre
1891 1446 2056 1500 opor-

483 1528 640 1583 teret,
690 1519 766 1573 illi
822 1530 1013 1574 contra
1067 1535 1162 1576 eos
1205 1521 1623 1587 venerabantur,
1673 1528 1728 1575 et
1785 1522 2054 1592 supremis

482 1611 775 1665 honoribus
841 1625 1107 1665 exornare
1170 1613 1478 1667 studebant.
1531 1613 1822 1682 Postquam
1874 1623 2052 1670 autem

479 1703 775 1769 aliquando
811 1703 1148 1770 unigenitum
1183 1703 1276 1757 Dei
1319 1704 1554 1758 Verbum
1588 1707 1743 1761 nobis
1777 1709 2049 1777 apparuit,

2157 527 2253 582 καὶ
2295 528 2325 579 ὁ
2358 529 2644 599 προφήτης
2689 528 2927 597 ἔφασκεν
2962 527 3258 596 Ἱερεμίας,
3311 526 3450 595 πρὸς
3490 527 3577 585 τὸν
3619 531 3718 584 τῶν

2155 618 2292 672 ὅλων
2319 617 2804 686 κατεξουσιάξοντα
2837 618 2968 672 Θεὸν
2987 635 3000 648 ·
3041 637 3060 669 ι
3100 618 3160 672 '0
3187 616 3286 680 ὢν,
3317 616 3509 686 Κύριε,
3543 619 3646 672 ἰδοὺ
3669 625 3716 676 oi

2158 706 2437 774 προφῆται
2489 707 2670 761 αὐτῶν
2708 706 3133 778 προφητεύουσι,
3183 706 3278 759 καὶ
3310 705 3583 774 λέγουσιν’
3613 709 3714 761 Οὐκ

2156 794 2352 864 ὄψεσθε
2393 796 2690 867 μάχαιραν,
2725 797 2822 850 καὶ
2854 797 3010 867 λιμὸς
3053 796 3152 850 οὐκ
3193 795 3346 849 ἔσται
3373 796 3430 848 ὲν
3455 797 3601 866 ὑμῖν,
3642 798 3718 851 ὅτι

2156 885 2411 955 ἀλήθειαν
2445 887 2540 941 καὶ
2571 888 2794 958 εἰρήνην
2831 886 2987 940 δώσω
3025 887 3118 940 ἐπὶ
3148 887 3246 956 τῆς
3286 887 3408 956 γῆς,
3443 887 3535 940 καὶ
3565 888 3619 942 ὲν
3645 887 3717 958 τῷ

2155 979 2306 1049 τόπῳ
2323 972 2520 1050 τούτῳ.
2548 997 2568 1033 s
2605 980 2716 1033 Καὶ
2743 978 2880 1050 πρός
2911 995 2975 1048 γε
3013 977 3184 1032 ταῦτα
3206 978 3340 1040 Θεός
3360 994 3373 1008 ο
3415 995 3434 1029 ‹
3461 977 3640 1046 Ψευδῆ
3670 980 3716 1032 οἰ

2158 1072 2432 1142 προφῆται
2467 1071 2898 1142 προφητεύουσιν
2949 1073 3007 1124 ὲν
3047 1069 3126 1141 τῷ
3169 1068 3394 1140 ὀνόματί
3449 1085 3569 1138 μου.
3614 1070 3718 1123 Οὐκ

2155 1159 2450 1214 ἀπέστειλα
2483 1160 2710 1227 αὐτοὺς,
2742 1161 2838 1214 καὶ
2867 1159 2968 1214 οὐκ
3015 1159 3369 1228 ἐνετειλάμην
3403 1158 3602 1221 αὐτοῖς,
3633 1161 3719 1212 καί⁵

2154 1251 2256 1304 οὐκ
2287 1250 2525 1321 ἐλάλησα
2555 1251 2691 1322 πρὸς
2721 1251 2937 1319 αὐτοὺς,
2977 1252 3071 1306 καὶ
3113 1251 3333 1322 ὁράσεις
3373 1249 3604 1318 ψευδεῖς,
3632 1250 3720 1304 καὶ

2157 1343 2438 1412 μαντείας,
2484 1344 2578 1396 καὶ
2604 1343 2964 1414 οἰωνίσματα,
2997 1342 3093 1397 καὶ
3125 1341 3474 1415 προαιρέσεις
3507 1337 3718 1412 καρδίας

2155 1435 2355 1498 αὐτῶν,
2385 1435 2538 1489 αὐτοὶ
2566 1435 2836 1506 ἐλάλησαν
2875 1433 3013 1506 πρὸς
3040 1434 3256 1498 αὐτοὺς,
3287 1433 3380 1486 καὶ
3416 1432 3566 1484 αὐτοὶ
3597 1448 3717 1500 προσ

2153 1527 2435 1594 εφήτευον.
2461 1544 2480 1577 ι
2509 1525 2841 1588 Ψευδοεπεῖς
2873 1525 2980 1596 γὰρ
3005 1523 3166 1594 ἦσαν,
3191 1523 3266 1583 ὡς
3291 1522 3447 1592 ἔφην,
3474 1522 3565 1574 καὶ
3587 1521 3716 1591 λημ-

2158 1617 2364 1686 ματίων
2389 1616 2633 1687 αἰσχρῶν
2652 1616 2972 1688 ἡττώμενοι,
2990 1615 3358 1688 προσελάλουν
3374 1617 3486 1677 τοῖς
3514 1613 3712 1683 ἀκροω·

2158 1707 2338 1777 μένοις
2371 1709 2438 1761 τὰ
2473 1709 2580 1762 ἀπὸ
2610 1709 2836 1779 καρδίας
2865 1707 3066 1772 αὐτῶν,
3113 1707 3256 1761 καθὰ
3280 1706 3606 1776 γέγραπται,
3632 1705 3716 1756 καὶ

479 1792 658 1860 inepta
709 1803 761 1848 et
821 1794 1046 1862 puerilia
1103 1793 1416 1849 idololatria:
1448 1795 1648 1850 ludicra
1678 1812 1902 1866 prorsus
1927 1813 2053 1856 eva-

2156 1801 2254 1854 οὐκ
2290 1801 2399 1854 ἀπὸ
2441 1801 2708 1870 στόματος
2757 1803 2984 1872 Κυρίου.
3030 1795 3166 1853 Εἶτα
3209 1799 3326 1852 δέον
3390 1797 3484 1851 ἐπὶ
3525 1795 3717 1856 τούτοις

480 1895 718 1939 nuerunt
750 1894 801 1939 et
828 1885 1094 1940 exstincta
1127 1895 1274 1949 sunt,
1308 1895 1362 1941 et
1393 1886 1661 1942 sublatum
1694 1903 1816 1943 cum
1839 1904 1902 1944 ea
1942 1904 2054 1944 ne-

479 1975 674 2028 farium
700 1991 915 2044 quoque
946 1984 1000 2029 et
1041 1975 1262 2044 impium
1299 1976 1889 2048 pseudoprophetarum
1923 1990 2054 2035 stu-

478 2067 624 2120 dium
652 2066 742 2134 qui
777 2066 1013 2135 maligno
1055 2075 1110 2119 et
1142 2066 1420 2122 immundo
1445 2069 1639 2136 spiritu
1677 2069 1822 2139 pleni
1869 2080 2049 2137 erant,

475 2164 532 2210 et
554 2171 672 2210 cum
700 2157 966 2211 idolorum
991 2158 1289 2214 cultoribus
1310 2172 1568 2229 germano
1590 2175 1654 2216 ac
1687 2161 1848 2217 simili
1867 2177 2054 2218 errore

478 2247 662 2301 iniecti
711 2246 995 2302 verissime
1041 2247 1263 2316 coargui
1298 2249 1623 2317 potuissent.
1663 2249 1820 2307 Unus
1856 2252 2055 2322 quippe

477 2337 741 2392 ambobus
792 2337 1088 2405 impietatis
1131 2353 1353 2406 praeses,
1399 2340 1652 2395 nimirum
1687 2342 1938 2397 Satanas.
1963 2343 2056 2396 Ait

479 2429 642 2496 igitur
671 2444 685 2484 ;
714 2443 733 2477 ι
768 2426 979 2480 'I‘ollam
1016 2427 1082 2480 de
1113 2436 1256 2482 terra
1290 2430 1506 2483 nomina
1555 2430 1841 2496 idolorum,
1863 2442 1917 2486 et
1948 2448 2052 2488 non

477 2518 584 2572 erit
618 2518 876 2571 memoria
927 2517 1140 2572 illorum
1189 2519 1241 2573 in
1271 2519 1361 2574 die
1396 2520 1482 2574 illa
1514 2520 1575 2585 ",
1617 2541 1636 2575 ι
1677 2523 1779 2577 hoc
1810 2532 1914 2586 est,
1967 2524 2056 2578 illo

481 2623 748 2681 tempore,
771 2626 880 2679 qun
909 2609 1146 2664 divinum
1170 2619 1225 2665 et
1255 2609 1476 2666 caeleste
1501 2611 1678 2668 lumen
1702 2613 2051 2682 splenduerit,

481 2711 538 2758 et
564 2703 616 2756 iu
643 2701 944 2756 errantium
982 2700 1237 2755 cordibus
1269 2700 1508 2765 Lucifer,
1541 2717 1700 2771 quem
1749 2702 2054 2775 intelligen—

481 2794 569 2847 tiae
595 2792 754 2848 oculo
785 2792 1051 2854 videmus,
1095 2801 1318 2848 exortus
1340 2793 1521 2858 fuerit,
1562 2803 1621 2847 ut
1651 2795 1911 2864 scriptum
1946 2807 2052 2861 est,

480 2897 536 2939 et
563 2884 819 2939 diluxerit
851 2883 986 2948 dies,
1024 2883 1244 2954 antiqua
1270 2893 1429 2940 nocte
1458 2893 1655 2954 et-qua:
1684 2885 1734 2938 in
1765 2901 1824 2939 ea
1857 2887 2055 2942 tiebant

481 2974 734 3044 repulsis,
767 2981 844 3041 ut,
873 2973 1045 3027 veteri
1077 2974 1417 3028 immunditia
1469 2974 1704 3041 sublata,
1737 2976 1956 3031 athletae
2001 2985 2056 3030 et

482 3066 654 3120 sancti
689 3067 1004 3120 adoratores
1039 3066 1104 3119 de
1148 3075 1345 3119 caetero
1393 3069 1827 3123 conversationis
1854 3079 2055 3123 sancta:

2156 1888 2486 1954 ἀγανακτεῖν
2521 1888 2837 1952 Ἰουδαίους,
2882 1890 2947 1942 ἐκ
2993 1887 3102 1940 τῶν
3147 1886 3408 1940 ἐναντίων
3456 1883 3718 1938 ἐποιοῦντο

2157 1980 2408 2041 σεπτοὺς,
2440 1980 2535 2032 καὶ
2560 1981 2749 2048 τιμαῖς
2773 1980 2894 2042 ταῖς
2922 1979 3183 2033 ἀνωτάτω
3212 1975 3513 2045 στεφανοῦν
3539 1973 3719 2027 ἐσπού-

2153 2066 2331 2131 δαζον.
2351 2068 2500 2120 Ἐπεὶ
2531 2069 2587 2121 δὲ
2619 2069 2802 2121 λοιπὸν
2829 2069 3097 2137 ὲπέφανεν
3121 2068 3251 2138 ἡμῖν
3273 2067 3302 2118 ὁ
3326 2063 3612 2136 μονογενὴς
3632 2061 3716 2115 τοῦ

2155 2157 2290 2210 Θεοῦ
2322 2157 2515 2225 Λόγος,
2534 2157 2705 2229 ᾤχετο
2727 2159 2823 2230 μὲν
2851 2161 2930 2222 εἰς
2953 2159 3120 2224 ἀπαν,
3147 2159 3239 2212 καὶ
3263 2157 3567 2228 ώλόθρευτο
3594 2171 3717 2208 παν-

2161 2250 2332 2312 τελῶς
2363 2250 2432 2303 τὰ
2462 2250 2646 2322 ψυχρὰ
2672 2251 2766 2304 καί
2797 2249 3131 2321 μειρακιώδη
3156 2252 3255 2320 τῆς
3289 2246 3719 2316 εἰδωλολατρείας

2157 2339 2468 2410 ἀθύρματα,
2515 2341 2876 2411 συνεξῄρηται
2905 2341 2962 2393 δὲ
2993 2341 3130 2411 αὐτῇ
3169 2341 3264 2393 καὶ
3297 2340 3358 2393 τὸ
3409 2339 3630 2393 ἔκτοπόν
3664 2353 3718 2389 τε

2155 2431 2252 2483 καὶ
2298 2431 2552 2494 δυσσεϐὲς
2603 2432 2943 2502 ἐπιτήδευμα
2993 2431 3102 2484 τῶν
3150 2429 3632 2500 ψευδοπροφητῶν,
3673 2425 3720 2480 οἰ

2157 2522 2394 2591 πονηροῦ
2421 2523 2516 2576 καὶ
2537 2523 2847 2594 ἀκαθάρτου
2873 2523 3183 2593 πνεύματος
3206 2522 3432 2592 ἔμπλεῳ
3457 2516 3611 2590 ἦσαν,
3637 2517 3724 2571 καὶ

2154 2615 2268 2675 τοῖς
2306 2613 2412 2665 τῶν
2454 2612 2690 2666 εἰδώλων
2734 2613 3097 2684 θεραπευταῖς
3127 2612 3361 2684 ἀδελφὴν
3398 2611 3490 2666 καὶ
3523 2609 3724 2678 γείτονα

2155 2702 2436 2766 νοσοῦντες
2463 2703 2561 2774 τὴν
2590 2704 2854 2775 πλάνησιν
2882 2704 3326 2775 καταφωραθεῖεν
3353 2703 3447 2769 ἂν,
3473 2701 3565 2756 καὶ
3593 2699 3724 2771 μάλα

2156 2793 2349 2864 ὀρθῶς.
2377 2789 2470 2858 Εἷς
2508 2794 2616 2863 γὰρ
2652 2797 2854 2866 ἀμφοῖν
2877 2796 2974 2866 τῆς
3003 2794 3322 2857 δυσσεϐείας
3355 2795 3391 2847 ὁ
3422 2791 3722 2860 ἐπιστάτης,

2156 2886 2436 2938 τουτέστιν
2463 2888 2492 2939 ὁ
2520 2887 2784 2950 Σατανᾶς.
2820 2906 2841 2938 ‹
2883 2885 3090 2958 Ἐξαρῶ
3143 2887 3342 2951 τοίνυν,
3403 2884 3583 2956 φησὶν,
3627 2881 3725 2936 ἀπὸ

2157 2976 2256 3046 τῆς
2287 2977 2390 3046 γῆς
2436 2977 2506 3030 τὰ
2549 2978 2789 3048 ὀνόματα
2840 2979 2948 3032 τῶν
3002 2979 3257 3043 εἰδώλων,
3306 2980 3413 3032 καὶ
3459 2979 3556 3030 οὐκ
3586 2976 3724 3030 ἔσται

2158 3069 2337 3121 αὐτῶν
2376 3070 2534 3139 μνεία
2590 3073 2647 3123 ὲν
2690 3073 2756 3142 τῇ
2788 3069 2970 3141 ἡμέρᾳ
3007 3071 3212 3144 ἐκείνῃ,
3237 3089 3256 3122 ι
3298 3071 3575 3136 τουτέστι,
3619 3066 3725 3121 κατ’

481 3158 822 3211 ornamentis
867 3155 1140 3220 instructi,
1191 3156 1354 3209 vitam
1412 3156 1467 3210 in
1509 3157 1726 3214 Christo
1772 3160 2049 3228 suspicere

2158 3161 2362 3216 ἐκεῖνον
2376 3130 2481 3215 ’τὸν
2521 3130 2868 3233 καιρὸν
2990 3161 3057 3217 ἂν
3087 3163 3148 3215 τὸ
3162 3130 3330 3216 ’.θεῖον
3363 3165 3466 3217 καὶ
3505 3130 3728 3228 ἐπουρά-

477 3247 780 3302 videantur.

2160 3269 2270 3307 νιον
2298 3253 2486 3325 λάμψῃ
2517 3253 2652 3321 φῶς,
2691 3253 2785 3307 καὶ
2813 3255 2870 3306 ἐν
2899 3256 3019 3318 ταῖς
3057 3254 3165 3307 τῶν
3195 3255 3565 3326 πλανωμένων
3594 3266 3721 3320 καρ-

477 3335 620 3398 δίαις
675 3335 704 3384 ὁ
743 3333 932 3404 νοητὸς
965 3335 1239 3406 ἑωσφόρος
1278 3335 1553 3407 ἀνατείλῃ,
1587 3336 1727 3390 κατά
1765 3338 1827 3391 τὸ
1859 3341 2265 3410 γεγραμμένον,
2297 3344 2566 3417 διαυγάσῃ
2593 3344 2651 3396 δὲ
2692 3343 2894 3416 ἡμέρα,
2938 3344 3036 3411 τῆς
3073 3344 3241 3399 πάλαι
3280 3344 3476 3410 νυκτὸς
3528 3341 3719 3410 ἀπελη-

478 3427 842 3499 λαμένης,καί
867 3426 974 3479 τῶν
998 3427 1055 3478 ὲν
1073 3427 1208 3498 αὐτῇ
1230 3426 1552 3498 δρωμένων
1581 3428 1688 3494 ἵνα,
1715 3429 1812 3499 τῆς
1839 3431 2070 3501 ἀρχαίας
2106 3433 2443 3505 ἀκαθαρσίας
2507 3435 2873 3508 ἐξῃρημένης,
2909 3437 2958 3487 οἰ
2999 3434 3230 3506 ἀθληταὶ
3263 3437 3360 3491 καὶ
3394 3438 3536 3506 ἀγιοι
3561 3449 3718 3505 προσ-

480 3525 715 3594 κυνηταί
769 3522 1042 3593 φαίνοιντο
1097 3521 1282 3575 λοιπὸν
1318 3516 1446 3590 τῆς
1500 3523 1734 3591 εὐαγοῦς
1791 3526 2063 3590 πολιτείας
2101 3530 2492 3600 ἀνημμένοιτά
2515 3534 2830 3603 αὐχήματα,
2857 3534 2950 3586 καὶ
3013 3531 3110 3602 τὴν
3133 3535 3188 3587 ὲν
3223 3533 3448 3604 Χριστῷ
3467 3530 3717 3603 τιμῶντες

480 3621 648 3689 ζωήν·

552 3710 718 3780 789
742 3709 901 3766 Vnus.
940 3712 994 3766 5.
1031 3709 1098 3764 Et
1132 3714 1251 3779 erit,
1293 3713 1339 3768 si
1367 3715 1747 3783 prophetauerit
1773 3717 1926 3770 homo
1963 3717 2049 3770 ul-

2229 3717 2339 3772 Kai
2371 3716 2563 3781 ἔσται,
2594 3719 2702 3772 ἐὰν
2726 3720 3116 3788 προφητεύσῃ
3145 3720 3456 3788 ἄνθρωπος
3497 3718 3600 3782 ἔτι,
3627 3716 3716 3770 καί

483 3815 586 3869 tra,
634 3815 681 3858 et
706 3806 841 3857 dicet
865 3805 932 3858 ad
953 3820 1067 3858 eun!
1091 3817 1238 3876 pater
1268 3817 1316 3860 et
1332 3818 1500 3861 mater
1517 3809 1630 3876 ejus
1652 3809 1740 3878 qui
1762 3822 2050 3878 genuerunt

2157 3809 2280 3877 ἐρεῖ
2317 3811 2463 3876 πρὸς
2508 3810 2694 3864 αὑτὸν
2725 3813 2758 3863 ὀ
2800 3810 2996 3879 πατὴρ
3030 3811 3127 3864 καί
3165 3812 3203 3879 ἡ
3225 3810 3426 3878 μήτηρ
3463 3805 3641 3862 αὑτοῦ
3669 3807 3718 3858 oi

481 3913 598 3950 eum
623 3912 640 3948 :
668 3895 794 3949 Non
833 3896 990 3960 vives,
1034 3899 1282 3966 quoniam
1310 3901 1637 3953 ntendacium
1669 3900 1876 3954 locutus
1905 3918 1958 3955 es
1999 3904 2051 3954 in

2159 3905 2565 3972 γεννήσαντες
2593 3905 2808 3956 αὐτόν’
2847 3905 2929 3957 Οὐ
2960 3901 3135 3971 ζήσῃ,
3167 3902 3256 3954 ὅτι
3288 3899 3489 3970 ψευδῆ
3521 3897 3720 3962 ἐλὰλη·

483 3988 690 4042 uomiue
737 3988 983 4053 Domini,
1027 4000 1073 4044 et
1119 3993 1442 4060 compedient
1495 4009 1614 4046 eum
1655 4004 1805 4062 pater
1840 3995 1956 4063 ejus
2005 4005 2053 4048 et

2156 4011 2269 4060 σας
2300 3996 2369 4047 ἐν
2406 3993 2647 4062 ὀνόματι
2672 3994 2914 4058 Κυρίου,
2950 3991 3046 4045 καί
3077 3992 3524 4060 συμποδιοῦσιν
3549 3987 3720 4043 αὐτὸν

481 4091 647 4133 mater
685 4083 797 4149 ejus
853 4081 942 4150 qui
995 4092 1285 4151 genuerunt
1339 4099 1488 4148 eum,
1538 4101 1655 4138 cum
1722 4086 2053 4156 prophetaret

2156 4089 2186 4140 ό
2215 4084 2411 4151 πατὴρ
2456 4083 2644 4137 αὐτοῦ
2673 4083 2771 4135 καί
2799 4084 2836 4150 ἠ
2856 4081 3054 4151 μήτηρ
3086 4081 3273 4136 αὑτοῦ
3309 4085 3367 4135 οἰ
3406 4079 3721 4152 γεννήσαν-

477 4177 606 4239 ipse.
2154 4194 2253 4241 τες
2289 4176 2478 4230 αὐτὸν
2504 4175 2572 4229 ἐν
2603 4173 2684 4239 τῷ
2715 4175 3112 4242 προφητεύειν
3136 4173 3343 4226 αὐτόν.

552 4263 780 4321 XCVIII.
824 4265 997 4320 Tanta
1046 4269 1350 4324 reverentia
1391 4269 1534 4326 illius
1570 4271 1750 4326 saeculi
1796 4272 2053 4328 mortales

2227 4270 2349 4334 ιιΗν.
2391 4267 2639 4336 Τοσαύτη
2692 4282 2776 4329 τις
2811 4266 2961 4317 ἔσται
3010 4265 3138 4335 περί
3164 4264 3226 4316 τὸ
3255 4263 3401 4316 θεῖον
3429 4261 3588 4320 αἰδὼς
3621 4257 3721 4310 τῶν

481 4371 676 4409 numen
728 4369 1149 4426 prosequentur,
1196 4359 1392 4427 inquit,
1433 4360 1676 4429 adeoque
1719 4362 1784 4416 de
1818 4364 2053 4431 perfecta

2158 4360 2432 4430 τηνικάδε,
2459 4359 2612 4430 φησὶ,
2643 4357 2950 4427 φροντιοῦσι
3001 4355 3056 4408 δὲ
3103 4355 3249 4408 οὕτω
3295 4355 3396 4425 τῆς
3441 4357 3520 4415 εἰς
3563 4353 3720 4419 ἀκρον

481 4447 749 4517 probitate
775 4456 828 4502 et
860 4448 967 4500 vita
1017 4447 1272 4504 laudabili
1307 4459 1468 4504 erunt
1510 4451 1749 4518 solliciti,
1787 4462 1846 4508 ut
1889 4456 2053 4510 etiam

2156 4451 2452 4512 ἐπιεικείας
2495 4450 2588 4502 καί
2633 4448 2961 4516 ἀξιαγάστου
3013 4445 3176 4516 ζωῆς,
3207 4445 3348 4498 ὥστε
3396 4445 3490 4498 καὶ
3541 4439 3720 4511 γονέας

483 4544 734 4606 parentes
766 4537 870 4605 ipsi
918 4539 982 4590 ad
1027 4538 1199 4592 zelum
1245 4549 1299 4592 et
1349 4541 1484 4593 iram
1515 4541 1801 4597 adversum
1855 4544 2053 4598 liberos

2156 4539 2348 4601 αὐτοὺς
2400 4537 2550 4599 ἰδίοις
2599 4535 2958 4605 ὲπιθήγεσθαι
3005 4535 3214 4596 τέκνοις
3261 4533 3477 4603 ζηλοῦν,
3511 4532 3571 4584 τὸ
3603 4529 3717 4587 τοὺς

479 4639 836 4693 exacuantur,
873 4628 1011 4698 quod
1058 4643 1181 4683 cum
1221 4630 1352 4684 falsa
1402 4632 1608 4698 dicant,
1641 4647 1700 4687 se
1733 4637 2053 4704 prophetare

2156 4627 2464 4696 ψευδοεπείς
2497 4625 2861 4697 προφητεύειν
2903 4623 3444 4694 ἁποπλαττομένους,
3475 4622 3566 4676 καὶ
3593 4621 3717 4672 ἀπο·

481 4719 710 4788 Iingant,
739 4728 793 4773 et
823 4719 890 4773 de
922 4721 1086 4772 corde
1129 4734 1227 4774 suo
1277 4719 1586 4789 loquantur,
1616 4724 1771 4790 quasi
1803 4723 1945 4779 Deus
1984 4726 2049 4779 ad

2156 4718 2462 4788 φθέγξοιντο
2486 4717 2554 4770 τά
2578 4718 2688 4769 τῶν
2718 4717 2826 4770 ἀπὸ
2859 4717 3106 4787 καρδίας,
3145 4716 3220 4778 ώς
3253 4715 3389 4768 Θεοῦ
3437 4709 3716 4780 λελαληκό-

481 4811 628 4879 ipsos
668 4809 830 4864 verba
873 4808 1112 4864 fecisset.
1147 4827 1166 4859 ι
1200 4809 1586 4881 Compedibus,
1635 4813 1830 4881 inquit,
1870 4815 2042 4884 impliv

2156 4827 2266 4873 τος.
2325 4829 2343 4861 ι
2374 4808 2732 4878 Συμποδιοῦσι
2780 4811 2888 4880 γὰρ
2939 4808 3123 4871 αὐτὸν,
3152 4827 3170 4858 ι
3228 4809 3394 4877 φησί,
3443 4804 3715 4863 τουτέστι,

477 4901 681 4956 cabunt
721 4915 868 4966 eum,
903 4919 922 4952 ›
955 4901 1057 4955 hoc
1107 4911 1210 4966 est,
1261 4911 1318 4956 ut
1372 4912 1644 4958 amentem
1697 4914 1753 4959 et
1807 4906 2050 4961 insanum

2156 4899 2683 4970 καταδεσμεύσουσιν
2732 4900 2808 4962 ώς
2853 4899 3090 4968 ἑκφρονά
3146 4916 3202 4950 τε
3262 4900 3354 4950 καί
3413 4893 3713 4967 μεμηνότα.

480 4993 738 5054 vincient,
791 5007 1078 5062 morasque
1132 4993 1400 5056 tollentes.
1450 4995 1606 5049 morti
1647 5011 1768 5050 eum
1821 4998 2052 5051 destina-

2156 4992 2520 5062 μελλήσαντες
2570 4990 2626 5042 δὲ
2679 4990 2850 5052 οὐδὲν,
2883 4989 3222 5062 καθοριοῦσιν
3253 4988 3417 5042 αὐτοῦ
3448 4988 3536 5040 τὸν
3563 4985 3718 5038 θάναο

478 5083 633 5146 bunt,
663 5083 704 5135 si
735 5083 786 5138 in
819 5083 919 5136 hoc
951 5083 1135 5138 morbo
1163 5086 1268 5138 lixe
1294 5086 1734 5154 impudenterque
1773 5089 2052 5158 manserit.

2156 5100 2261 5146 τον,
2293 5084 2341 5134 εἰ
2383 5081 2616 5151 ἔμμονόν
2648 5097 2706 5134 τε
2737 5081 2829 5133 καὶ
2859 5081 3048 5150 ἀναιδῆ
3079 5081 3175 5150 τὴν
3213 5079 3306 5132 ἐπὶ
3343 5079 3478 5149 τῷδε
3525 5077 3718 5129 ποιοῖτο

479 5173 626 5227 Satis
646 5172 788 5228 enim
825 5183 909 5227 est
939 5172 1045 5228 illis
1080 5176 1145 5228 ad
1187 5175 1413 5243 quodvis
1455 5177 1771 5245 supplicium
1798 5179 1847 5231 in
1878 5179 2044 5231 illium

2156 5175 2321 5226 νόσον.
2341 5173 2577 5242 Ἀπόχρη
2623 5171 2730 5242 γὰρ
2765 5173 2961 5234 αὐτοῖς
3006 5172 3086 5233 εἰς
3128 5171 3188 5224 τὸ
3233 5171 3343 5224 δεῖν
3375 5169 3592 5222 ἃπασαν
3628 5159 3713 5216 τοῦ

478 5265 897 5329 decernendum,
925 5266 1066 5334 quod
1101 5265 1236 5319 falsa
1266 5267 1319 5319 in
1347 5268 1564 5321 nomine
1593 5269 1801 5321 Domini
1839 5269 2048 5322 locutus

2156 5260 2333 5322 παιδὸς
2358 5260 2645 5330 καθορίσαι
2693 5260 2848 5331 δίκην
2874 5259 3014 5322 τόδε,
3042 5260 3123 5312 ὅτι
3146 5259 3315 5329 ψευδῆ
3345 5257 3633 5326 λελάληκεν
3663 5252 3716 5302 ἐν

478 5356 566 5409 sit.
589 5355 718 5411 Vide
748 5367 926 5412 autem
959 5372 1122 5424 quam
1159 5369 1288 5410 vere
1322 5357 1423 5410 hoc
1457 5358 1657 5411 dictum
1684 5359 1775 5423 sit,
1804 5371 1859 5411 et
1885 5374 2045 5427 quam

2156 5354 2367 5422 Ξνὸματι
2398 5353 2821 5424 Κυρίου.Ἀθρει
2854 5353 2910 5405 δὲ
2953 5352 3142 5424 ὥσπερ
3173 5353 3321 5406 ὲστίν
3348 5350 3554 5422 ἀληθὴς
3581 5351 3608 5400 ὁ
3633 5343 3716 5397 λόο

477 5443 725 5497 stabilem
760 5455 1032 5500 mereatur
1069 5445 1224 5499 ﬁdem
1254 5445 1548 5514 praedictio.
1585 5444 1716 5510 Quis
1763 5447 1904 5499 enim
1955 5462 2048 5499 no-

2156 5459 2258 5510 γος,
2294 5443 2388 5495 καὶ
2439 5443 2500 5496 τὸ
2554 5444 2768 5513 βέϐαιον
2825 5446 2904 5507 εἰς
2953 5445 3136 5497 πίστιν
3183 5446 3216 5514 ἡ
3269 5441 3714 5514 προαναφώνησις

476 5542 648 5587 strum
702 5535 1014 5590 toleraverit
1054 5537 1213 5591 hodie
1269 5537 1349 5591 sic
1404 5537 1813 5606 prophetantem
1859 5551 2045 5605 quem-

2156 5533 2280 5602 ἔχει.
2313 5534 2409 5596 Τίς
2456 5536 2564 5605 γὰρ
2592 5534 2699 5587 τῶν
2728 5534 2850 5588 καθ’
2883 5537 3028 5606 ἡμᾶς
3050 5535 3532 5606 διακαρτερήσειεν
3565 5529 3631 5583 ἂν
3659 5524 3714 5578 ἐν

549 5718 591 5750 ⁸⁸
625 5716 822 5772 Ezeclt.
850 5730 960 5783 xw,
997 5715 1082 5769 I3.
1163 5717 1206 5747 ¹²
1239 5715 1370 5770 Ibid.
1410 5717 1494 5770 Η.
1571 5714 1841 5768 ¹³1υτρηι.
1877 5729 2032 5782 xsttt,

2226 5713 2270 5744 "’
2295 5713 2338 5768 ΙΙ
2365 5712 2510 5768 Petr.
2539 5729 2574 5776 t,
2606 5714 2692 5768 I9.
