4098 6474
393 299 499 355 νει

1226 296 1784 356 εοιιΜΕλτΑιιιυδ
1824 298 1888 353 IN
1933 300 2339 359 ZACHARIAM
2378 304 2828 363 PROPHETAM.

3600 323 3714 377 1i!

394 412 498 468 καὶ
554 408 957 483 ἠγαπημένοι.’
986 408 1471 482 Κατελογτσθησαν
1521 410 1632 482 γὰρ
1682 432 1701 466 ι
1732 415 1812 479 είς
1858 414 2009 479 ἔθνος

2122 417 2274 485 pulus
2304 431 2546 485 sanctus,
2577 424 2758 493 regale
2786 424 3178 491 sacerdotium,
3219 429 3446 498 populus
3469 436 3708 503 acquisi-

396 505 582 572 ἅγιον,
615 505 699 567 εἰς
729 502 1003 571 βασίλειον
1046 502 1368 575 ἱεράτευμα,
1395 505 1492 558 καὶ
1525 507 1607 569 εἰς
1644 505 1774 559 λαὸν
1807 507 1900 560 τὸν
1930 509 2012 571 εἰς

396 595 776 666 περιποίησιν,
804 595 892 648 ἵνα
913 594 1014 654 τὰς
1041 595 1243 666 ἀρετὰς
1272 594 1635 665 ἐξαγγσίλωσι
1666 598 1760 648 τοῦ
1791 597 1856 650 ἐκ
1884 597 2012 650 σκό-

392 702 528 747 τους
574 684 777 748 αὐτοὺς
829 683 1163 749 καλέσαντος
1210 686 1301 739 ἐπὶ
1352 685 1416 738 τὸ
1474 686 1787 756 θαυμαστὸν
1840 689 2010 742 αὑτοῦ

392 775 538 845 φῶς,
577 795 598 828 ι
648 775 781 828 ποτὲ
829 775 888 828 δὲ
937 775 1092 838 ὄντες
1129 777 1191 830 οὐ
1224 777 1375 841 λαὸς,
1409 779 1667 847 γεγόνασι
1697 780 1844 844 λαός.
1900 782 2012 835 Καί

392 882 535 918 ποτε
573 864 678 935 μὲν
717 867 915 936 ἤκουον
939 882 954 897 ο
1002 866 1203 920 ι”Οταν
1237 870 1337 931 τὰς
1361 872 1550 940 χεῖρας
1574 871 1854 941 ἐκτείνητε
1876 872 2012 939 πρός

395 970 492 1026 με,
534 956 870 1028 ἁποστρέψω
903 958 1031 1023 τοὺς
1060 958 1374 1030 ὀφθαλμούς
1415 978 1517 1031 μου
1548 962 1643 1031 ἀφ’
1683 962 1836 1032 ὑμῶν
1861 979 1876 993 ⁸
1919 963 2012 1017 καὶ

392 1050 499 1103 ἐὰν
528 1049 845 1121 πληθύνητε
870 1053 971 1121 τὴν
1003 1053 1211 1123 δέησιν,
1244 1055 1346 1107 οὐκ
1374 1056 1768 1128 είσακοὺσομαι
1797 1058 2005 1128 ὑμῶν.»

389 1141 539 1195 Νυνὶ
591 1142 649 1194 δέ
704 1160 891 1212 φησιν,
932 1144 1016 1197 ὅτι
1063 1163 1082 1196 ι
1115 1145 1287 1209 Αὐτὸς
1321 1147 1709 1201 ὲπικαλέσεται
1746 1149 1808 1201 τὸ
1841 1150 2014 1221 ὄνομά

395 1254 533 1305 μου,
565 1236 664 1289 καὶ
693 1236 834 1307 ἐρῶ·
868 1238 1013 1301 Λαός
1049 1255 1150 1307 μου
1189 1231 1347 1304 οὗτος
1382 1243 1548 1295 ἐστιν.
1582 1261 1601 1293 ι
1641 1242 1855 1298 Οὐκοῦν
1885 1245 2014 1311 ῐδιος

392 1328 670 1397 γεγόνασι
696 1329 895 1400 κλῆρος
918 1329 1012 1382 τοῦ
1046 1330 1182 1384 Θεοῦ
1215 1332 1308 1384 καὶ
1334 1332 1570 1404 Πατρδς,
1589 1333 1831 1389 δέδονται
1858 1336 1913 1390 δὲ
1934 1336 2013 1409 τῷ

393 1420 542 1492 Υἱῷ,
575 1423 951 1494 συγκατέῳχει
980 1422 1089 1493 γὰρ
1122 1423 1231 1477 τῶν
1257 1425 1394 1479 ὅλων
1421 1426 1558 1496 ὁμοῦ
1582 1427 1659 1497 τῷ
1684 1431 2014 1502 γεγεννηκό-

389 1530 472 1581 τι,
509 1515 721 1585 εὐμενῆ
751 1532 811 1568 τε
842 1519 935 1569 καὶ
968 1516 1096 1570 ἵλεω
1124 1518 1216 1572 τὸν
1249 1517 1356 1573 τῶν
1386 1519 1524 1575 ὅλων
1547 1520 1730 1592 ἔχουσι
1748 1522 2014 1595 δημιουρ·

392 1609 498 1677 τὸν
538 1611 638 1666 καὶ
662 1611 967 1681 Δεσπότην.

763 1733 1152 1821 ΤΟΜΟΣ
1246 1737 1645 1825 ΕΚΤΟΣ.

1013 1890 1268 1948 ΚΕΦΑΛ.
1300 1894 1399 1947 ΙΔ’.

2119 509 2305 574 tionis,
2350 514 2653 569 utvirtutes
2676 517 3066 572 annuntiarent
3093 516 3234 587 ejus,
3270 524 3360 590 qui
3387 523 3456 578 de
3478 529 3713 585 tenebris

2116 601 2264 671 ipsos
2286 605 2574 659 vocavitiu
2601 607 2927 664 admirabile
2960 608 3143 665 lumen
3170 627 3326 667 suum
3359 614 3428 682 ⁸³,
3466 635 3485 669 ι
3515 628 3711 676 etcum

2114 691 2408 760 aliquando
2438 711 2543 750 non
2582 707 2767 753 essent
2798 699 3049 769 populus,
3091 701 3218 756 facti
3244 715 3371 761 sunt
3399 710 3626 777 pupulus
3643 712 3713 773 ³⁷.

2115 783 2182 838 Ει
2225 787 2521 857 aliquando
2566 790 2863 846 audiebant
2901 811 2916 849 :
2957 811 2976 844 ι
3009 793 3144 849 Cum
3182 799 3542 856 extenderitis
3598 820 3716 859 ma-

2116 892 2218 932 nus
2249 889 2459 935 vestras
2491 881 2555 934 ad
2593 898 2698 949 me,
2727 893 2970 939 avertam
3024 886 3215 942 oculos
3260 904 3411 944 meos
3438 906 3472 945 a
3511 894 3665 949 vobis
3697 911 3710 948 :

2114 981 2169 1024 et
2230 988 2351 1026 cum
2379 975 2879 1045 inultiplicaveritis
2906 980 3237 1044 orationem,
3274 997 3381 1035 non
3424 987 3712 1041 exaudiam

2114 1061 2298 1116 vos”.
2340 1081 2360 1114 ι
2400 1063 2469 1116 At
2516 1080 2660 1119 nunc
2719 1066 2904 1121 dicit:
2947 1085 2988 1119 ι.
3030 1067 3147 1136 Ipse
3189 1068 3462 1123 invocabit
3516 1087 3710 1126 nomen

2116 1166 2318 1215 meum,
2341 1161 2397 1205 et
2425 1153 2603 1208 dicam
2631 1173 2645 1208 :
2681 1154 2921 1224 Populus
2954 1173 3107 1212 meus
3139 1159 3226 1213 hic
3245 1169 3351 1215 est.
3394 1180 3413 1211 ι
3444 1160 3710 1227 Quocirca

2116 1241 2405 1297 hmreditas
2432 1246 2723 1313 peculiaris
2756 1247 2849 1302 Dei
2884 1259 2938 1303 et
2970 1247 3146 1305 Patris
3189 1251 3318 1306 facti
3348 1263 3574 1315 sunt,et
3599 1255 3710 1309 dati

2114 1343 2244 1390 sunt
2273 1336 2433 1402 Filio,
2460 1338 2690 1408 imperat
2721 1342 2869 1395 enim
2894 1343 3148 1399 omnibus
3180 1361 3284 1398 una
3306 1360 3428 1399 cum
3460 1344 3714 1411 Patre.et

2114 1428 2436 1485 benevolum
2477 1441 2533 1486 et
2575 1434 2869 1501 propitium
2912 1436 3293 1494 universorum
3342 1439 3594 1509 opiﬁcem
3646 1459 3713 1497 ac

2114 1521 2404 1583 Dominum
2436 1525 2789 1585 habentibus.

2397 1743 2651 1837 TOM
2675 1748 2812 1837 US
2915 1749 3457 1843 SEXTUS.

2754 1895 2911 1951 CAP.
2943 1894 3081 1952 XIV.

486 2001 651 2056 Ἰδοὺ
680 2002 895 2073 ἡμέραι
924 2005 1206 2075 ἔρχονται
1248 2007 1356 2061 τοῦ
1386 2008 1633 2076 Κυρίου,
1663 2009 1763 2063 καὶ
1803 2007 2007 2080 διαμε-

2186 2009 2349 2063 V’Ens.
2377 2007 2498 2072 1,2.
2540 2006 2672 2061 Ecce
2711 2008 2820 2062 dies
2848 2008 3061 2063 Domini
3086 2010 3318 2078 veniunt,
3370 2020 3422 2065 et
3481 2014 3713 2069 dividam

384 2095 679 2165 ριοῦνται
720 2097 793 2151 τὰ
835 2097 1042 2153 σκῦλά
1073 2115 1191 2154 σου
1225 2099 1296 2153 ἐν
1332 2100 1454 2154 σοί.
1508 2102 1621 2154 Καὶ
1660 2102 2011 2168 ἐπισυνάξαι

396 2187 610 2243 πάντα
638 2188 713 2242 τὰ
741 2189 888 2258 ἔθνη
917 2191 1006 2255 εὶς
1030 2191 1299 2260 πόλεμον
1324 2191 1421 2244 ἐπὶ
1454 2192 1873 2263 Ἰερουσαλὴμ,
1911 2195 2014 2249 καὶ

394 2277 710 2334 ἁλώσεται
734 2278 773 2346 ἡ
803 2282 1005 2345 πόλις,
1036 2280 1135 2333 καὶ
1162 2280 1681 2351 διαρπαγήσονται
1718 2287 1778 2337 αἱ
1807 2284 2010 2352 οἰκίαι,

398 2371 505 2425 καὶ
539 2373 601 2425 αἱ
630 2370 917 2440 γυναῖκες
939 2371 1456 2441 μολυνθήσοντιιι,
1490 2374 1589 2428 καὶ
1627 2374 2015 2440 ἐξελεύσεται

396 2462 471 2515 τὸ
511 2462 702 2531 ἥμισυ
731 2462 844 2531 τῆς
866 2467 1103 2532 πόλεως
1126 2465 1197 2518 ἐν
1219 2468 1620 2536 αἰχμαλωσίᾳ.

476 2555 605 2609 PB'.
649 2555 722 2608 Τὸ
755 2557 849 2608 ἐπὶ
885 2556 961 2627 τῷ
995 2558 1218 2628 σταυρῷ
1255 2560 1525 2630 σωτήριον
1559 2559 1731 2625 πάθος
1764 2580 2019 2636 καταμη-

396 2645 575 2711 νύων,
608 2647 850 2718 ἔφασκεν
881 2651 940 2702 ἐν
965 2654 1077 2713 τοῖς
1112 2651 1288 2703 ὀπίσω
1317 2651 1513 2723 βραχὺ,
1552 2671 1569 2703 ι
1594 2653 1887 2724 Ῥομφαία,
1929 2657 2018 2724 ἑξ-

399 2740 673 2812 εγέρθητι
706 2741 797 2793 ἐπὶ
827 2741 919 2794 τὸν
942 2742 1179 2812 ποιμένα
1210 2760 1333 2813 μου,
1363 2746 1457 2796 καὶ
1480 2744 1566 2796 ἐπ’
1596 2744 1767 2816 ἄνδρα
1790 2747 2017 2820 πολίτην

399 2830 579 2884 αὑτοῦ
607 2871 623 2894 ,
686 2832 835 2901 λέγει
891 2832 1098 2905 Κύριος
1148 2837 1571 2910 παντοκράτωρ.
1622 2840 1871 2907 Πάταξον
1927 2842 2018 2897 τὸν

404 2924 654 2996 ποιμένα
681 2927 777 2979 καὶ
814 2926 1411 3001 διασκορπισθήσονται
1442 2930 1512 2983 τὰ
1546 2930 1816 3002 πρόϐατα.
1847 2951 1865 2983 ι
1895 2933 2018 2986 Ὅτι

398 3019 465 3070 δὲ
516 3021 732 3082 ποιναῖς
776 3021 897 3082 ταῖς
939 3021 1196 3090 ἐσχάταις
1251 3024 1283 3094 ἡ
1337 3023 1446 3076 τῶν
1493 3022 1759 3076 Ἰουδαίων
1809 3024 2020 3096 πληθὺς

401 3108 869 3180 ὑπενεχθήσεται,
913 3112 1008 3163 καὶ
1063 3113 1208 3182 μάλα
1257 3114 1518 3178 εἰκότως,
1555 3117 2018 3188 κεκυριοκτόνηκε

400 3200 579 3272 ’τὰρή
610 3202 940 3274 πάντολμος,
977 3204 1224 3259 ἐδίδασκε
1254 3206 1568 3276 προστιθείς
1590 3224 1604 3238 ·
1639 3229 1657 3260 ι
1683 3210 1795 3261 Καὶ
1829 3210 2019 3275 ἐπάξω

400 3294 509 3365 τὴν
550 3296 713 3365 χεῖρά
763 3313 865 3366 μου
905 3297 999 3349 ἐπὶ
1037 3298 1166 3361 τοὺς
1206 3298 1496 3369 ποιμένας,
1532 3299 1628 3353 καὶ
1672 3299 1826 3354 ἔσται
1859 3303 1916 3354 ὲν
1950 3305 2015 3375 τῇ

403 3387 601 3459 ἡμέρᾳ
630 3387 835 3461 ἐκείνῃ,
865 3389 1018 3457 λέγει
1048 3392 1273 3463 Κύριος,
1302 3392 1370 3445 τὰ
1396 3392 1490 3445 δύο
1529 3393 1672 3465 μέρη
1705 3393 2018 3467 ὲξολοθρευ-

401 3481 645 3551 ϐήσεται
670 3480 769 3534 καὶ⁸
794 3481 1058 3553 ἐκλείψει,
1099 3483 1161 3537 τὸ
1208 3484 1266 3537 δὲ
1297 3485 1483 3557 τρίτον
1505 3484 1674 3552 διάξω
1705 3486 1794 3539 διὰ
1821 3488 2015 3559 πυρὸς,

404 3571 509 3625 καὶ
541 3571 785 3644 πυρώσω
827 3575 1046 3638 αὐτοὺς,
1095 3575 1171 3640 ὡς
1216 3576 1486 3646 πυροῦται
1517 3577 1578 3631 τὸ
1609 3579 1893 3651 ἀργύριον,
1924 3581 2019 3634 κα)⁸

403 3662 627 3734 ὃοκιμῶ
676 3665 896 3730 αὐτοὺς,
941 3666 1019 3724 ὡς
1050 3667 1407 3738 δοκιμάζεται
1438 3669 1499 3722 τὸ
1529 3672 1772 3740 χρυσίον.
1811 3691 1829 3723 ι
1884 3672 2020 3726 Τίνα

404 3757 467 3811 δὲ
488 3757 695 3828 τρόπον
720 3758 790 3813 τὰ
818 3759 1001 3813 τοιάδε
1034 3764 1254 3825 νοοῖντο,
1292 3763 1386 3816 καὶ
1415 3763 1513 3817 οὑκ
1536 3763 1642 3829 ἔξω
1667 3766 1762 3820 τοῦ
1784 3765 2016 3832 εἰκότος,

408 3852 558 3904 κατᾶ
604 3867 672 3921 γε
714 3851 776 3905 τὸ
806 3853 1028 3922 ἐφικτὸν
1076 3856 1210 3926 ἡμῖν
1260 3856 1582 3928 εἰρήκαμεν.
1612 3857 1930 3929 Γέγραπται
1960 3861 2019 3914 δὲ

408 3943 508 3997 καὶ
538 3942 637 3997 νῦν
666 3946 695 3997 ὁ
726 3944 837 3998 τῶν
863 3946 1245 4016 προκειμένων
1275 3948 1498 4014 σκοπὸς,
1530 3949 1609 4013 ὡς
1652 3951 1790 4022 πρός
1821 3969 1885 4022 γε
1918 3953 2019 4024 τὴν

423 4035 784 4107 Ἰερουσαλὴμ
822 4036 1329 4109 ἀνοσιουργήσασαν
1355 4040 1646 4111 ἀχαλίνως,
1674 4041 1772 4095 καὶ
1799 4044 1892 4097 τὸν
1920 4046 2021 4116 τῆς

412 4127 676 4193 ἁλώσεως
728 4131 862 4199 ἡμῖν
915 4132 1320 4201 κατασημαίνει
1365 4133 1585 4205 τρόπον.
1645 4152 1665 4186 ι
1704 4135 1835 4190 Ἰδοὺ
1885 4136 2018 4209 γὰρ,

409 4222 605 4292 φησὶν,
658 4221 869 4292 ἡμέραι
925 4222 1018 4275 τοῦ
1071 4222 1301 4294 Κυρίου,
1336 4243 1354 4276 ι
1401 4225 1703 4293 τουτέστιν,
1747 4226 1815 4291 ἃς
1856 4229 2022 4294 αὐτὸς

411 4316 616 4383 ἐπάγοι
666 4313 837 4385 ψήφῳ
886 4314 1091 4387 δικαίᾳ,
1131 4314 1229 4369 καὶ
1278 4316 1409 4387 ὁσίῳ
1452 4317 1702 4389 κρίματι.
1752 4319 1865 4373 Καὶ
1911 4320 2022 4389 γάρ

412 4410 564 4462 ἐστιν
590 4406 813 4477 ἀληθὲς,
834 4407 863 4461 ὃ
892 4408 987 4461 καὶ
1009 4408 1075 4461 δι’
1101 4408 1290 4479 ἑτέρου
1319 4410 1602 4481 προφήτου
1633 4410 1828 4480 φησίν·
1858 4431 1876 4464 ι
1908 4413 2023 4466 Οὐκ

412 4500 531 4553 ἔστι
562 4499 737 4553 κακία
762 4500 822 4551 ἐν
851 4499 1029 4564 πόλει,
1051 4500 1119 4570 ἣν
1146 4499 1354 4570 Κύριος
1384 4501 1486 4555 οὐκ
1511 4502 1790 4574 ἐποίησε.»
1815 4504 1892 4558 Οὐ
1912 4504 2022 4577 γὰρ

413 4592 480 4646 ἂν
513 4589 733 4660 γένοιτό
765 4607 819 4644 τι
866 4590 977 4645 τῶν
1026 4590 1156 4661 ὅλην
1205 4590 1412 4645 κακοῦν
1459 4593 1753 4664 ἰσχυόντων
1788 4593 1964 4662 πόλιν,
1995 4594 2025 4649 ὃ

2116 2099 2284 2166 spolia
2324 2109 2414 2151 tua
2442 2101 2498 2151 in
2526 2108 2595 2151 te.
2624 2096 2686 2151 Et
2730 2102 3056 2170 congregabo
3101 2118 3280 2155 omnes
3300 2116 3472 2173 gentes
3494 2107 3549 2159 in
3572 2122 3711 2173 pra»

2116 2191 2245 2243 lium
2263 2207 2419 2255 super
2447 2190 2771 2257 Jerusalem,
2799 2203 2845 2245 et
2869 2193 3110 2261 capietur
3136 2195 3341 2259 civitas,
3360 2207 3408 2251 et
3457 2198 3712 2265 diripiat-

2119 2286 2204 2331 tur
2229 2279 2438 2341 donius,
2464 2290 2508 2333 et
2535 2280 2776 2334 mulieres
2800 2279 3126 2349 potluentur,
3151 2269 3200 2339 et
3228 2286 3524 2358 egredietur
3536 2289 3709 2343 media

2117 2388 2241 2440 pars
2258 2373 2484 2428 civitatis
2507 2375 2564 2428 in
2591 2374 2975 2442 captivitatem.

2191 2550 2301 2606 Cll.
2351 2548 2700 2605 Salutit‘eram
2734 2550 2786 2604 in
2811 2565 2975 2606 cruce
3022 2561 3251 2608 mortem
3284 2554 3531 2610 indicans
3554 2557 3718 2625 paulo

2121 2653 2246 2699 ante
2286 2644 2522 2706 dicebat,
2565 2661 2583 2692 ι
2625 2643 2984 2712 Ιιιιοιιιριιςιιιι,
3032 2660 3307 2713 consurge
3342 2662 3506 2716 super
3531 2659 3716 2719 pasto-

2124 2751 2237 2790 rem
2272 2751 2471 2800 meum,
2497 2733 2661 2805 795
2698 2745 2753 2790 et
2782 2750 2945 2803 super
2974 2736 3151 2791 virum
3189 2739 3364 2792 civem
3391 2737 3530 2807 ejus,
3586 2739 3719 2793 dicit

2124 2827 2385 2881 Dominus
2408 2827 2773 2893 omnipotens.
2811 2825 3042 2880 Percute
3085 2837 3361 2896 pastorem
3392 2837 3447 2883 et
3509 2828 3719 2897 disper-

2122 2930 2319 2987 gentur
2339 2930 2466 2969 oves
2493 2914 2559 2968 ”.
2600 2932 2619 2965 ι
2652 2913 2928 2970 Extremis
2954 2926 3139 2970 autem
3201 2916 3488 2987 suppliciis
3535 2917 3719 2986 subje-

2123 3020 2271 3065 Ctum
2311 3007 2375 3062 iri
2403 3005 2642 3074 Judmos,
2700 3008 2863 3074 idque
2927 3007 3258 3075 justissime,
3308 3011 3566 3080 quoniam
3624 3025 3721 3081 per

2125 3116 2394 3157 summam
2419 3099 2702 3155 audaciam
2734 3098 3021 3155 Dominum
3080 3103 3429 3167 occiderunt,
3456 3103 3713 3167 docebat,

2124 3210 2247 3250 cum
2270 3193 2545 3249 adderet:
2589 3212 2608 3245 ι
2649 3193 2714 3248 Ει
2748 3194 3001 3249 inducam
3051 3212 3267 3250 manum
3325 3212 3499 3252 meam
3558 3212 3723 3267 super

2128 3296 2401 3356 pastores,
2422 3296 2477 3342 et
2497 3289 2602 3343 erit
2626 3287 2680 3342 in
2713 3287 2800 3342 die
2824 3288 2935 3353 illa,
2971 3288 3105 3343 dicit
3138 3289 3417 3356 Dominus,
3450 3293 3569 3345 dua:
3596 3306 3722 3359 pan-

2131 3390 2212 3437 les
2238 3381 2510 3450 peribunt,
2537 3390 2593 3436 ct
2615 3382 2890 3447 deficient,
2941 3381 3159 3435 tertiam
3206 3391 3388 3437 autem
3439 3382 3725 3437 traducem

2124 3488 2223 3544 per
2257 3472 2461 3542 ignem,
2494 3481 2547 3528 et
2572 3488 2724 3527 uram
2742 3488 2848 3529 eos.
2894 3473 3036 3528 sicut
3091 3474 3267 3529 uritur
3312 3485 3622 3545 argentum,
3669 3485 3725 3532 et

2125 3565 2368 3635 probabo
2396 3581 2512 3629 eos,
2542 3577 2600 3618 ut
2630 3566 2893 3634 probatur
2925 3580 3120 3620 aurum
3150 3565 3222 3621 ‘°.
3256 3584 3275 3618 ι
3307 3566 3465 3635 Qum,
3491 3580 3723 3636 quomo-

2128 3659 2198 3714 do
2229 3659 2592 3728 probabiliter
2614 3658 2966 3729 intelligenda
2994 3668 3201 3725 essent,
3224 3674 3323 3729 pro
3350 3658 3490 3712 virili
3538 3667 3725 3714 nostra

2126 3755 2497 3826 exposuimus.
2530 3751 2694 3809 Nunc
2712 3769 2932 3825 quoque
2962 3753 3125 3807 verba
3170 3752 3271 3807 ista
3308 3752 3375 3805 ad
3417 3748 3722 3806 Jerusalem

2126 3858 2395 3917 spectant,
2419 3863 2539 3918 qua:
2574 3846 2986 3915 insanoimpetu
3008 3846 3061 3899 in
3093 3843 3273 3901 scelus
3299 3844 3568 3909 ruerit,et
3596 3858 3727 3914 cap-

2128 3942 2360 3996 tivitatis
2397 3940 2615 3997 modum
2641 3938 2797 3994 nobis
2858 3936 3159 3993 declarant.
3191 3936 3278 3991 Ait
3322 3936 3467 3990 enim
3494 3951 3510 3991 :
3541 3953 3561 3987 ι
3585 3934 3726 3992 Ecce

2128 4034 2245 4090 dies
2272 4034 2559 4099 Domini,»
2599 4024 2701 4087 hoc
2727 4038 2833 4096 est,
2864 4047 3002 4101 quos
3033 4031 3123 4085 ille
3144 4044 3297 4099 aaqua
3350 4029 3623 4085 sententia
3668 4040 3725 4085 et

2122 4127 2272 4196 justo
2301 4126 2510 4193 judicio
2545 4125 2769 4180 inducit.
2810 4125 3008 4179 Verum
3058 4130 3142 4177 cst
3196 4136 3433 4192 namque
3490 4121 3634 4191 quod
3670 4132 3727 4176 et

2128 4236 2226 4291 per
2265 4219 2429 4273 alium
2485 4218 2810 4288 prophetam
2831 4216 3013 4271 didit:
3073 4232 3092 4266 ι
3125 4214 3242 4270 Νοιι
3284 4224 3371 4271 est
3412 4214 3616 4269 malum
3667 4215 3722 4270 in

2130 4312 2374 4378 civitate,
2408 4310 2553 4380 quod
2582 4310 2844 4366 Dominus
2868 4324 2973 4364 non
3008 4306 3142 4364 fecit
3170 4309 3239 4361 δι.
3296 4326 3316 4361 ι
3372 4305 3520 4364 Nihil
3572 4305 3722 4361 enim

2130 4414 2326 4461 estex
2378 4404 2468 4470 iis,
2516 4419 2639 4475 quae
2692 4403 3007 4459 universam
3089 4402 3368 4457 civitatem
3444 4400 3725 4473 exagitare

2133 4508 2358 4569 queant,
2388 4497 2532 4566 quod
2561 4511 2666 4551 non
2697 4495 2859 4552 liceat
2888 4494 3091 4561 dicere,
3148 4493 3241 4549 illo
3264 4493 3610 4561 immittente,
3670 4506 3727 4549 et

2133 4591 2461 4660 impotenter
2495 4589 2546 4645 in
2576 4588 2786 4646 scelera
2819 4588 3230 4658 praecipitantes
3256 4587 3434 4657 pcenis
3487 4586 3724 4641 multane

416 4683 494 4755 μὴ
524 4682 867 4756 πράττεσθαί
891 4700 1074 4755 φαμεν
1095 4684 1342 4753 ἐφιέντος
1364 4683 1555 4753 αὐτοῦ,
1578 4685 1676 4739 καὶ
1702 4686 2025 4758 πλημμελη-

2134 4684 2371 4748 volente,
2399 4680 2515 4736 ﬁeri
2564 4696 2634 4737 ac
2680 4680 3006 4751 perpetrari.
3041 4678 3406 4748 Quamobrem
3462 4678 3607 4734 illius
3651 4680 3728 4734 ait

416 4779 608 4849 μάτων
641 4778 800 4842 δίκας
827 4777 1065 4843 ἐξαιτεῖν
1085 4777 1366 4842 ἐθέλοντος
1390 4779 1520 4842 τοὺς
1550 4780 1803 4850 ἁσχέτοις
1822 4780 2024 4852 ὁρμαῖς

2129 4792 2252 4833 esse
2279 4776 2418 4841 dies,
2442 4774 2587 4844 quod
2611 4788 2674 4828 ea
2704 4774 3115 4840 denuntientur,
3135 4787 3256 4843 quae
3287 4772 3355 4827 ab
3384 4770 3503 4840 ejus
3526 4771 3605 4826 ira
3631 4787 3728 4839 ex:

416 4871 511 4924 ἐπὶ
546 4870 617 4924 τὰ
645 4869 826 4939 φαῦλα
857 4871 1198 4943 διᾴττοντας.
1229 4870 1444 4925 Οὐκοῦν
1478 4870 1645 4924 αὐτοῦ
1688 4888 1854 4943 φησιν
1883 4866 2024 4925 εῖναι

2128 4865 2424 4936 spectanda
2444 4864 2575 4919 sint.
2621 4861 2867 4918 Fuerunt
2911 4862 3058 4918 enim
3116 4858 3502 4916 contumeliosi
3527 4857 3726 4914 intole-

413 4961 517 5027 τὰς
545 4960 788 5034 ἡμέρας,
821 4961 910 5017 διὰ
937 4961 1000 5016 τὸ
1031 4962 1462 5033 ἐπαγγέλλεσθαι
1488 4963 1608 5017 κατ’
1633 4963 1803 5035 ὀργὴν
1835 4963 2022 5019 αὐτοῦ.

2132 4960 2361 5014 randum
2442 4959 2497 5012 in
2549 4956 2794 5021 modum,
2842 4970 2967 5010 cum
3017 4954 3217 5010 occisis
3256 4953 3537 5025 prophetis
3557 4952 3724 5007 etiam

417 5058 871 5128 Πεπαρῳνήκασι
916 5055 1027 5129 γὰρ
1081 5055 1336 5128 φορητῶς
1385 5057 1608 5121 οὐκέτι,
1657 5057 2023 5122 ἀπεκτονότες

2130 5050 2252 5106 Filii
2286 5065 2472 5106 necem
2508 5048 2849 5118 adjecerunt.
2875 5047 3015 5115 Quid
3045 5062 3213 5116 porro
3258 5047 3465 5101 diebus
3492 5046 3598 5101 illis
3630 5043 3717 5098 [ηερ

415 5149 522 5220 μὲν
556 5149 685 5212 τοὺς
732 5149 1040 5219 προφήτας,
1084 5146 1416 5219 προσθέντες
1445 5147 1502 5200 δὲ
1536 5145 1745 5211 τούτοις
1794 5147 1892 5202 καὶ
1936 5147 2028 5201 τὸν

2135 5154 2326 5198 turunr
2353 5142 2445 5206 sit,
2472 5141 2651 5212 aperit
2696 5140 2782 5195 his
2831 5140 3049 5196 verbis:
3093 5158 3113 5192 ι
3146 5140 3214 5195 Et
3259 5138 3503 5195 dividant
3552 5137 3724 5209 spolia

417 5241 573 5295 Υἰόν.
606 5240 671 5293 Τί
699 5240 757 5293 δὲ
802 5240 865 5293 τὸ
896 5239 1156 5311 ἐσόμενον
1198 5240 1257 5292 ἐν
1309 5241 1430 5302 ταῖς
1482 5240 1719 5311 ἡμέραις
1763 5241 2024 5305 ἐκείναις,

2138 5246 2226 5290 tua
2267 5236 2317 5289 in
2350 5244 2400 5289 te
2429 5239 2799 5305 (congregata:
2842 5233 3096 5287 videlicet
3137 5246 3330 5287 omnes
3359 5240 3626 5301 geutes;,.
3673 5239 3729 5285 et

415 5332 715 5403 σαφηνίζει
744 5333 921 5402 λέγων
941 5349 955 5363 ο
989 5351 1009 5386 ι
1038 5332 1152 5387 Καὶ
1178 5329 1594 5404 διαμεριοῦνται
1623 5332 1692 5386 τὰ
1725 5332 1904 5386 σκῦλά
1930 5349 2026 5385 σου

2136 5328 2386 5398 diripiant
2416 5327 2629 5393 domos,
2665 5327 2924 5380 mulieres
2946 5340 3066 5380 cum
3100 5322 3401 5378 infantibus
3460 5321 3733 5376 violenter

415 5431 478 5480 ὲν
510 5426 595 5479 σοὶ
628 5425 1129 5498 (συναγηγερμένα
1156 5424 1401 5496 δηλονότι
1431 5424 1607 5478 πάντα
1636 5426 1703 5478 τὰ
1736 5424 1903 5496 ἔθνη)
1935 5425 2032 5478 καὶ

2136 5421 2370 5491 rapiant.
2405 5419 2578 5484 Tunc,
2602 5419 2800 5487 inquit,
2833 5416 3006 5470 media
3040 5429 3167 5484 pars
3213 5411 3458 5469 civitatis
3479 5411 3731 5481 egredie—

414 5517 821 5591 διαρπάζονται
873 5518 972 5589 μὲν
1019 5517 1233 5583 οἰκίας,
1283 5517 1483 5587 γύναια
1537 5517 1596 5570 δὲ
1647 5516 2028 5588 περιέλκοντες

2137 5527 2220 5570 tur
2265 5531 2315 5570 Ill
2336 5515 2733 5586 captivitatem.
2781 5530 2800 5565 ι
2838 5508 3203 5568 Feruutenim
3243 5506 3545 5570 ltomanos,
3573 5512 3729 5570 capta

417 5610 646 5678 νηπίοις
675 5609 832 5683 ὁμοῦ.
869 5610 1004 5665 Τότε
1032 5610 1163 5682 γὰρ,
1192 5611 1346 5683 φησι,
1377 5610 1439 5665 τὸ
1466 5611 1641 5681 ἥμισυ
1676 5609 1779 5678 τῆς
1823 5608 2031 5673 πόλεως

2137 5613 2270 5663 urbe
2299 5607 2671 5663 resistentium
2699 5606 2799 5660 sibi
2834 5600 3170 5673 impudentia
3189 5599 3454 5670 neglecta,
3472 5607 3526 5654 et
3552 5599 3727 5667 ipsum

491 5785 542 5818 ι⁶
579 5787 599 5839 ι
632 5786 776 5842 Petr.
809 5804 871 5854 ll,
911 5786 961 5839 9.
1044 5786 1085 5817 ³⁷
1124 5786 1261 5843 Osee
1287 5802 1348 5850 ιι,
1381 5786 1469 5841 2i.
1550 5785 1592 5817 ³⁸
1629 5788 1728 5841 lsc.
1770 5803 1804 5855 I,
1841 5786 1940 5841 15..
2011 5786 2036 5817 ⁸“

2122 5785 2472 5851 lalaclt..x:n,
2517 5785 2565 5837 7.
2648 5783 2692 5814 “
2730 5781 2843 5836 Ibid
2894 5784 2949 5842 8.
2978 5781 3029 5833 υ.
3108 5778 3150 5809 ⁴¹
3181 5777 3343 5832 Amm
3379 5790 3465 5837 ιιι,
3496 5771 3554 5829 6.
