4098 6522
346 370 463 424 245

345 491 486 550 τοὺς
521 487 978 554 συνασπίζοντας,
997 489 1088 541 καὶ
1113 491 1232 551 ταῖς
1253 491 1361 544 τῶν
1389 491 1665 562 πολεμίων
1694 489 1953 560 φάλαγξι,

349 578 860 643 κατεξανιστῶντος
884 579 943 632 τὸ
974 580 1233 652 μάχιμον.
1265 583 1484 636 Nasica!
1517 601 1579 652 γε
1618 583 1722 653 μὴν
1763 581 1838 645 ὡς
1863 582 1955 634 ἐπὶ

346 672 518 736 Θεοῦ,
549 672 838 743 μονονουχὶ
868 675 1254 745 συμπαρόντος
1283 693 1342 728 τε
1370 675 1466 729 καὶ
1491 693 1954 747 συμπαραταττο-

349 766 525 834 μένου
583 767 698 829 τοῖς
747 765 926 820 ἔθνεσι
971 770 1086 830 τοῖς
1133 767 1466 840 καταδηοῦσι
1510 769 1610 840 τὴν
1670 769 1952 836 Ἰουδαίαν,

346 861 740 932 πεπορθηκόσι
773 863 830 915 δὲ
865 862 958 915 καί
986 863 1126 916 αὐτὰ
1156 863 1227 917 τά
1267 866 1643 935 Ἱεροσόλυμα.

419 954 778 1024 Μεμνήμεθα
811 956 888 1019 δὲ,
938 956 1019 1009 ὅτι
1064 957 1160 1009 καὶ
1193 960 1250 1010 ἐν
1297 957 1636 1028 παραϐολαῖς
1667 956 1956 1025 εὐαγγελι-

348 1050 480 1111 καῖες
529 1049 776 1102 τοιοῦτόν
823 1051 875 1102 τι
918 1069 1100 1122 φησιν.
1143 1053 1201 1104 '0
1242 1053 1341 1123 μὲν
1375 1054 1485 1124 γὰρ
1533 1052 1786 1122 βασιλεὺς
1828 1052 1954 1115 τοὺς

349 1139 573 1208 γάμους
606 1140 872 1194 ἐπιτελῶν
905 1143 982 1213 τῷ
1016 1143 1115 1212 υἱῷ
1146 1144 1334 1208 αὐτοῦ,
1368 1146 1626 1215 πέπομφε
1657 1147 1785 1208 τοὺς
1809 1145 1956 1198 οἰκέ-

350 1247 452 1292 τας
487 1231 841 1301 συναγείρειν
874 1235 1000 1296 τοὺς
1049 1235 1442 1305 κεκλημένους.
1481 1237 1542 1288 Οἱ
1592 1236 1647 1288 δὲ
1692 1236 1819 1298 τοὺς
1857 1253 1957 1288 κα-

349 1323 586 1387 λοῦντας
636 1326 871 1390 ἀνοσίως
921 1327 1381 1398 περιυϐρίσαντες
1425 1332 1521 1382 καὶ
1570 1328 1950 1393 ἀπεκτονότες,

348 1413 670 1470 τελευταῖον
716 1419 806 1470 ἐπ’
856 1420 1040 1483 αὐτοῖς
1066 1421 1421 1492 διεχρήσαντο
1448 1423 1540 1475 τὸν
1571 1424 1703 1477 υἱόν.
1740 1420 1874 1478 Εἶτα
1900 1423 1953 1476 τι

350 1525 490 1574 φησι
517 1509 619 1577 τῆς
649 1512 970 1582 παραϐολῆς
997 1517 1024 1567 ὁ
1049 1513 1208 1582 λόγος
1232 1533 1244 1579 ;
1283 1534 1300 1566 ι
1326 1516 1383 1568 Ὀ
1409 1516 1464 1568 δὲ
1500 1516 1756 1584 βασιλεὺς
1786 1516 1955 1587 ὠργί-

351 1597 485 1667 σθη,
527 1601 622 1653 καὶ
656 1601 882 1672 πέμψας
916 1605 983 1656 τὰ
1019 1606 1411 1676 στρατεύματα
1458 1607 1647 1669 αὑτοῦ,
1702 1608 1954 1661 ἀπώλεσε

345 1691 480 1752 τοὺς
511 1693 695 1758 φονεῖς
744 1693 1018 1758 ἐκείνους,
1056 1696 1150 1748 καὶ
1179 1696 1279 1768 τὴν
1311 1698 1464 1751 πόλιν
1496 1698 1678 1751 αὐτῶν
1728 1699 1957 1770 ἐνέπρη-

346 1796 464 1834 σεν.
508 1800 529 1832 ι
565 1783 762 1836 Ἔσται
805 1783 868 1855 δὴ
914 1781 1092 1839 οὖνέν
1129 1788 1249 1858 ἴσῳ,
1291 1791 1459 1859 φησι,
1510 1792 1622 1853 τοῖς
1665 1791 1723 1843 ἐν
1769 1791 1954 1863 ἡμέρᾳ

345 1876 721 1944 παρατάξεως
752 1879 1239 1952 ἀντανισταμένοις
1264 1882 1530 1951 γεννικῶς
1579 1883 1673 1936 καὶ
1702 1884 1955 1939 δαπανῶ-

346 1983 436 2018 σιν
469 1968 710 2039 ἐχθροῖς.
731 1971 1034 2036 Ἀπόδειξις
1062 1971 1120 2026 δὲ
1150 1974 1307 2027 τοῦτο
1341 1975 1442 2044 τῆς
1467 1977 1542 2038 εἰς
1571 1975 1725 2046 λῆξιν
1755 1977 1950 2047 ὀργῆς,

342 2059 446 2111 καὶ
471 2063 797 2132 νικημάτων
828 2066 938 2118 τῶν
969 2067 1256 2132 ἀνωτάτω,
1290 2069 1383 2122 καὶ
1413 2071 1644 2139 ἰσοπαλῆ
1671 2070 1770 2140 τὴν
1793 2071 1952 2140 νίκην

342 2149 655 2218 ἐπάγοντος
673 2155 784 2216 τοῖς
804 2155 882 2219 εἰς
907 2156 1068 2210 αὐτὸν
1089 2163 1569 2232 πεπαρῳνηκόσιν,
1591 2165 1643 2214 Ἀ
1654 2181 1716 2217 πε
1727 2163 1951 2216 κτόνασι

341 2241 482 2312 γάρ,
518 2243 592 2308 ὼς
621 2244 776 2318 ἔφην,
804 2248 894 2301 τὸν
927 2252 1169 2321 ἀρχηγὸν
1198 2255 1295 2324 τῆς
1329 2255 1497 2324 ζωῆς.
1540 2258 1760 2328 Ἐπειδὴ
1791 2259 1847 2310 δὲ
1879 2256 1949 2311 τά

339 2334 501 2406 πέρα
564 2337 746 2405 λόγου,
799 2343 893 2394 καὶ
945 2343 1224 2413 θαύματος
1271 2348 1473 2416 πρέποι
1527 2348 1593 2402 ἂν
1641 2352 1804 2420 αὐτῇ,
1857 2351 1952 2403 καὶ

340 2427 494 2500 μόνῃ
525 2427 790 2483 δύνασθαι
823 2434 1127 2505 κατορθοῦν
1155 2441 1221 2509 τῇ
1260 2440 1368 2491 τῶν
1399 2441 1536 2493 ὅλων
1569 2441 1803 2512 βασιλίδι
1849 2443 1952 2512 φύ-

344 2534 450 2582 σ;ν,
501 2520 676 2594 ταύτῃ
713 2541 794 2575 τοι
837 2528 1002 2595 φησιν
1047 2530 1122 2592 ὡς
1152 2549 1170 2581 ‹
1208 2531 1505 2602 Στήσονται
1549 2535 1649 2603 μὲν
1693 2536 1744 2586 οι
1792 2536 1952 2598 πόδες

337 2608 541 2701 αὐτοῦ,
598 2611 755 2682 δῆλον
790 2615 848 2667 δὲ
897 2618 978 2670 ὅτι
1023 2620 1283 2690 Χριστοῦ,
1330 2625 1390 2674 ὲν
1424 2626 1488 2694 τῇ
1532 2624 1716 2695 ἡμέρᾳ
1766 2627 1950 2701 ἐκείνῃ

333 2701 438 2752 ἐπὶ
469 2700 545 2752 -τὸ
589 2702 715 2774 ὅρος
749 2707 857 2760 τῶν
897 2709 1144 2766 Ἐλαιῶν.
1188 2732 1206 2764 ι
1256 2714 1329 2767 Τὸ
1357 2716 1411 2769 δὲ
1456 2717 1638 2788 ῥήξεις
1689 2700 1952 2790 ὑπομενεί

334 2794 644 2865 τέσσαρας,
675 2799 768 2852 δύο
808 2801 926 2871 μὲν,
954 2805 1034 2867 εἰς
1063 2805 1143 2875 ἠῶ
1171 2824 1229 2859 τε
1257 2809 1351 2861 καὶ
1385 2812 1463 2872 εἰς
1487 2813 1749 2883 ἑσπέραν,
1781 2816 1950 2886 ἤγουν

337 2890 425 2952 εἰς
479 2889 760 2944 θάλασσαν
809 2895 994 2963 (οὕτω
1041 2900 1151 2968 γάρ
1201 2901 1294 2953 τὸν
1357 2903 1457 2972 τῆς
1507 2906 1747 2975 ἑσπέρας
1786 2909 1950 2962 τόπον

334 2983 648 3037 ἀποκαλεῖν
693 2985 809 3050 ἔθος
844 2992 906 3059 τῇ
955 2990 1299 3064 θεοπνεύστῳ
1349 2996 1538 3067 Γραφῇ
1566 2998 1618 3066 )·
1649 2999 1716 3051 τά
1745 3016 1806 3066 γε
1843 3003 1948 3070 μὴν

335 3075 511 3144 ἔτερα
544 3076 638 3129 δύο
680 3081 1052 3135 κατανεύοντά
1085 3101 1232 3148 πως,
1280 3087 1342 3138 τὸ
1377 3089 1475 3154 μὲν
1509 3091 1586 3151 εἰς
1616 3089 1817 3161 ἄρκτον
1854 3093 1948 3144 καὶ

337 3168 575 3240 βορρᾶν,
607 3172 666 3224 τὸ
695 3173 751 3225 δὲ
785 3175 866 3236 εἰς
894 3177 1064 3246 κλῖμα
1095 3179 1156 3230 τὸ
1184 3181 1379 3234 νότιον.
1410 3185 1945 3256 Καταρραγήσεσθαι

338 3260 362 3284 If

336 3350 638 3422 πληρῶσαι
681 3355 976 3426 φάραγγας
996 3401 1009 3420 ,
1044 3361 1326 3432 ἀδοκήτως
1357 3369 1863 3437 κατασεσεισμένας
1892 3373 1949 3435 ἐς

350 3441 594 3512 Ἀσαήλ·
637 3445 800 3515 κώμη
851 3447 903 3499 δὲ
942 3448 1080 3518 αὕτη
1118 3451 1256 3521 πρὸς
1302 3454 1604 3524 ἐσχατιαῖς,
1649 3457 1724 3520 ὡς
1770 3458 1947 3527 λόγος,

332 3533 438 3586 τοῦ
479 3535 644 3605 ὅρους
681 3541 934 3608 κειμένη.
970 3542 1304 3613 Παρεικάζει
1350 3563 1412 3615 γε
1445 3548 1551 3618 μὴν
1577 3549 1668 3601 τον
1695 3545 1794 3602 (ῗιδε
1830 3551 1948 3604 δια-

335 3628 512 3700 ϐριθῆ
565 3633 791 3701 σεισμὸν
849 3634 924 3704 τῷ
973 3639 1330 3710 γεγενημένῳ
1381 3643 1524 3694 κατά
1575 3645 1803 3714 καιροὺς
1851 3647 1948 3699 ἐπὶ

349 3720 560 3787 Ὀζίου,
612 3724 704 3777 τοῦ
757 3727 850 3779 καὶ
909 3722 1184 3798 ’Λζαρίου.
1240 3733 1461 3805 Ἐπειδὴ
1512 3735 1622 3806 γάρ
1668 3739 1796 3800 τοὺς
1848 3739 1949 3809 τῆς

341 3813 629 3882 βασιλείας
663 3817 865 3871 διέπων
898 3819 1109 3886 θώκους
1162 3827 1217 3876 ἐν
1251 3829 1363 3888 τοῖς
1402 3827 1816 3899 Ἰεροσολύμοις,
1850 3832 1946 3886 ἅτε

335 3906 406 3974 δὴ
453 3909 549 3960 καὶ
609 3909 875 3979 ὑπάρχων
927 3916 989 3967 ὲκ
1029 3915 1128 3985 τῆς
1181 3917 1352 3970 Ἰοῦδα
1401 3919 1593 3991 φυλῆς,
1642 3923 1944 3994 τετόλμηκε

337 3998 682 4068 παρανόμως
731 4001 840 4053 τῶν
897 4002 997 4072 τῆς
1049 4005 1348 4076 ἱερωσύνης
1407 4009 1648 4077 ἅψασθαι
1697 4013 1945 4086 λειτουρ-

335 4088 499 4154 γιῶν,
538 4089 874 4163 λελέπρωται
913 4096 1012 4165 μὲν
1056 4097 1241 4162 εὐθὺς,
1287 4099 1422 4152 Θεοῦ
1461 4101 1518 4154 δὲ
1575 4104 1637 4174 δὴ
1681 4107 1802 4159 τότε
1844 4109 1944 4178 τὴν

337 4181 434 4232 ἐπὶ
487 4182 703 4246 τούτοις
746 4184 918 4258 ὀργὴν
961 4189 1339 4258 ἐμφαίνοντος,
1386 4193 1717 4266 κατεδονήθη
1754 4197 1942 4262 δεινῶς

334 4272 449 4325 τῶν
487 4273 758 4329 Ἰουδαίων
795 4280 827 4349 ἡ
865 4282 1041 4349 χώρα,
1075 4283 1168 4334 καὶ
1203 4283 1338 4337 αὐτὰ
1376 4285 1431 4337 δὲ
1454 4285 1522 4338 τὰ
1563 4287 1936 4361 Ἱεροσόλυμα.

336 4364 450 4416 Καὶ
492 4364 571 4435 δὴ,
607 4367 699 4419 καί
751 4387 885 4437 φασι
941 4371 1001 4425 τὸ
1051 4373 1180 4444 ὅρος
1218 4376 1278 4428 τὸ
1327 4375 1464 4429 Σιὼν
1515 4381 1767 4434 τοσοῦτον
1805 4385 1938 4437 ὑπο-

335 4457 526 4523 μεῖναι
561 4458 771 4524 κλόνον,
805 4461 882 4525 ὡς
933 4465 1168 4533 ῥαγῆναι
1221 4468 1320 4537 μὲν
1376 4471 1456 4533 εἰς
1501 4471 1593 4525 δύο
1647 4477 1937 4544 τμήματα,

336 4549 693 4619 ἐμφραγῆναι
758 4551 814 4606 δὲ
857 4557 978 4617 ταῖς
1025 4562 1466 4631 παρακειμέναις
1515 4566 1788 4635 φάραγξι,
1837 4569 1936 4633 τὰς

1191 371 1736 429 COMMENTARIUS
1777 371 1841 425 IN
1885 369 2282 425 ZACHARIUI
2325 370 2764 426 PROPHETAM.
3548 374 3654 429 εει»

1987 491 2034 546 Α
2064 488 2300 543 hostium
2343 489 2642 560 phalangas
2706 491 3008 544 exercitum
3061 498 3451 548 exsttscttanle.
3489 494 3650 548 Acci-

2059 582 2254 652 pienda
2288 592 2613 636 suntautem
2637 590 2696 635 ut
2721 583 2788 636 de
2815 583 2941 648 Deo,
2974 589 3183 638 tantum
3214 601 3318 638 non
3358 597 3646 654 praesente,

2059 680 2112 725 et
2139 671 2301 725 simul
2325 672 2376 724 in
2413 673 2528 724 acie
2547 679 2726 726 stante
2748 688 2868 726 cum
2905 673 3157 737 gentibus
3184 671 3423 728 Juda-atn
3459 691 3649 745 perva-

2064 763 2358 828 stantibus,
2385 763 2547 834 797
2576 764 2856 833 ipsamque
2886 763 3320 835 Hierosolymam
3347 768 3648 820 evertenti-

2058 866 2180 908 Dus.

2130 945 2482 1002 Meminimus
2531 961 2694 1016 porro
2733 947 2898 1002 etiam
2943 947 2996 1002 in
3029 948 3302 1015 parabolis
3325 951 3670 1021 evangelicis.

2060 1037 2168 1092 tale
2233 1039 2487 1107 quiddam
2559 1049 2798 1094 exstare.
2879 1039 3001 1092 Rex
3058 1043 3203 1094 enim
3263 1041 3376 1093 lilio
3439 1041 3651 1109 nuptias

2062 1131 2292 1194 faciens,
2317 1131 2668 1186 misitservos
2697 1147 2824 1184 suos
2847 1142 2903 1184 ut
2937 1131 3195 1185 invitatos
3225 1142 3644 1203 congregarent.

2057 1221 2156 1276 Ast
2190 1221 2260 1274 illi
2294 1239 2416 1274 cum
2455 1231 2710 1276 vocantes
2733 1223 2894 1290 impie
2942 1233 2995 1277 et
3025 1224 3445 1291 injuriosissime
3507 1241 3652 1280 tece-

2059 1322 2180 1382 ptos
2208 1312 2863 1378 occidissent,novissime
2884 1316 3048 1369 etiam
3083 1315 3249 1370 lilium
3277 1331 3646 1386 peremerunt.

2059 1405 2200 1470 Quid
2239 1405 2434 1460 deinde
2466 1406 2762 1474 parabole?
2796 1425 2813 1457 ι
2847 1406 2959 1462 Rex
2989 1419 3167 1464 autem
3226 1409 3398 1465 iratus
3437 1420 3540 1478 est,
3597 1421 3650 1468 et

2061 1499 2246 1552 missis
2273 1500 2606 1554 exercitibus
2638 1501 2754 1555 suis
2779 1502 3014 1568 perdidit
3049 1503 3352 1559 homicidas
3398 1506 3541 1571 illos,
3596 1520 3646 1561 et

2059 1591 2338 1644 civitatem
2375 1591 2588 1646 illorum
2621 1595 2902 1648 succendit
2935 1594 3001 1649 “.
3037 1614 3056 1648 ι
3081 1595 3310 1652 Perinde
3335 1598 3498 1669 igitur
3523 1601 3647 1663 erit.

2060 1686 2255 1755 inquit,
2280 1697 2341 1738 ut
2375 1701 2497 1739 cum
2530 1686 2580 1740 in
2605 1687 2694 1740 die
2719 1686 3002 1743 conﬂictus
3051 1703 3313 1758 generose
3357 1691 3412 1746 in
3469 1693 3651 1748 hostes

2061 1795 2231 1847 usque
2269 1781 2335 1833 ad
2369 1779 2798 1834 internecionem
2825 1779 3290 1850 insurgitur.Qu:e
3322 1783 3654 1839 demonstra-

1988 1881 2027 1935 B
2061 1873 2134 1928 tio
2168 1884 2250 1927 cst
2284 1876 2376 1928 irae
2406 1885 2685 1936 extremae,
2713 1883 2767 1929 et
2800 1875 3044 1930 victoria:
3075 1876 3337 1942 cmlestis,
3401 1887 3453 1932 et
3499 1879 3566 1934 iis
3623 1897 3650 1932 ιι

2059 1967 2254 2034 quibus
2285 1968 2547 2034 probrose
2569 1977 2652 2019 est
2707 1965 2951 2034 habitus,
2995 1968 3146 2036 paria
3189 1983 3314 2022 cum
3380 1970 3650 2040 triumpho

2063 2063 2436 2117 remetientis.
2486 2059 2880 2115 interfecerunt
2912 2061 3078 2125 enim,
3118 2071 3178 2116 ut
3208 2061 3344 2126 dixi,
3373 2072 3646 2118 auctorem

2057 2159 2182 2210 vitae
2207 2156 2270 2208 ⁸⁸.
2303 2155 2570 2222 Quoniam
2654 2169 2785 2209 vero
2841 2153 3012 2222 ipsam
3071 2164 3126 2208 et
3178 2154 3348 2208 solam
3409 2155 3648 2208 omnium

2057 2251 2298 2319 reginam
2325 2259 2570 2301 naturam
2597 2247 2750 2301 decet
2788 2261 3005 2300 omnem
3031 2246 3292 2300 orationis
3337 2246 3648 2301 facultatem

2055 2353 2111 2397 et
2183 2341 2596 2394 admirationem
2686 2339 2998 2408 superantia
3095 2339 3353 2407 praeclare
3435 2338 3648 2394 elliceri-

2057 2449 2236 2503 posse,
2283 2434 2400 2486 ideo
2432 2431 2610 2486 dicit:
2654 2449 2672 2481 ι
2701 2429 2936 2484 Stabunt
2989 2430 3152 2497 pedes
3203 2429 3342 2498 ejus,
3391 2450 3408 2482 ι
3446 2429 3647 2484 Christi

2056 2528 2266 2595 utique,
2296 2545 2314 2577 ι
2345 2528 2397 2581 in
2440 2527 2528 2581 die
2558 2527 2644 2580 illa
2675 2539 2840 2594 super
2862 2531 3096 2579 montem
3153 2524 3443 2577 olivarum.
3476 2543 3495 2576 ι
3550 2524 3648 2590 Qui

2056 2629 2290 2689 quatuor
2361 2629 2614 2687 rupturas
2691 2620 2948 2688 patietur,
3003 2621 3136 2672 duas
3188 2616 3407 2688 quidem
3469 2627 3650 2686 partes

2053 2713 2320 2765 orientem
2369 2721 2419 2766 et
2447 2728 2700 2766 occasum
2725 2727 2935 2778 versus,
2965 2711 3078 2766 sive
3109 2711 3174 2764 ad
3216 2726 3364 2766 mare
3390 2712 3489 2779 (sic
3507 2714 3648 2764 enim

2055 2806 2313 2859 divinitus
2344 2805 2608 2871 inspirata
2638 2805 2920 2873 Scriptura
2997 2815 3206 2874 partem
3259 2803 3647 2859 occidentalem

2055 2899 2330 2965 appellare
2359 2899 2846 2965 consuevit),alias
2879 2897 3013 2950 duas
3039 2897 3345 2960 tendentes,
3385 2911 3546 2949 unam
3582 2900 3646 2948 ad

2052 3001 2263 3042 arctmn
2295 3001 2348 3043 et
2373 2991 2702 3059 aquilonem,
2739 2991 3048 3044 alteramad
3078 2989 3479 3059 austrum.lpsa
3511 3004 3646 3054 quo...

2052 3099 2156 3151 que
2185 3083 2468 3136 cacumina
2505 3083 2780 3148 dii-optum
2813 3082 2876 3134 iri
2908 3083 3004 3144 ait,
3033 3091 3089 3134 ut
3115 3081 3321 3135 medias
3354 3081 3520 3135 valles
3541 3083 3648 3134 im-

2051 3177 2252 3245 pleant,
2283 3175 2581 3244 improviso
2607 3189 2876 3229 concussa
2907 3191 3078 3242 usque
3121 3175 3187 3228 ad
3228 3174 3411 3238 Asael,
3442 3175 3558 3244 qui,
3592 3187 3648 3228 ut

333 3259 398 3310 δὲ
447 3260 542 3312 καὶ
603 3263 776 3326 αὑτὰς
822 3265 926 3335 ἔφη
974 3269 1072 3330 τὰς
1127 3270 1413 3340 κορυφὰς,
1466 3273 1542 3335 ὡς
1595 3274 1693 3337 τάς
1744 3279 1944 3344 μεταξὺ

2056 3269 2251 3331 fertur,
2282 3269 2434 3321 vicus
2469 3278 2550 3321 est
2583 3267 2634 3320 in
2668 3274 2916 3322 extremo
2963 3282 3182 3322 recessu
3226 3267 3425 3321 montis
3489 3269 3643 3322 situs.

2055 3360 2348 3428 Comparat
2382 3369 2560 3412 autent
2587 3359 2730 3412 hunc
2759 3374 2982 3428 gravem
3019 3367 3389 3413 terratntotum
3430 3358 3530 3423 illi,
3555 3362 3644 3428 qui

2058 3451 2390 3522 temporibus
2431 3452 2576 3505 Ozire
2618 3452 2733 3505 sive
2795 3451 3006 3505 Azariae
3053 3452 3298 3520 contigit.
3351 3449 3643 3518 Postquam

2053 3548 2196 3600 enim
2239 3545 2630 3616 Hierosolymis
2657 3546 2708 3597 in
2759 3545 2955 3599 throno
2981 3547 3130 3618 regni
3163 3545 3477 3610 collocatus,
3519 3555 3576 3596 ut
3617 3559 3648 3598 e

2053 3638 2194 3692 tribu
2251 3637 2386 3690 Jnda
2436 3638 2771 3706 progenitus,
2853 3637 3214 3691 ministerium
3295 3635 3640 3692 sacerdotale

2054 3731 2299 3801 improbe
2327 3747 2488 3786 ausus
2511 3731 2974 3800 Capesseredepra
3003 3729 3234 3784 foedatus
3262 3738 3362 3794 est,
3376 3730 3483 3782 Deo
3507 3729 3652 3784 hane

2050 3828 2119 3879 ob
2157 3840 2379 3879 causam
2405 3839 2462 3878 se
2502 3825 2697 3878 iratum
2739 3826 3024 3894 prodente,
3071 3822 3407 3876 horribiliter
3434 3820 3646 3875 Judaeu-

2053 3920 2552 3988 rumregio,atque
2583 3920 2746 3972 etiam
2816 3920 2927 3986 ipsa
2994 3916 3364 3986 Hierosolyma
3422 3926 3645 3970 contre-

2049 4008 2265 4063 muit”.
2310 4012 2476 4063 Aiunt
2510 4011 2636 4063 item
2677 4011 2846 4078 ipsam
2877 4023 3096 4078 quoque
3136 4007 3265 4060 Sion
3296 4008 3366 4059 ita
3417 4020 3646 4074 quassa-

2051 4111 2182 4167 tam,
2213 4105 2345 4157 utin
2390 4105 2524 4157 duas
2561 4111 2742 4172 partes
2793 4102 3218 4169 dirumperetur,
3271 4111 3323 4154 et
3361 4099 3525 4152 valles
3553 4102 3641 4151 ad-

2041 4197 2288 4268 jacentcs
2318 4197 2460 4264 jugis
2505 4196 2621 4264 ejus
2671 4195 3044 4265 opplerentur.
3105 4191 3210 4247 Per
3257 4193 3632 4260 hujuscemodi

2047 4300 2391 4346 terrannotus
2429 4291 2688 4358 propheta
2720 4289 2875 4343 nobis
2910 4288 3124 4341 videtur
3159 4286 3305 4340 illum
3337 4287 3654 4350 insinuare,

2045 4399 2203 4452 quem
2241 4384 2292 4436 in
2318 4383 2618 4436 veneranda
2638 4382 2997 4436 crucilixione
3039 4379 3236 4434 factum
3297 4378 3636 4448 evangelica-

2047 4492 2163 4529 runt
2201 4477 2644 4546 praedicationum
2707 4475 2846 4528 sacri
2891 4473 3124 4527 ministri
3174 4481 3628 4526 commemorant.

2043 4568 2098 4622 ln
2129 4570 2212 4623 his
2241 4569 2405 4636 igitur
2440 4585 2562 4623 eum
2600 4583 2788 4623 casum
2838 4566 3008 4620 fusius
3043 4567 3286 4636 exponit.
3349 4565 3655 4620 Mattltatus.

338 4642 607 4711 κορυφάς.
645 4644 831 4697 Ἐοικε
862 4647 918 4700 δὲ
948 4648 1037 4702 διὰ
1064 4650 1269 4705 τούτων
1308 4656 1441 4725 ἡμῖν
1472 4659 1500 4710 ὁ
1527 4662 1816 4731 προφήτης
1843 4662 1933 4715 τὸν

2049 4662 2484 4730 sapientissimus
2515 4660 2844 4715 breviterita
2899 4669 3122 4713 narrat:
3162 4677 3182 4712 ι
3221 4657 3384 4713 Jesus
3447 4668 3629 4719 autem

337 4734 563 4804 σεισμὸν
595 4737 922 4809 ὑποδηλοῦν,
951 4741 1011 4795 ὃν
1041 4745 1098 4797 ἐν
1122 4745 1200 4816 τῷ
1235 4749 1404 4820 τιμίῳ
1442 4752 1662 4823 σταυρῷ
1701 4760 1935 4828 γεγενῆς-

333 4828 458 4879 σθαί
494 4847 660 4897 φασιν
686 4832 734 4884 οἱ
775 4834 884 4886 τῶν
912 4836 1285 4905 εὐαγγελικῶν
1314 4845 1689 4913 κηρυγμάτων
1719 4849 1931 4917 ἱερουρο

329 4923 436 4986 γοί.
494 4923 846 4996 Πλατυτερον
904 4929 1003 4998 μὲν
1061 4928 1152 4985 οὖν
1205 4936 1262 4987 ἐν
1311 4937 1520 5002 τούτοις
1567 4941 1594 4990 ὁ
1642 4945 1931 5012 προφήτης

330 5015 702 5085 διαμέμνηται
726 5021 820 5073 τοῦ
854 5023 1282 5095 συμϐεϐηκότος.
1336 5029 1396 5082 Ὀ
1427 5030 1483 5082 δέ
1513 5049 1576 5100 γε
1611 5033 1927 5102 σοφώτατος

330 5105 461 5174 ἡμῖν
514 5109 797 5173 Ματθαῖος
842 5113 1270 5185 ἐπιτεμνόμενος
1307 5119 1405 5188 τὴν
1457 5122 1735 5193 ἀφήγησιν
1780 5125 1924 5179 οὕτω

331 5195 516 5265 φησίν·
559 5217 578 5250 ι
603 5198 660 5252 Ὀ
695 5201 752 5254 δὲ
798 5203 1004 5273 Ἰησοῦς
1058 5207 1218 5260 πάλιν
1251 5209 1457 5279 κράξας
1490 5217 1640 5284 φωνῇ
1673 5218 1883 5288 μεγάλη
1907 5261 1919 5280 ,

327 5288 508 5359 ἀφῆκε
554 5292 614 5345 τὸ
667 5294 906 5366 πνεῦμα.
955 5299 1065 5351 Καὶ
1111 5299 1220 5352 ἰδοὺ
1267 5302 1328 5354 τὸ
1383 5310 1780 5379 καταπέτασμα
1826 5311 1918 5362 τοῦ

327 5383 456 5435 ναοῦ
493 5386 720 5459 ἐσχίσθη
769 5390 850 5451 εἰς
893 5389 1005 5455 δύο,
1040 5383 1146 5445 άπὸ
1178 5393 1384 5447 ἄνωθεν
1413 5398 1516 5460 ἕως
1552 5400 1723 5464 κάτω,
1760 5405 1851 5455 καὶ
1890 5405 1920 5474 ἡ

324 5477 392 5543 γῆ
440 5476 684 5545 ἐσείσθη,
717 5481 811 5535 καὶ
845 5485 899 5536 αἱ
932 5484 1128 5556 πέτραι
1171 5487 1520 5559 ἐσχίσθησαν,
1551 5493 1644 5544 καὶ
1682 5496 1749 5546 τά
1783 5513 1922 5567 μνη-

331 5570 454 5635 μεῖα
490 5570 868 5644 ἀνεῴχθησαν,
907 5579 1000 5632 καὶ
1047 5578 1218 5632 πολλὰ
1249 5579 1480 5651 σώματα
1507 5584 1616 5636 τῶν
1656 5603 1921 5660 κεκοιμη-

333 5661 513 5730 μένων
545 5663 718 5732 ἁγίων
748 5668 977 5740 ὴγέρθη.
1020 5691 1037 5724 ι
1061 5673 1276 5744 Ἐπειδὴ
1308 5673 1363 5727 δὲ
1396 5675 1500 5746 χρὴ
1532 5681 1645 5741 τοῖς
1669 5681 1920 5747 γεγονόσι

2044 4755 2506 4809 iteruniclamans
2542 4768 2672 4809 voce
2729 4769 2945 4822 magna,
3007 4752 3192 4806 emisit
3230 4751 3508 4820 spiritum.
3555 4749 3619 4804 Et

2041 4850 2216 4898 velum
2243 4847 2423 4915 templi
2462 4848 2690 4900 scissum
2727 4857 2809 4898 est
2855 4860 2880 4896 a
2909 4859 3121 4896 summo
3153 4858 3324 4910 usque
3351 4845 3650 4906 deorsmn,.

2039 4941 2206 5011 798
2237 4953 2289 4995 et
2323 4953 2466 4993 terra
2495 4950 2635 4992 mota
2667 4948 2772 5001 est,
2801 4947 2855 4989 et
2906 4947 3073 5005 petrae
3141 4934 3326 4990 scissae
3361 4942 3510 5000 sunt,
3575 4945 3629 4989 et

2036 5044 2384 5088 monmnenta
2413 5043 2599 5102 aperta
2623 5041 2772 5096 sunt,
2799 5039 2851 5083 et
2883 5028 3049 5081 multa
3069 5043 3298 5095 corpora
3314 5038 3625 5084 sanctorum

2039 5128 2128 5195 qui
2159 5127 2490 5180 dormiet-ant
2538 5131 2902 5177 surrexerunt
2928 5121 2996 5176 ⁸⁸.
3067 5140 3086 5173 ι
3122 5119 3186 5173 Ει
3250 5120 3510 5188 quoniam
3543 5120 3625 5174 his

2036 5235 2156 5288 qme
2179 5219 2522 5287 cootigernnt
2546 5216 2880 5286 probabilem
2917 5219 3186 5268 rationem
3229 5225 3420 5281 aptare
3459 5226 3626 5280 opor-

2035 5321 2131 5377 tet,
2160 5313 2604 5380 petrasdirnptas
2627 5320 2680 5363 et
2713 5309 2883 5364 valles
2899 5309 3184 5363 obturatas
3237 5322 3358 5362 esse
3409 5307 3620 5360 videtur

2027 5405 2427 5473 quodammodo
2459 5404 2766 5474 signiﬁcare
2831 5402 3139 5458 Judaorum
3184 5399 3608 5454 obemcatiouem

2025 5509 2078 5552 et
2106 5499 2518 5553 idololatrarnm
2548 5499 2614 5551 ad
2647 5498 2905 5552 salutaria
2931 5494 3356 5550 festinationem.
3389 5491 3451 5546 lli
3471 5492 3615 5545 enim

2024 5608 2144 5647 cum
2182 5605 2446 5648 creatura:
2507 5595 2686 5662 potius
2738 5593 3004 5646 servirent
3058 5605 3221 5658 quam
3270 5586 3518 5643 Creatori
3545 5588 3613 5651 ‘9,

2026 5685 2173 5739 velut
2214 5685 2487 5753 lapideum
2515 5700 2608 5739 cor
2629 5687 2932 5752 durumque
2958 5689 3014 5738 et
3073 5679 3391 5747 inﬂexibile,
3451 5692 3506 5735 et
3562 5681 3632 5735 in.

406 5838 447 5869 ""'
477 5847 664 5903 Matth.
697 5865 833 5916 χχιι,
866 5850 900 5904 2
929 5868 1082 5922 scqq.
1163 5858 1205 5887 ³⁸
1229 5856 1346 5912 Act.
1379 5877 1434 5915 ιιι
1492 5862 1576 5917 15.
1659 5865 1698 5894 ³⁷
1722 5864 1762 5918 ll
1789 5865 1942 5920 Paral

2049 5885 2153 5935 tm,
2191 5869 2379 5923 16-21.
2460 5868 2506 5901 “
2537 5867 2725 5923 Matth.
2759 5883 2930 5938 χχιιι,
2967 5867 3161 5926 50—52.
3207 5866 3425 5923 "Rom.
3460 5883 3497 5933 t,
3524 5864 3612 5923 25.
