4098 6470
212 316 319 371 ειν

1038 314 1597 373 COMMENTARIUS
1635 314 1701 371 lN
1742 313 2150 371 ZACHARIAM
2192 313 2633 372 PROPHETAM.

3404 320 3512 378 250

214 432 463 487 ἔικαιοσύ
498 447 531 507 η
553 448 567 461 ·
600 449 620 482 ι
649 433 726 496 ὡς
747 434 776 487 6
807 432 1097 500 θεσπέσιος
1122 438 1325 509 γράφει
1366 437 1602 502 Παῦλος,
1627 455 1646 488 ‹
1673 435 1813 498 Τοὺς

1918 434 2134 500 scribtt,
2197 451 2217 486 ι
2251 433 2455 489 Omnes
2491 448 2591 489 nos
2625 431 2968 488 manifestari
3010 442 3228 504 oportet
3256 444 3385 493 ante
3412 441 3512 494 tri-

215 524 424 584 πάντας
471 523 621 593 ἡμᾶς
668 523 753 577 δεῖ
784 524 1171 596 φανερωθῆναι
1220 528 1533 602 ἔμπροσθεν
1577 527 1671 581 τοῦ
1713 526 1811 597 βή’

216 631 382 686 ματος
412 613 509 666 τοῦ
542 615 808 688 Χριστοῦ,
857 618 943 671 ἵνα
984 618 1283 691 κομίσηται
1311 621 1541 685 ἕκαστος
1573 620 1644 674 τὰ
1687 619 1809 674 κατ’

213 710 368 776 ἀξίαν
396 709 539 781 πρὸς
570 708 607 763 ἃ
632 710 892 782 ἔπραξεν,
939 713 1051 766 εἴτε
1097 715 1301 782 ἀγαθὸν
1329 715 1439 770 εἴτε
1480 714 1706 785 φαῦλον.
1740 743 1810 756 --

214 801 367 865 Ἥξει
394 801 461 873 δὴ
502 796 619 866 οὖν,
658 804 805 874 ἥξει,
853 807 1009 877 φησι,
1056 809 1153 861 καὶ
1194 810 1396 875 πάντες
1428 812 1477 864 οἱ
1513 811 1657 879 ἅγιοι
1691 809 1808 881 μετ’

215 886 394 953 αὑτοῦ,
424 892 734 959 τουτέστιν,
758 896 791 965 ἡ
820 895 929 949 τῶν
960 898 1132 964 ἁγίων
1161 899 1412 967 ἀγγέλων
1442 900 1809 971 καθαρωτάτη

220 982 441 1048 πληθὺς,
479 983 861 1055 δορυφοροῦσαι
900 989 1143 1055 πάντως,
1185 992 1279 1046 καὶ
1321 992 1666 1064 ὑπουργικὴν
1705 994 1811 1045 εἰσ-

219 1074 452 1143 φέρουσα
479 1077 580 1146 τὴν
604 1079 975 1148 παράστασιν.
1006 1081 1211 1153 Κύριος
1242 1084 1353 1155 γάρ
1387 1086 1504 1137 ἐστι
1536 1084 1645 1138 τῶν
1669 1084 1808 1138 ὅλων
1827 1078 1847 1090 ⁸

214 1168 241 1219 6
277 1165 634 1240 Ἐμμανουὴλ
662 1211 676 1233 ,
728 1175 823 1226 καὶ
874 1173 1236 1244 δοξολογείται
1285 1177 1437 1250 παρὰ
1477 1177 1686 1232 τούτων
1733 1178 1810 1241 ὡς

213 1258 357 1325 Θεὸς,
389 1262 490 1313 καὶ
527 1266 928 1337 συγκατάρχων
962 1267 1039 1339 τῷ
1083 1270 1464 1341 Γεγεννηκότι.
1520 1272 1582 1325 Et
1633 1262 1690 1324 δέ
1742 1271 1806 1343 δῆ

217 1367 291 1412 τις
332 1350 488 1420 λέγοι
524 1355 622 1408 καὶ
651 1357 850 1423 αὐτοὺς
892 1360 1043 1431 αῦτῷ
1082 1364 1652 1436 συμπαραστήσεσθαι
1682 1363 1810 1429 τοὺς

217 1443 398 1511 ἁγίους
431 1446 790 1517 ἀρπαγέντας
817 1453 874 1504 ἐν
902 1453 1157 1521 νεφέλαις
1191 1458 1271 1519 είς
1298 1458 1606 1529 ἀπάντησιν
1642 1455 1808 1509 αὐτοῦ

214 1535 286 1599 εἰς
323 1536 491 1606 ἀέρα,
540 1541 682 1608 μετά
726 1559 791 1610 γε
821 1543 920 1614 τὴν
951 1547 1016 1600 ὲκ
1058 1549 1269 1620 νεκρῶν
1301 1549 1619 1613 ἀναϐίωσιν,
1664 1549 1809 1604 καθὰ

214 1630 297 1682 καί
331 1630 412 1700 τῷ
444 1635 749 1707 σοφωτάτῳ
780 1638 977 1711 Παύλῳ
1005 1641 1174 1708 δοκεῖ,
1224 1644 1323 1715 τῆς
1369 1644 1461 1696 τοῦ
1506 1644 1811 1716 πρέποντος

217 1722 378 1796 θήρας
413 1725 778 1798 ἀμοιρήσειεν
804 1730 871 1784 ἂν
896 1732 1328 1804 οῦδαμιτ›ς.”Εφη
1359 1736 1467 1807 γάρ
1490 1754 1540 1789 τι
1567 1733 1809 1790 τοιοῦτον

1912 524 2321 591 bunalChristi,
2352 534 2409 580 ut
2452 523 2683 595 recipiat
2714 525 3087 595 unusquisque
3108 535 3269 597 prout
3320 532 3510 599 gessit,

1913 617 2027 672 sive
2046 618 2245 673 bonum
2281 618 2395 672 sive
2420 617 2622 671 malum
2643 617 3059 674 ".r—rVeniet
3087 620 3274 689 igitur,
3306 623 3508 688 veniet,

1913 710 2109 781 inquit,
2139 719 2194 764 et
2222 725 2413 765 omnes
2461 710 2635 765 sancti
2680 710 2800 776 ejus
2855 726 2978 766 cum
3027 724 3115 777 eo,
3153 729 3173 764 ›
3250 712 3355 767 hoc
3403 721 3510 779 est,

1912 814 2225 857 sanctorum
2269 801 2588 871 angelorum
2627 817 2822 872 agmen
2866 803 3249 873 purissimum,
3301 806 3512 872 stipans

1913 910 2038 950 eum
2062 903 2117 950 et
2146 894 2212 948 ad
2244 894 2664 948 ministrandum
2711 895 3001 949 assistens.
3042 893 3308 948 Dominus
3364 898 3509 947 enim

1911 990 2151 1043 omnium
2188 998 2272 1043 est
2316 988 2659 1053 Eunnanuel,
2710 996 2766 1042 et
2820 988 2889 1042 ab
2938 987 3021 1042 his
3074 988 3420 1041 collattdatur
3454 996 3512 1041 ut

1912 1081 2075 1143 Dens,
2112 1088 2165 1135 et
2197 1079 2357 1133 simul
2392 1090 2585 1147 regnat
2629 1096 2753 1134 cum
2786 1079 2969 1136 Patre.
3005 1078 3159 1145 Quod
3197 1080 3241 1133 si
3273 1081 3396 1148 quis
3419 1080 3505 1133 di-

1913 1185 2001 1228 cat
2026 1175 2170 1243 ipsos
2218 1188 2435 1243 quoque
2468 1184 2688 1229 sanctos
2713 1175 2762 1227 ei
2788 1173 3073 1240 astituros,
3098 1182 3284 1241 raptos
3313 1175 3363 1226 in
3399 1189 3502 1225 nu-

1913 1266 2069 1321 bibus
2105 1269 2156 1319 in
2189 1281 2480 1321 occursum
2516 1266 2634 1335 ejus
2670 1266 2721 1319 iu
2770 1282 2920 1333 aera,
2967 1282 3090 1320 cum
3146 1282 3213 1321 ex
3265 1265 3495 1320 mortuis

1915 1359 2230 1424 revixerint,
2262 1369 2320 1412 ut
2359 1368 2413 1413 et
2461 1359 2866 1427 sapientissimo
2906 1358 3074 1413 Paulo
3113 1359 3285 1412 visum
3316 1367 3404 1412 est
3423 1358 3492 1409 ‘°.

1912 1452 1979 1504 ab
2001 1466 2065 1505 eo
2101 1452 2242 1521 quod
2272 1451 2528 1505 convenit
2583 1451 2895 1520 neutiquam
2954 1453 3310 1506 abcrraverit.
3359 1449 3495 1504 Nam

1915 1540 2020 1596 tale
2051 1541 2177 1611 quid
2206 1541 2419 1595 divinus
2442 1557 2659 1611 quoque
2686 1540 2856 1596 Isaias
2879 1540 2945 1595 de
2979 1541 3112 1611 ipsis
3137 1542 3269 1596 dicit
3296 1555 3312 1595 :
3345 1560 3363 1593 ι
3398 1540 3509 1595 lllic

1912 1648 2092 1688 cervae
2137 1643 2520 1697 occurrerunt,
2546 1641 2601 1688 et
2647 1634 2903 1688 viderunt
2953 1633 3124 1688 facies
3152 1633 3218 1688 ad
3246 1633 3508 1688 invicem.

1914 1724 2157 1781 Numero
2193 1726 2552 1789 transierunt.
2585 1735 2639 1781 et
2662 1742 2765 1779 una
2796 1740 2861 1779 ex
2892 1726 2972 1780 eis
3004 1742 3109 1780 non
3138 1724 3504 1796 periit,altera

219 1817 575 1883 ὁθεσπέσιος
614 1821 845 1887 Ἡσαΐας
893 1825 1023 1896 περὶ
1082 1827 1298 1880 αὐτῶν·
1356 1847 1374 1879 ι
1422 1830 1568 1882 Ἐκεῖ
1615 1828 1804 1898 ἔλαφοι

1913 1818 2138 1873 alteram
2174 1833 2279 1873 non
2310 1819 2666 1888 qumsierunt.
2693 1817 2828 1884 Quia
2858 1820 3118 1873 Dominus
3144 1818 3276 1887 ipsis
3304 1832 3515 1885 praece-

218 1909 574 1981 συνήντησαν,
598 1913 696 1966 καὶ
726 1909 867 1968 εἶδον
887 1921 955 1971 τὰ
981 1919 1250 1989 πρόσωπα
1274 1919 1539 1991 ἀλλήλων.
1563 1922 1619 1974 Ἀ
1630 1919 1713 1991 ριο
1724 1920 1810 1991 μῷ

212 2002 510 2071 παρῆλθον,
546 2005 641 2059 καὶ
679 2007 779 2078 μία
811 2009 992 2064 αὐτῶν
1022 2013 1122 2065 οὐκ
1183 2011 1451 2074 ἀπώλετο,
1501 2014 1661 2084 ἑτέρα
1712 2013 1814 2084 τὴν

210 2094 402 2165 ἑτέραν
425 2097 531 2151 οὐκ
562 2097 995 2170 ὲζήτησαν.”οτι
1019 2106 1226 2176 Κύριος
1254 2107 1566 2160 ἐνετείλατο
1590 2107 1804 2170 αὐταῖς,

205 2186 292 2238 καὶ
328 2187 394 2240 τὸ
435 2189 660 2260 πνεῦμα
701 2193 867 2246 αὑτοῦ
923 2197 1233 2268 συνήγαγεν
1285 2200 1504 2262 αὐτούς.
1545 2218 1564 2251 ι
1599 2199 1813 2253 Ψὰλλει

204 2277 254 2331 δὲ
296 2280 399 2333 καὶ
448 2283 479 2333 6
525 2282 815 2348 θεσπέσιος
861 2286 1056 2350 Δαϐὶδ,
1097 2288 1195 2360 τὴν
1242 2288 1301 2355 ἐξ
1352 2288 1602 2359 οὐρανῶν
1638 2307 1809 2344 κατα-

206 2369 452 2441 ςοίτησιν
498 2372 594 2425 τοῦ
626 2374 845 2429 πάντων
879 2378 1036 2448 ἡμῶν
1086 2378 1341 2449 Σωτῆρος
1390 2379 1629 2451 Χριστοῦ
1673 2398 1811 2452 προ-

205 2466 550 2532 αναιρωνῶν·
598 2468 763 2523 «Ὅτι
815 2471 917 2525 οὐκ
963 2470 1245 2526 ἀπώσεται
1299 2473 1505 2545 Κύριος
1541 2473 1633 2527 τὸν
1681 2472 1811 2529 λαὸν

203 2557 390 2621 αὐτοῦ,
425 2560 523 2613 καὶ
546 2560 646 2631 τὴν
668 2563 1041 2634 κληρονομίαν
1068 2565 1234 2619 αὑτοῦ
1262 2568 1365 2619 οῦκ
1399 2567 1810 2637 ἐγκαταλείψει,

204 2648 299 2712 ἕως
320 2644 388 2704 οὗ
414 2649 737 2722 δικαιοσύνη
764 2656 1066 2728 ἐπιστρέψῃ
1092 2658 1171 2721 εἰς
1194 2659 1399 2728 κρίσιν,
1434 2660 1529 2712 καὶ
1561 2658 1811 2730 ἐχόμενοι

205 2742 374 2811 αὐτῆς
425 2743 632 2808 πάντες
677 2746 727 2798 οἱ
772 2747 951 2810 εὐθείς
999 2752 1064 2821 τῇ
1118 2751 1336 2821 καρδίᾳ,
1373 2769 1391 2801 ι
1447 2750 1812 2822 Δικαιοσύνην

207 2835 298 2904 μὲν
324 2835 441 2905 γὰρ
467 2836 732 2907 ὀνομάζει
768 2840 1026 2908 Χριστὸν,
1063 2842 1389 2913 ἐπιστρέψαι
1424 2843 1480 2896 δέ
1520 2862 1685 2914 φησιν
1730 2846 1812 2907 εἰς

204 2927 388 2999 κρίσιν
420 2929 612 2982 αὐτόν.
632 2930 938 3003 Ἀνελήιροη
970 2933 1067 3002 μὲν
1101 2933 1209 3005 γὰρ
1238 2935 1486 3005 πατήσας
1522 2937 1610 2990 τὸν
1642 2936 1810 2990 Οὰνα-

202 3034 305 3081 τον,
360 3018 463 3070 καὶ
511 3018 680 3090 ἀνέϐη
730 3020 869 3091 πρὶς
913 3022 1002 3074 τὸν
1053 3023 1111 3075 ὲν
1155 3024 1406 3093 οὐρανοῖς
1449 3025 1672 3094 Πατέρα
1720 3026 1813 3078 καὶ

203 3108 350 3163 Θεόν.
400 3109 545 3162 Ἀλλ’
580 3111 867 3180 ἐπιτρέψει
915 3113 1057 3167 κατὰ
1085 3116 1314 3185 καιροὺς
1355 3117 1435 3180 είς
1468 3116 1670 3187 κρίσιν,
1713 3118 1811 3170 καὶ

1916 1911 2015 1982 pit,
2046 1922 2102 1966 et
2124 1910 2351 1980 spiritus
2381 1911 2501 1978 ejus
2523 1909 2878 1981 congregavit
2901 1910 3082 1964 eos".
3111 1928 3129 1962 ι
3163 1909 3352 1963 Psallit
3375 1924 3512 1979 quo.

1912 2020 2021 2075 que
2059 2004 2273 2058 divinus
2298 2000 2467 2055 David
2496 2003 2819 2056 descensum
2865 2016 2895 2054 e
2925 2000 3076 2056 caelo
3129 2000 3370 2053 omnium
3416 2014 3514 2052 no-

1917 2109 2091 2153 strum
2121 2096 2425 2152 Salvatoris
2462 2095 2873 2166 prmnnntians:
2912 2114 2930 2147 ι
2972 2095 3109 2162 Quia
3137 2110 3241 2148 non
3284 2094 3513 2164 repellet

1915 2189 2178 2245 Dominus
2199 2188 2407 2258 plebem
2432 2204 2610 2253 suam,
2633 2200 2689 2243 et
2711 2189 3081 2243 hereditatem
3109 2204 3261 2240 suam
3287 2203 3391 2241 non
3415 2187 3511 2241 de-

1915 2282 2208 2351 relinquet,
2239 2283 2414 2336 donec
2449 2280 2661 2349 jnstitia
2686 2291 3040 2336 convertatur
3068 2281 3118 2333 in
3141 2279 3430 2348 judicium,
3454 2289 3511 2335 et

1915 2374 2254 2428 adhaerentes
2272 2373 2346 2427 illi
2372 2388 2560 2427 omnes
2585 2373 2718 2428 recti
2753 2373 2917 2428 corde
2934 2372 3003 2427 ⁸³.
3027 2391 3047 2425 ι
3067 2370 3340 2427 Justitiam
3362 2372 3509 2427 enim

1913 2464 2192 2520 Christum
2221 2474 2400 2529 vocat,
2434 2480 2596 2536 quem
2631 2480 2960 2520 conversum
2996 2466 3065 2520 ad
3116 2464 3379 2536 judicium
3425 2464 3511 2519 di-

1914 2557 2009 2609 cit.
2051 2559 2375 2625 Assumptus
2402 2565 2488 2607 est
2514 2556 2658 2609 enim
2702 2556 2912 2610 calcata
2947 2566 3145 2621 morte.
3180 2566 3233 2611 et
3263 2555 3513 2611 ascendit

1915 2648 1981 2701 ad
2014 2664 2136 2702 eum
2183 2649 2273 2716 qui
2309 2660 2394 2703 cst
2425 2649 2478 2703 in
2525 2648 2685 2703 cmlis
2734 2647 2952 2702 Patrem
2992 2658 3048 2703 et
3104 2648 3272 2702 Deum
3306 2646 3373 2707 ".
3403 2645 3510 2703 Sed

1916 2750 2225 2794 revertetur
2286 2742 2415 2795 olim
2454 2743 2519 2795 ad
2543 2741 2834 2809 judicium,
2879 2750 2935 2795 ct
2987 2757 3109 2796 cum
3177 2742 3268 2796 illo
3322 2757 3517 2797 ornncs

1917 2832 2047 2886 recti
2075 2834 2264 2895 corde,
2293 2834 2393 2888 hoc
2426 2843 2531 2900 est,
2556 2834 2772 2900 sancti,
2805 2834 2947 2888 sicut
2973 2836 3135 2889 modo
3175 2835 3308 2889 dixi.
3375 2835 3514 2890 Foro

1916 2933 2096 2977 autem
2125 2923 2295 2993 800
2320 2934 2564 2993 tempore
2595 2925 3090 2981 consummationis
3131 2925 3312 2979 smculi
3346 2940 3508 2995 aspe-

1917 3015 2137 3070 ctabilis
2162 3026 2434 3089 gt‘eaturm
2480 3025 2681 3070 statum
2717 3017 2906 3080 alium,
2958 3027 3011 3072 et
3069 3017 3242 3088 ipsam
3294 3033 3514 3089 quoque

1919 3082 2277 3161 transitni'am
2337 3109 2389 3161 in
2424 3108 2645 3173 melius,
2680 3123 2778 3176 per
2831 3108 3109 3163 Christum
3164 3120 3512 3173 rettnvatam,

207 3203 291 3253 σὺν
338 3200 503 3271 αὐτῷ
535 3202 739 3265 πάντες
780 3204 829 3255 οἱ
860 3202 1039 3268 εὐθεῖς
1066 3208 1130 3276 τῇ
1169 3206 1390 3278 καρδίᾳ,
1422 3208 1724 3272 τουτέστιν,
1755 3212 1805 3264 οἱ

1915 3199 2235 3253 testiﬁcatur
2275 3200 2581 3270 propheta:
2629 3219 2647 3250 ι
2680 3199 2734 3252 1η
2770 3199 2859 3254 illa
2911 3200 3139 3255 dic-non
3187 3201 3287 3255 erit
3313 3201 3425 3266 lux,
3457 3209 3516 3257 et

204 3293 367 3360 ἅγιοι,
406 3294 667 3365 καθάπερ
715 3294 854 3366 ἔφην
908 3296 1129 3368 ἀρτίως.
1161 3299 1284 3351 Ὅτι
1310 3299 1367 3352 δὲ
1407 3302 1548 3354 κατὰ
1578 3301 1669 3356 τὸν
1706 3302 1808 3369 τῆς

203 3386 523 3450 συντελείας
590 3387 784 3459 καιρὸν
832 3389 997 3462 ἑτέρα
1040 3408 1124 3455 τις
1170 3389 1325 3445 ἔσται
1371 3392 1472 3462 τῆς
1519 3394 1809 3465 ὁρωμένης

200 3478 439 3541 κτίσεως
469 3480 506 3549 ἡ
551 3479 920 3545 κατάστασις,
955 3482 1050 3535 καὶ
1102 3485 1492 3556 μετοιχήσεται
1533 3487 1628 3540 καὶ
1669 3487 1808 3560 αὐτὴ

198 3570 335 3642 πρὸς
359 3572 427 3625 τὸ
450 3571 680 3642 ἄμεινον
719 3573 1095 3645 ἀνανεουμένη
1119 3574 1210 3629 διὰ
1246 3577 1512 3647 Χριστοῦ,
1543 3576 1813 3632 πιστώσε-

195 3678 284 3716 ται
322 3661 511 3731 λέγων
546 3664 577 3715 ὁ
619 3666 942 3735 προφήτης·
981 3684 999 3718 ι
1033 3667 1123 3720 Ἐν
1167 3668 1356 3742 ἐκείνῃ
1386 3672 1451 3741 τῇ
1493 3670 1677 3742 ἡμέρᾳ
1708 3671 1811 3726 οὐκ

196 3753 354 3809 ἔσται
396 3753 537 3823 φῶς,
565 3756 659 3809 καὶ
683 3755 876 3827 ψύχος,
912 3760 1005 3813 καὶ
1030 3758 1207 3825 πάγος
1237 3759 1390 3815 ἔσται
1417 3760 1547 3831 μίαν
1566 3763 1805 3833 ἡμέραν,

196 3846 289 3899 καὶ
326 3848 364 3918 ἡ
411 3846 599 3918 ἡμέρα
630 3847 814 3918 ἐκείνη
847 3849 1064 3921 γνωστὴ
1094 3848 1172 3920 τῷ
1212 3850 1422 3921 Κυρίῳ.
1465 3870 1483 3902 ι
1521 3851 1662 3905 Νυνὶ
1708 3852 1809 3923 μὲν

195 3940 306 4012 γὰρ
330 3940 522 4012 ἡμέρα
550 3958 611 3994 τε
643 3941 737 3995 καὶ
759 3940 856 4007 νὺξ
881 3941 1246 4014 διακέκριται,
1280 3944 1375 3997 καὶ
1403 3942 1654 4013 διέλαχον
1681 3945 1809 4009 τοὺς

194 4035 434 4106 καιροὺς
459 4036 573 4097 τοῖς
615 4032 710 4087 τοῦ
745 4034 1115 4106 πεποιηκότος
1163 4035 1419 4105 νεύμασι,
1465 4036 1561 4088 καὶ
1594 4034 1808 4105 ἀνίσχει

196 4125 300 4195 μὲν
320 4126 427 4195 τῆς
448 4125 668 4196 ἡμέρας
693 4126 755 4178 τὸ
776 4125 915 4196 φῶς,
930 4122 1050 4180 εἶτα
1079 4126 1386 4198 διαδέχεται
1413 4124 1530 4193 νύξ.
1549 4127 1808 4182 Ἐπειδὰν

192 4217 250 4270 δὲ
281 4219 675 4288 παραγένηται
702 4221 730 4273 6
755 4220 972 4291 κριτὴς,
1002 4221 1182 4274 πάντα
1211 4219 1638 4290 μετασκευάξων
1663 4221 1810 4288 κατὰ

192 4309 255 4362 τὸ
283 4308 443 4381 αὐτῴ
471 4308 687 4373 δοκοῦν,
728 4308 948 4381 ἑτέραν,
975 4309 1050 4375 ὡς
1075 4309 1237 4382 ἔφην,
1276 4313 1309 4381 ἡ
1340 4311 1519 4375 κτίσις
1543 4311 1646 4382 τὴν
1692 4311 1807 4365 δια-

191 4401 476 4473 κόσμησιν
502 4400 736 4467 δέξεται.
771 4422 789 4455 ι
824 4402 897 4455 Οὐ
932 4400 1041 4473 γὰρ
1083 4401 1163 4455 ἔτι
1203 4402 1317 4471 φῶς
1346 4401 1523 4468 ἔσται,
1570 4402 1665 4455 καὶ
1710 4402 1810 4472 ψύ-

188 4512 323 4565 χος,
351 4495 446 4549 καὶ
485 4494 663 4563 πάγος
694 4494 772 4558 είς
815 4480 947 4564 μίαν
976 4494 1213 4566 ἡμέραν.
1257 4513 1276 4545 ›
1323 4494 1590 4566 Σημαίνει
1618 4494 1675 4549 δὲ
1717 4494 1808 4550 διά

1914 3292 2086 3361 frigus
2112 3300 2164 3345 et
2194 3290 2396 3360 glacies
2423 3301 2584 3346 erunt
2612 3292 2698 3346 die
2727 3308 2856 3358 uno,
2892 3302 2947 3347 et
2971 3293 3090 3348 dies
3121 3293 3211 3347 illa
3243 3304 3371 3347 nota
3399 3292 3509 3348 Do-

1912 3382 2081 3437 mino.
2119 3401 2146 3435 -ι
2197 3382 2352 3438 Nunc
2392 3384 2536 3437 enim
2581 3384 2698 3439 dies
2730 3395 2785 3439 et
2831 3400 2934 3440 nox
2972 3384 3385 3453 discernuntur,
3447 3397 3503 3442 et

1914 3486 2044 3530 nutu
2071 3476 2372 3531 conditoris
2404 3476 2662 3533 distincta
2700 3488 2945 3546 tempora
2998 3479 3191 3532 sortita
3247 3488 3394 3545 sunt,
3454 3489 3512 3534 et

1912 3569 2158 3625 exoritur
2184 3568 2290 3624 diei
2322 3570 2436 3632 lux,
2464 3580 2655 3639 postea
2701 3572 2944 3626 succedit
2972 3586 3102 3625 nox.
3150 3570 3386 3637 Quando
3415 3585 3514 3624 au-

1914 3670 2022 3716 tem
2060 3661 2550 3731 adveneritjudex,
2579 3662 2760 3717 omnia
2807 3677 2906 3729 pro
2952 3664 3223 3717 arbitratu
3256 3678 3357 3718 suo
3405 3661 3510 3716 im-

1912 3762 2150 3819 mutans,
2181 3754 2366 3820 aliam,
2396 3764 2455 3809 ttt
2495 3756 2631 3820 dixi,
2674 3754 3043 3809 conditionem
3094 3763 3346 3849 creatura
3389 3766 3511 3807 sus-

1911 3845 2094 3917 cipiet.
2135 3863 2154 3897 ι
2194 3844 2310 3900 Νοη
2340 3846 2485 3900 enim
2517 3849 2585 3900 de
2612 3854 2812 3900 caetero
2849 3845 2939 3898 lux
2972 3842 3189 3908 erit,'et
3247 3842 3420 3913 frigus
3451 3854 3510 3899 et

1912 3938 2112 4009 glacies
2152 3946 2314 3991 erunt
2344 3939 2431 3994 die
2462 3954 2592 3996 uno.
2625 3957 2645 3992 ι
2692 3935 2799 3991 Per
2837 3937 3067 4009 glaciem
3120 3943 3175 3991 et
3209 3934 3381 4004 frigus
3409 3951 3509 3989 no-

1913 4039 2054 4084 ctem
2085 4028 2369 4100 exprimit,
2423 4046 2523 4100 pro
2556 4047 2660 4085 una
2691 4031 2838 4101 enim
2890 4027 2979 4083 die
3034 4039 3318 4099 reputatur
3366 4027 3511 4098 quod

1911 4121 2112 4177 dicitur
2163 4120 2532 4194 νυχθήμερον,
2598 4123 2650 4175 id
2685 4130 2790 4185 est,
2847 4121 3007 4174 unius
3062 4120 3244 4174 noctis
3295 4128 3347 4172 et
3399 4120 3507 4173 dici

1911 4213 2171 4282 spatium,
2207 4211 2435 4281 proinde
2485 4227 2549 4266 ac
2593 4212 2638 4266 si
2671 4212 2819 4268 dicat
2867 4209 3007 4266 forte
3042 4228 3059 4267 :
3092 4208 3363 4277 Tempore
3415 4210 3510 4264 illo

1911 4320 2021 4375 quo
2056 4304 2123 4359 de
2159 4303 2305 4359 coelo
2328 4303 2624 4360 adveniens
2664 4302 3079 4358 transfortnabit
3131 4303 3339 4366 omnia,
3369 4310 3423 4355 et
3454 4305 3510 4356 in

1911 4398 2106 4453 faciem
2136 4408 2308 4465 atque
2345 4406 2546 4452 statum
2585 4396 2865 4452 meliorem
2903 4403 3204 4457 convertet,
3236 4394 3510 4448 utcondi-

1914 4499 1999 4545 tor
2031 4492 2149 4561 ipse
2175 4499 2229 4545 et
2252 4489 2458 4560 opifex,
2495 4505 2599 4543 non
2648 4488 2755 4543 erit
2802 4502 2931 4554 uox,
2966 4501 3067 4542 nec
3121 4484 3213 4541 lux
3249 4486 3303 4540 in
3345 4485 3510 4540 diem.

188 4606 254 4656 γε
282 4587 386 4641 τοῦ
416 4589 630 4657 πάγους
661 4605 721 4642 τε
762 4587 858 4641 καὶ⁹
883 4585 1089 4658 ψύχους
1136 4586 1234 4659 τὴν
1266 4587 1462 4641 νύκτα·
1491 4588 1806 4657 λελόγισται

1914 4583 2031 4638 Non
2074 4582 2325 4639 absimile
2346 4593 2433 4637 est
2478 4583 2620 4653 apud
2676 4581 3000 4652 prephetam
3048 4578 3287 4634 Isaiam:
3328 4596 3347 4631 ι
3395 4576 3510 4632 Νοιι

187 4680 317 4752 γὰρ
343 4680 421 4742 είς
454 4678 585 4750 μίαν
615 4677 828 4749 ἡμέραν
876 4678 936 4731 τὸ
981 4678 1384 4747 νυχθήμερον·
1415 4679 1599 4750 ὅμοιον
1645 4679 1720 4744 ὡς
1755 4682 1804 4734 εί

187 4773 354 4841 λέγοι
379 4772 540 4843 τυχόν
563 4785 576 4798 ·
610 4771 748 4823 Κατ’
782 4771 990 4824 ἐκεῖνον
1013 4770 1105 4825 τὸν
1134 4770 1350 4839 καιρὸν,
1389 4772 1514 4826 καθ’
1542 4772 1602 4826 ὃν
1642 4773 1709 4826 ἂν
1745 4772 1805 4838 ἐξ

188 4863 451 4936 οὐρανῶν
508 4862 850 4935 ἀφιγμένος,
920 4862 1273 4936 μεταπλάττῃ
1325 4864 1396 4917 τὰ
1445 4864 1657 4930 πάντα,
1708 4865 1805 4918 καὶ

197 4953 597 5029 μετασκευάζῃ
642 4954 782 5026 πρός
821 4953 882 5007 τὸ
926 4953 1172 5024 ἄμεινον,
1217 4954 1292 5018 ὡς
1337 4954 1673 5028 δημιουργὸς
1721 4954 1802 5023 δὲ,

191 5046 307 5100 οὐκ
338 5046 486 5099 ἔσται
515 5044 634 5110 νὺξ,
667 5045 787 5098 οὐδὲ
820 5044 932 5113 φῶς
957 5046 1035 5107 είς
1062 5044 1296 5116 ἡμέραν.
1315 5046 1566 5101 Τοιοῦτόν
1595 5048 1649 5100 τί
1670 5063 1806 5119 φησι

193 5139 298 5192 καὶ
330 5138 358 5190 6
390 5138 665 5210 μακάριος
701 5139 991 5210 προφήτης
1036 5137 1295 5202 Ἡσαΐας·
1340 5158 1357 5189 ι
1391 5139 1507 5192 Οὐκ
1538 5139 1692 5193 ἔσται
1723 5156 1809 5194 σοι

195 5232 225 5284 ὁ
270 5229 426 5302 ἥλιος
454 5232 535 5297 εἰς
583 5229 701 5302 φῶς
729 5233 829 5301 τῆς
859 5231 1098 5304 ἡμέρας,
1136 5230 1258 5283 οὐδὲ
1304 5230 1538 5303 ἀνατολὴ
1573 5232 1807 5304 σελήνης

198 5329 400 5381 σωτιεί
424 5326 524 5397 τὴν
565 5324 771 5380 νύκτα·
810 5322 922 5376 ἀλλ’
955 5324 1109 5376 ἔσται
1147 5340 1228 5377 σοι
1258 5322 1460 5395 Κύριος
1511 5323 1627 5391 φῶς
1676 5323 1807 5379 αἰώ-

208 5435 341 5481 νιον,
372 5420 467 5472 καὶ
491 5420 520 5471 6
544 5417 680 5480 Θεὸς
703 5416 829 5481 δόξα
859 5433 972 5469 σου.
1001 5435 1020 5466 ι
1040 5415 1164 5469 Ὅτι
1191 5415 1247 5469 δὲ
1281 5417 1633 5486 ἀπρακτήσει
1660 5416 1805 5469 κατὰ

203 5510 431 5580 καιροὺς
453 5507 549 5561 καὶ
570 5505 845 5576 αὐτη-τῶν
878 5502 1158 5574 στοιχείων
1189 5504 1223 5574 ἠ
1252 5503 1433 5575 χρεία,
1465 5501 1801 5556 πιστῶσεται

289 5708 328 5741 ⁸’
353 5709 392 5764 11
419 5707 546 5764 Cor.
592 5723 645 5771 v,
682 5706 765 5762 to.
881 5706 924 5737 ⁶⁰
957 5706 970 5756 l
999 5703 1191 5759 Thess.
1221 5720 1294 5767 tv.
1347 5705 1426 5759 l6.

219 5779 266 5808 ’λ
290 5778 379 5836 ιω.
410 5794 500 5846 Lx,
540 5780 624 5833 l9.
705 5779 748 5808 ⁸⁸
780 5776 970 5831 Matth.
1012 5792 1163 5842 χειν,
1196 5779 1285 5830 ‘29.

1540 5706 1577 5738 “‘
1624 5706 1721 5761 lsa.
1759 5721 1942 5771 xaxrv,
1976 5705 2062 5768 15,
2097 5705 2181 5760 t6.

1914 4679 2020 4732 erit
2051 4675 2145 4731 tibi
2167 4674 2400 4747 amplius
2424 4674 2506 4731 sol
2549 4674 2604 4729 in
2630 4675 2808 4730 lucem
2835 4672 2967 4737 diei,
2998 4686 3174 4742 neque
3195 4680 3349 4727 ortus
3373 4671 3514 4725 luna:

1913 4766 2241 4822 illuminabit
2281 4766 2378 4821 tibi
2414 4775 2629 4821 noctem
2658 4781 2673 4830 ;
2699 4763 2794 4819 sed
2831 4763 2938 4818 erit
2973 4762 3065 4817 tibi
3112 4761 3373 4815 Dominus
3418 4760 3513 4815 lux

1913 4866 2139 4922 aeterna,
2178 4864 2232 4911 et
2275 4858 2415 4911 Deus
2456 4855 2631 4927 gloria
2670 4864 2758 4908 tua
2782 4853 2852 4909 “.
2887 4873 2907 4906 ›
2959 4852 3141 4909 Otiosa
3194 4862 3373 4907 autem
3422 4852 3511 4906 ati-
3546 4886 3549 4889 -

1913 4948 2130 5020 quando
2160 4947 2345 5003 futura
2379 4959 2434 5004 et
2469 4949 2585 5018 ipsa
2639 4947 2931 5013 elementa,
2990 4947 3152 5002 fidem
3212 4945 3342 5001 facit
3398 4945 3515 5017 ipse

1911 5041 2187 5097 Christus.
2226 5060 2245 5092 ι
2275 5040 2473 5096 Statim
2504 5049 2685 5096 autem
2718 5050 2842 5109 post
2874 5038 3277 5095 tribulationem
3302 5038 3513 5095 dierum

1912 5132 2128 5187 illorum
2161 5132 2242 5188 sol
2284 5132 2689 5201 obscurabitur,
2721 5142 2778 5188 et
2813 5132 2938 5188 luna
2983 5148 3088 5187 non
3132 5132 3284 5187 dabit
3328 5130 3517 5188 lumen

1912 5243 2070 5283 suum
2103 5227 2170 5281 ⁸⁸.
2205 5247 2224 5281 ο
2271 5226 2493 5282 Snﬂicit
2525 5228 2670 5282 enim
2716 5228 2875 5282 nobis
2921 5225 3178 5282 Christus
3223 5226 3290 5281 ad
3339 5223 3513 5279 lucem

1914 5327 2200 5386 aeternam,
2222 5330 2278 5374 et
2311 5319 2426 5389 ipse
2471 5321 2580 5375 erit
2614 5322 2770 5393 leuga
2803 5335 2869 5375 ac
2897 5330 3157 5390 perpetua
3193 5319 3331 5375 dies.
3356 5316 3508 5372 Diem

1914 5423 2096 5468 autem
2128 5413 2271 5467 illam
2306 5425 2490 5468 notam
2525 5415 2756 5470 Domino
2783 5429 2907 5470 esse
2940 5414 3093 5469 dicit.
3145 5412 3305 5467 Solus
3361 5411 3509 5465 enim

1915 5501 2056 5556 Deus
2094 5512 2148 5555 et
2174 5504 2334 5557 Pater
2360 5504 2855 5560 consummationis
2885 5502 3030 5560 diem
3088 5500 3512 5559 novit.Persua-

2289 5707 2332 5737 "
2358 5706 2495 5760 Psal.
2529 5721 2681 5773 xcnt,
2716 5704 2801 5774 14,
2831 5705 2915 5759 15.
3030 5702 3078 5735 ⁸⁸³
3108 5703 3266 5761 Joan.
3293 5720 3391 5776 xx,
3419 5704 3513 5764 1'1.
