  <div class='ocr_page' id='page_1' title='image "/cluster/home/n/w/nwhite01/storage/ocr_20150623/72:no.5/coo.31924054869700/133.png"; bbox 0 0 4098 6476; ppageno 0'>
   <div class='ocr_carea' id='block_1_1' title="bbox 556 340 654 397">
    <p class='ocr_par' dir='ltr' id='par_1_1' title="bbox 556 340 654 397">
     <span class='ocr_line' id='line_1_1' title="bbox 556 340 654 397; baseline -0.01 0"><span class='ocrx_word' id='word_1_1' title='bbox 556 340 654 397; x_wconf 72' lang='grc'><strong>251</strong></span> 
     </span>
    </p>
   </div>
   <div class='ocr_carea' id='block_1_2' title="bbox 1555 344 2809 403">
    <p class='ocr_par' dir='ltr' id='par_1_2' title="bbox 1555 344 2809 403">
     <span class='ocr_line' id='line_1_2' title="bbox 1555 344 2809 403; baseline 0.005 -6"><span class='ocrx_word' id='word_1_2' title='bbox 1555 344 1612 397; x_wconf 86' lang='lat' dir='ltr'><strong>S.</strong></span> <span class='ocrx_word' id='word_1_3' title='bbox 1658 345 1936 401; x_wconf 70' lang='lat' dir='ltr'><strong>CYillLLl</strong></span> <span class='ocrx_word' id='word_1_4' title='bbox 1977 345 2450 403; x_wconf 70' lang='lat' dir='ltr'><strong>ALEXANIIRINI</strong></span> <span class='ocrx_word' id='word_1_5' title='bbox 2489 348 2809 403; x_wconf 74' lang='lat' dir='ltr'><strong>ARClllEP.</strong></span> 
     </span>
    </p>
   </div>
   <div class='ocr_carea' id='block_1_3' title="bbox 3737 352 3838 408">
    <p class='ocr_par' dir='ltr' id='par_1_3' title="bbox 3737 352 3838 408">
     <span class='ocr_line' id='line_1_3' title="bbox 3737 352 3838 408; baseline 0.03 -3"><span class='ocrx_word' id='word_1_6' title='bbox 3737 352 3838 408; x_wconf 68' lang='grc' dir='ltr'>εδιι</span> 
     </span>
    </p>
   </div>
   <div class='ocr_carea' id='block_1_4' title="bbox 554 452 2165 534">
    <p class='ocr_par' dir='ltr' id='par_1_4' title="bbox 554 452 2145 530">
     <span class='ocr_line' id='line_1_4' title="bbox 554 452 2145 530; baseline 0.005 -23"><span class='ocrx_word' id='word_1_7' title='bbox 554 455 647 508; x_wconf 86' lang='lat' dir='ltr'><strong>det</strong></span> <span class='ocrx_word' id='word_1_8' title='bbox 676 452 832 507; x_wconf 88' lang='lat' dir='ltr'><strong>nobis</strong></span> <span class='ocrx_word' id='word_1_9' title='bbox 879 452 983 507; x_wconf 90' lang='lat' dir='ltr'><strong>hoc</strong></span> <span class='ocrx_word' id='word_1_10' title='bbox 1035 452 1153 521; x_wconf 85' lang='lat' dir='ltr'><strong>ipse</strong></span> <span class='ocrx_word' id='word_1_11' title='bbox 1205 468 1420 524; x_wconf 86' lang='lat' dir='ltr'><strong>quoque</strong></span> <span class='ocrx_word' id='word_1_12' title='bbox 1472 454 1670 523; x_wconf 85' lang='lat' dir='ltr'><strong>Filius,</strong></span> <span class='ocrx_word' id='word_1_13' title='bbox 1731 458 1803 512; x_wconf 87' lang='lat' dir='ltr'><strong>ita</strong></span> <span class='ocrx_word' id='word_1_14' title='bbox 1870 459 2145 530; x_wconf 88' lang='lat' dir='ltr'><strong>loquens:</strong></span> 
     </span>
    </p>
   </div>
   <div class='ocr_carea' id='block_1_5' title="bbox 2268 452 3843 534">
    <p class='ocr_par' dir='ltr' id='par_1_5' title="bbox 2268 457 3843 534">
     <span class='ocr_line' id='line_1_5' title="bbox 2268 457 3843 534; baseline 0.005 -23"><span class='ocrx_word' id='word_1_15' title='bbox 2268 459 2428 527; x_wconf 51' lang='grc' dir='ltr'>λέγων</span> <span class='ocrx_word' id='word_1_16' title='bbox 2452 459 2616 523; x_wconf 79' lang='grc' dir='ltr'>αὐτὸς</span> <span class='ocrx_word' id='word_1_17' title='bbox 2644 460 2672 511; x_wconf 99' lang='lat'><strong>6</strong></span> <span class='ocrx_word' id='word_1_18' title='bbox 2705 458 2960 531; x_wconf 85' lang='grc' dir='ltr'>Χριστός·</span> <span class='ocrx_word' id='word_1_19' title='bbox 2989 476 3007 510; x_wconf 76' lang='grc' dir='ltr'><strong>ι</strong></span> <span class='ocrx_word' id='word_1_20' title='bbox 3036 457 3257 520; x_wconf 70' lang='grc' dir='ltr'>Εὐθέως</span> <span class='ocrx_word' id='word_1_21' title='bbox 3285 458 3343 512; x_wconf 76' lang='grc' dir='ltr'>δὲ</span> <span class='ocrx_word' id='word_1_22' title='bbox 3377 460 3517 530; x_wconf 83' lang='grc' dir='ltr'><strong>μετὰ</strong></span> <span class='ocrx_word' id='word_1_23' title='bbox 3542 460 3641 531; x_wconf 78' lang='grc' dir='ltr'><strong>τὴν</strong></span> <span class='ocrx_word' id='word_1_24' title='bbox 3670 462 3843 534; x_wconf 49' lang='grc' dir='ltr'>θλίψιν</span> 
     </span>
    </p>
   </div>
   <div class='ocr_carea' id='block_1_6' title="bbox 558 544 2145 621">
    <p class='ocr_par' dir='ltr' id='par_1_6' title="bbox 558 544 2145 621">
     <span class='ocr_line' id='line_1_6' title="bbox 558 544 2145 621; baseline 0.005 -23"><span class='ocrx_word' id='word_1_25' title='bbox 558 564 577 598; x_wconf 75' lang='grc' dir='ltr'><strong>ι</strong></span> <span class='ocrx_word' id='word_1_26' title='bbox 617 545 692 599; x_wconf 89' lang='lat' dir='ltr'><strong>De</strong></span> <span class='ocrx_word' id='word_1_27' title='bbox 730 544 816 599; x_wconf 89' lang='lat' dir='ltr'><strong>die</strong></span> <span class='ocrx_word' id='word_1_28' title='bbox 838 553 1017 599; x_wconf 90' lang='lat' dir='ltr'><strong>autem</strong></span> <span class='ocrx_word' id='word_1_29' title='bbox 1052 545 1143 598; x_wconf 88' lang='lat' dir='ltr'><strong>illo</strong></span> <span class='ocrx_word' id='word_1_30' title='bbox 1205 554 1259 599; x_wconf 86' lang='lat' dir='ltr'><strong>et</strong></span> <span class='ocrx_word' id='word_1_31' title='bbox 1296 545 1428 599; x_wconf 88' lang='lat' dir='ltr'><strong>hora</strong></span> <span class='ocrx_word' id='word_1_32' title='bbox 1464 544 1623 601; x_wconf 84' lang='lat' dir='ltr'><strong>nemo</strong></span> <span class='ocrx_word' id='word_1_33' title='bbox 1659 550 1826 615; x_wconf 83' lang='lat' dir='ltr'><strong>novit,</strong></span> <span class='ocrx_word' id='word_1_34' title='bbox 1853 566 2026 621; x_wconf 87' lang='lat' dir='ltr'><strong>neque</strong></span> <span class='ocrx_word' id='word_1_35' title='bbox 2050 567 2145 605; x_wconf 91' lang='lat' dir='ltr'><strong>an-</strong></span> 
     </span>
    </p>
   </div>
   <div class='ocr_carea' id='block_1_7' title="bbox 552 634 2147 709">
    <p class='ocr_par' dir='ltr' id='par_1_7' title="bbox 552 634 2147 709">
     <span class='ocr_line' id='line_1_7' title="bbox 552 634 2147 709; baseline 0.003 -17"><span class='ocrx_word' id='word_1_36' title='bbox 552 636 655 707; x_wconf 77' lang='lat' dir='ltr'><strong>geli</strong></span> <span class='ocrx_word' id='word_1_37' title='bbox 685 637 738 690; x_wconf 89' lang='lat' dir='ltr'><strong>in</strong></span> <span class='ocrx_word' id='word_1_38' title='bbox 768 634 929 701; x_wconf 65' lang='lat' dir='ltr'><strong>caelo,</strong></span> <span class='ocrx_word' id='word_1_39' title='bbox 960 651 1133 706; x_wconf 87' lang='lat' dir='ltr'><strong>neque</strong></span> <span class='ocrx_word' id='word_1_40' title='bbox 1155 635 1344 701; x_wconf 83' lang='lat' dir='ltr'><strong>Filius,</strong></span> <span class='ocrx_word' id='word_1_41' title='bbox 1378 640 1481 693; x_wconf 81' lang='lat' dir='ltr'><strong>nisi</strong></span> <span class='ocrx_word' id='word_1_42' title='bbox 1507 637 1669 694; x_wconf 82' lang='lat' dir='ltr'><strong>Pater</strong></span> <span class='ocrx_word' id='word_1_43' title='bbox 1695 641 1841 696; x_wconf 87' lang='lat' dir='ltr'><strong>solus</strong></span> <span class='ocrx_word' id='word_1_44' title='bbox 1861 643 1958 695; x_wconf 78' lang='grc'>⁸⁸.»</span> <span class='ocrx_word' id='word_1_45' title='bbox 1997 642 2147 709; x_wconf 88' lang='lat' dir='ltr'><strong>Qua-</strong></span> 
     </span>
    </p>
   </div>
   <div class='ocr_carea' id='block_1_8' title="bbox 557 730 2144 804">
    <p class='ocr_par' dir='ltr' id='par_1_8' title="bbox 557 730 2144 804">
     <span class='ocr_line' id='line_1_8' title="bbox 557 730 2144 804; baseline 0.003 -22"><span class='ocrx_word' id='word_1_46' title='bbox 557 743 714 782; x_wconf 90' lang='lat' dir='ltr'><strong>tenus</strong></span> <span class='ocrx_word' id='word_1_47' title='bbox 775 732 921 783; x_wconf 91' lang='lat' dir='ltr'><strong>enim</strong></span> <span class='ocrx_word' id='word_1_48' title='bbox 1007 730 1167 784; x_wconf 92' lang='lat' dir='ltr'><strong>homo</strong></span> <span class='ocrx_word' id='word_1_49' title='bbox 1244 731 1413 784; x_wconf 79' lang='lat' dir='ltr'><strong>nostri</strong></span> <span class='ocrx_word' id='word_1_50' title='bbox 1490 731 1687 787; x_wconf 84' lang='lat' dir='ltr'><strong>similis</strong></span> <span class='ocrx_word' id='word_1_51' title='bbox 1763 734 2144 804; x_wconf 77' lang='lat' dir='ltr'><strong>cognoscitur,</strong></span> 
     </span>
    </p>
   </div>
   <div class='ocr_carea' id='block_1_9' title="bbox 555 820 2144 889">
    <p class='ocr_par' dir='ltr' id='par_1_9' title="bbox 555 820 2144 889">
     <span class='ocr_line' id='line_1_9' title="bbox 555 820 2144 889; baseline 0.003 -14"><span class='ocrx_word' id='word_1_52' title='bbox 555 822 730 875; x_wconf 82' lang='lat' dir='ltr'><strong>nescit</strong></span> <span class='ocrx_word' id='word_1_53' title='bbox 768 835 888 889; x_wconf 66' lang='lat' dir='ltr'><strong>quae</strong></span> <span class='ocrx_word' id='word_1_54' title='bbox 924 821 976 874; x_wconf 90' lang='lat' dir='ltr'><strong>in</strong></span> <span class='ocrx_word' id='word_1_55' title='bbox 1004 820 1164 876; x_wconf 86' lang='lat' dir='ltr'><strong>Patre</strong></span> <span class='ocrx_word' id='word_1_56' title='bbox 1191 833 1337 876; x_wconf 91' lang='lat' dir='ltr'><strong>sunt.</strong></span> <span class='ocrx_word' id='word_1_57' title='bbox 1379 821 1660 888; x_wconf 84' lang='lat' dir='ltr'><strong>Quatenus</strong></span> <span class='ocrx_word' id='word_1_58' title='bbox 1706 834 1887 880; x_wconf 89' lang='lat' dir='ltr'><strong>autem</strong></span> <span class='ocrx_word' id='word_1_59' title='bbox 1950 834 2144 880; x_wconf 85' lang='lat' dir='ltr'><strong>natura</strong></span> 
     </span>
    </p>
   </div>
   <div class='ocr_carea' id='block_1_10' title="bbox 554 914 2144 983">
    <p class='ocr_par' dir='ltr' id='par_1_10' title="bbox 554 914 2144 983">
     <span class='ocr_line' id='line_1_10' title="bbox 554 914 2144 983; baseline 0.003 -18"><span class='ocrx_word' id='word_1_60' title='bbox 554 922 637 966; x_wconf 80' lang='lat' dir='ltr'><strong>est</strong></span> <span class='ocrx_word' id='word_1_61' title='bbox 676 914 837 977; x_wconf 84' lang='lat' dir='ltr'><strong>Deus,</strong></span> <span class='ocrx_word' id='word_1_62' title='bbox 865 923 917 965; x_wconf 91' lang='lat' dir='ltr'><strong>et</strong></span> <span class='ocrx_word' id='word_1_63' title='bbox 948 929 1013 967; x_wconf 83' lang='lat' dir='ltr'><strong>ex</strong></span> <span class='ocrx_word' id='word_1_64' title='bbox 1046 916 1160 982; x_wconf 91' lang='lat' dir='ltr'><strong>ipso</strong></span> <span class='ocrx_word' id='word_1_65' title='bbox 1195 915 1619 983; x_wconf 78' lang='lat' dir='ltr'><strong>exstitit,utiqtte</strong></span> <span class='ocrx_word' id='word_1_66' title='bbox 1644 917 1808 970; x_wconf 89' lang='lat' dir='ltr'><strong>etiam</strong></span> <span class='ocrx_word' id='word_1_67' title='bbox 1833 926 2144 971; x_wconf 84' lang='lat' dir='ltr'><strong>extremum</strong></span> 
     </span>
    </p>
   </div>
   <div class='ocr_carea' id='block_1_11' title="bbox 561 1004 2148 1079">
    <p class='ocr_par' dir='ltr' id='par_1_11' title="bbox 561 1004 2148 1079">
     <span class='ocr_line' id='line_1_11' title="bbox 561 1004 2148 1079; baseline 0.003 -22"><span class='ocrx_word' id='word_1_68' title='bbox 561 1004 704 1057; x_wconf 76' lang='lat' dir='ltr'><strong>diem</strong></span> <span class='ocrx_word' id='word_1_69' title='bbox 738 1005 904 1066; x_wconf 86' lang='lat' dir='ltr'><strong>novit,</strong></span> <span class='ocrx_word' id='word_1_70' title='bbox 936 1005 1149 1058; x_wconf 82' lang='lat' dir='ltr'><strong>tametsi</strong></span> <span class='ocrx_word' id='word_1_71' title='bbox 1176 1005 1323 1059; x_wconf 92' lang='lat' dir='ltr'><strong>illum</strong></span> <span class='ocrx_word' id='word_1_72' title='bbox 1374 1022 1431 1060; x_wconf 86' lang='lat' dir='ltr'><strong>se</strong></span> <span class='ocrx_word' id='word_1_73' title='bbox 1488 1023 1646 1061; x_wconf 86' lang='lat' dir='ltr'><strong>nosse</strong></span> <span class='ocrx_word' id='word_1_74' title='bbox 1687 1017 1864 1079; x_wconf 84' lang='lat' dir='ltr'><strong>neget,</strong></span> <span class='ocrx_word' id='word_1_75' title='bbox 1922 1017 2148 1075; x_wconf 81' lang='lat' dir='ltr'><strong>propter</strong></span> 
     </span>
    </p>
   </div>
   <div class='ocr_carea' id='block_1_12' title="bbox 558 1098 2149 1168">
    <p class='ocr_par' dir='ltr' id='par_1_12' title="bbox 558 1098 2149 1168">
     <span class='ocr_line' id='line_1_12' title="bbox 558 1098 2149 1168; baseline 0.003 -18"><span class='ocrx_word' id='word_1_76' title='bbox 558 1098 846 1150; x_wconf 85' lang='lat' dir='ltr'><strong>humanam</strong></span> <span class='ocrx_word' id='word_1_77' title='bbox 870 1107 1115 1151; x_wconf 85' lang='lat' dir='ltr'><strong>naturam</strong></span> <span class='ocrx_word' id='word_1_78' title='bbox 1148 1114 1299 1152; x_wconf 87' lang='lat' dir='ltr'><strong>suam</strong></span> <span class='ocrx_word' id='word_1_79' title='bbox 1342 1100 1613 1153; x_wconf 75' lang='lat' dir='ltr'><strong>videlicet.</strong></span> <span class='ocrx_word' id='word_1_80' title='bbox 1641 1100 2009 1168; x_wconf 88' lang='lat' dir='ltr'><strong>Interpretans</strong></span> <span class='ocrx_word' id='word_1_81' title='bbox 2052 1118 2149 1154; x_wconf 91' lang='lat' dir='ltr'><strong>an-</strong></span> 
     </span>
    </p>
   </div>
   <div class='ocr_carea' id='block_1_13' title="bbox 559 1188 2149 1261">
    <p class='ocr_par' dir='ltr' id='par_1_13' title="bbox 559 1188 2149 1261">
     <span class='ocr_line' id='line_1_13' title="bbox 559 1188 2149 1261; baseline 0.005 -20"><span class='ocrx_word' id='word_1_82' title='bbox 559 1198 665 1241; x_wconf 91' lang='lat' dir='ltr'><strong>tem</strong></span> <span class='ocrx_word' id='word_1_83' title='bbox 705 1189 857 1242; x_wconf 82' lang='lat' dir='ltr'><strong>nobis</strong></span> <span class='ocrx_word' id='word_1_84' title='bbox 883 1188 1165 1259; x_wconf 81' lang='lat' dir='ltr'><strong>prOphela,</strong></span> <span class='ocrx_word' id='word_1_85' title='bbox 1209 1202 1263 1245; x_wconf 90' lang='lat' dir='ltr'><strong>et</strong></span> <span class='ocrx_word' id='word_1_86' title='bbox 1315 1191 1601 1246; x_wconf 80' lang='lat' dir='ltr'><strong>declarans</strong></span> <span class='ocrx_word' id='word_1_87' title='bbox 1643 1194 1788 1261; x_wconf 87' lang='lat' dir='ltr'><strong>quod</strong></span> <span class='ocrx_word' id='word_1_88' title='bbox 1846 1193 2002 1256; x_wconf 77' lang='lat' dir='ltr'><strong>dixit,</strong></span> <span class='ocrx_word' id='word_1_89' title='bbox 2063 1194 2149 1249; x_wconf 88' lang='lat' dir='ltr'><strong>his</strong></span> 
     </span>
    </p>
   </div>
   <div class='ocr_carea' id='block_1_14' title="bbox 557 1280 2148 1350">
    <p class='ocr_par' dir='ltr' id='par_1_14' title="bbox 557 1280 2148 1350">
     <span class='ocr_line' id='line_1_14' title="bbox 557 1280 2148 1350; baseline 0.004 -18"><span class='ocrx_word' id='word_1_90' title='bbox 557 1280 808 1350; x_wconf 67' lang='lat' dir='ltr'><strong>adiungit</strong></span> <span class='ocrx_word' id='word_1_91' title='bbox 844 1299 859 1335; x_wconf 87' lang='lat'><strong>:</strong></span> <span class='ocrx_word' id='word_1_92' title='bbox 895 1300 913 1333; x_wconf 79' lang='grc' dir='ltr'><strong>ι</strong></span> <span class='ocrx_word' id='word_1_93' title='bbox 943 1283 1008 1335; x_wconf 85' lang='lat' dir='ltr'><strong>Et</strong></span> <span class='ocrx_word' id='word_1_94' title='bbox 1039 1298 1143 1336; x_wconf 92' lang='lat' dir='ltr'><strong>non</strong></span> <span class='ocrx_word' id='word_1_95' title='bbox 1170 1283 1309 1346; x_wconf 84' lang='lat' dir='ltr'><strong>dies,</strong></span> <span class='ocrx_word' id='word_1_96' title='bbox 1364 1293 1417 1337; x_wconf 91' lang='lat' dir='ltr'><strong>et</strong></span> <span class='ocrx_word' id='word_1_97' title='bbox 1460 1299 1566 1335; x_wconf 90' lang='lat' dir='ltr'><strong>non</strong></span> <span class='ocrx_word' id='word_1_98' title='bbox 1605 1299 1707 1335; x_wconf 83' lang='lat' dir='ltr'><strong>nox</strong></span> <span class='ocrx_word' id='word_1_99' title='bbox 1755 1284 1880 1348; x_wconf 81' lang='lat' dir='ltr'><strong>erit,</strong></span> <span class='ocrx_word' id='word_1_100' title='bbox 1930 1284 2025 1337; x_wconf 86' lang='lat' dir='ltr'><strong>sed</strong></span> <span class='ocrx_word' id='word_1_101' title='bbox 2081 1285 2148 1338; x_wconf 87' lang='lat' dir='ltr'><strong>ad</strong></span> 
     </span>
    </p>
   </div>
   <div class='ocr_carea' id='block_1_15' title="bbox 558 1374 2149 1445">
    <p class='ocr_par' dir='ltr' id='par_1_15' title="bbox 558 1374 2149 1445">
     <span class='ocr_line' id='line_1_15' title="bbox 558 1374 2149 1445; baseline 0.006 -23"><span class='ocrx_word' id='word_1_102' title='bbox 558 1387 837 1442; x_wconf 80' lang='lat' dir='ltr'><strong>vesperam</strong></span> <span class='ocrx_word' id='word_1_103' title='bbox 879 1374 983 1428; x_wconf 92' lang='lat' dir='ltr'><strong>erit</strong></span> <span class='ocrx_word' id='word_1_104' title='bbox 1011 1376 1135 1442; x_wconf 85' lang='lat' dir='ltr'><strong>lux;</strong></span> <span class='ocrx_word' id='word_1_105' title='bbox 1171 1394 1189 1427; x_wconf 79' lang='grc' dir='ltr'><strong>ι</strong></span> <span class='ocrx_word' id='word_1_106' title='bbox 1226 1377 1275 1430; x_wconf 90' lang='lat' dir='ltr'><strong>id</strong></span> <span class='ocrx_word' id='word_1_107' title='bbox 1301 1387 1403 1440; x_wconf 90' lang='lat' dir='ltr'><strong>est,</strong></span> <span class='ocrx_word' id='word_1_108' title='bbox 1438 1377 1490 1430; x_wconf 90' lang='lat' dir='ltr'><strong>itt</strong></span> <span class='ocrx_word' id='word_1_109' title='bbox 1533 1387 1775 1445; x_wconf 88' lang='lat' dir='ltr'><strong>tempore</strong></span> <span class='ocrx_word' id='word_1_110' title='bbox 1826 1377 2002 1431; x_wconf 89' lang='lat' dir='ltr'><strong>noctis</strong></span> <span class='ocrx_word' id='word_1_111' title='bbox 2054 1376 2149 1431; x_wconf 76' lang='lat' dir='ltr'><strong>lux</strong></span> 
     </span>
    </p>
   </div>
   <div class='ocr_carea' id='block_1_16' title="bbox 560 1467 2152 1539">
    <p class='ocr_par' dir='ltr' id='par_1_16' title="bbox 560 1467 2152 1539">
     <span class='ocr_line' id='line_1_16' title="bbox 560 1467 2152 1539; baseline 0.001 -19"><span class='ocrx_word' id='word_1_112' title='bbox 560 1467 667 1520; x_wconf 86' lang='lat' dir='ltr'><strong>erit</strong></span> <span class='ocrx_word' id='word_1_113' title='bbox 697 1483 934 1533; x_wconf 86' lang='lat' dir='ltr'><strong>rursum,</strong></span> <span class='ocrx_word' id='word_1_114' title='bbox 962 1483 1082 1537; x_wconf 69' lang='lat' dir='ltr'><strong>qua:</strong></span> <span class='ocrx_word' id='word_1_115' title='bbox 1126 1484 1222 1539; x_wconf 85' lang='lat' dir='ltr'><strong>per</strong></span> <span class='ocrx_word' id='word_1_116' title='bbox 1274 1468 1546 1524; x_wconf 88' lang='lat' dir='ltr'><strong>Christum</strong></span> <span class='ocrx_word' id='word_1_117' title='bbox 1596 1470 1687 1539; x_wconf 85' lang='lat' dir='ltr'><strong>qui</strong></span> <span class='ocrx_word' id='word_1_118' title='bbox 1722 1471 1823 1525; x_wconf 88' lang='lat' dir='ltr'><strong>sub</strong></span> <span class='ocrx_word' id='word_1_119' title='bbox 1876 1469 2019 1524; x_wconf 62' lang='lat' dir='ltr'><strong>caalo</strong></span> <span class='ocrx_word' id='word_1_120' title='bbox 2067 1477 2152 1523; x_wconf 88' lang='lat' dir='ltr'><strong>est</strong></span> 
     </span>
    </p>
   </div>
   <div class='ocr_carea' id='block_1_17' title="bbox 563 1560 2147 1631">
    <p class='ocr_par' dir='ltr' id='par_1_17' title="bbox 563 1560 2147 1631">
     <span class='ocr_line' id='line_1_17' title="bbox 563 1560 2147 1631; baseline 0.003 -20"><span class='ocrx_word' id='word_1_121' title='bbox 563 1562 819 1613; x_wconf 85' lang='lat' dir='ltr'><strong>mundum</strong></span> <span class='ocrx_word' id='word_1_122' title='bbox 885 1560 1214 1627; x_wconf 82' lang='lat' dir='ltr'><strong>illustravit,</strong></span> <span class='ocrx_word' id='word_1_123' title='bbox 1283 1562 1518 1616; x_wconf 89' lang='lat' dir='ltr'><strong>tenebris</strong></span> <span class='ocrx_word' id='word_1_124' title='bbox 1583 1564 1795 1631; x_wconf 85' lang='lat' dir='ltr'><strong>penitus</strong></span> <span class='ocrx_word' id='word_1_125' title='bbox 1866 1562 2147 1626; x_wconf 76' lang='lat' dir='ltr'><strong>discussis,</strong></span> 
     </span>
    </p>
   </div>
   <div class='ocr_carea' id='block_1_18' title="bbox 564 1654 2153 1725">
    <p class='ocr_par' dir='ltr' id='par_1_18' title="bbox 564 1654 2153 1725">
     <span class='ocr_line' id='line_1_18' title="bbox 564 1654 2153 1725; baseline 0.004 -21"><span class='ocrx_word' id='word_1_126' title='bbox 564 1668 664 1706; x_wconf 91' lang='lat' dir='ltr'><strong>nec</strong></span> <span class='ocrx_word' id='word_1_127' title='bbox 704 1663 1018 1708; x_wconf 89' lang='lat' dir='ltr'><strong>sanctorum</strong></span> <span class='ocrx_word' id='word_1_128' title='bbox 1043 1654 1213 1709; x_wconf 90' lang='lat' dir='ltr'><strong>oculis</strong></span> <span class='ocrx_word' id='word_1_129' title='bbox 1244 1657 1476 1725; x_wconf 86' lang='lat' dir='ltr'><strong>amplius</strong></span> <span class='ocrx_word' id='word_1_130' title='bbox 1519 1656 1841 1724; x_wconf 83' lang='lat' dir='ltr'><strong>superfusis.</strong></span> <span class='ocrx_word' id='word_1_131' title='bbox 1892 1654 2011 1709; x_wconf 84' lang='lat' dir='ltr'><strong>Non</strong></span> <span class='ocrx_word' id='word_1_132' title='bbox 2035 1655 2153 1711; x_wconf 80' lang='lat' dir='ltr'><strong>sine</strong></span> 
     </span>
    </p>
   </div>
   <div class='ocr_carea' id='block_1_19' title="bbox 562 1746 2151 1816">
    <p class='ocr_par' dir='ltr' id='par_1_19' title="bbox 562 1746 2151 1816">
     <span class='ocr_line' id='line_1_19' title="bbox 562 1746 2151 1816; baseline 0.001 -19"><span class='ocrx_word' id='word_1_133' title='bbox 562 1752 709 1797; x_wconf 87' lang='lat' dir='ltr'><strong>certa</strong></span> <span class='ocrx_word' id='word_1_134' title='bbox 753 1758 915 1811; x_wconf 90' lang='lat' dir='ltr'><strong>porro</strong></span> <span class='ocrx_word' id='word_1_135' title='bbox 967 1746 1176 1799; x_wconf 81' lang='lat' dir='ltr'><strong>ratione</strong></span> <span class='ocrx_word' id='word_1_136' title='bbox 1226 1760 1396 1815; x_wconf 80' lang='lat' dir='ltr'><strong>Ipsam</strong></span> <span class='ocrx_word' id='word_1_137' title='bbox 1447 1760 1664 1816; x_wconf 90' lang='lat' dir='ltr'><strong>quoque</strong></span> <span class='ocrx_word' id='word_1_138' title='bbox 1724 1754 2031 1799; x_wconf 86' lang='lat' dir='ltr'><strong>creaturam</strong></span> <span class='ocrx_word' id='word_1_139' title='bbox 2099 1746 2151 1798; x_wconf 91' lang='lat' dir='ltr'><strong>in</strong></span> 
     </span>
    </p>
   </div>
   <div class='ocr_carea' id='block_1_20' title="bbox 2250 552 3843 631">
    <p class='ocr_par' dir='ltr' id='par_1_20' title="bbox 2250 552 3843 631">
     <span class='ocr_line' id='line_1_20' title="bbox 2250 552 3843 631; baseline 0.003 -26"><span class='ocrx_word' id='word_1_140' title='bbox 2250 552 2361 605; x_wconf 85' lang='grc' dir='ltr'><strong>τῶν</strong></span> <span class='ocrx_word' id='word_1_141' title='bbox 2388 552 2613 624; x_wconf 83' lang='grc' dir='ltr'>ἡμερῶν</span> <span class='ocrx_word' id='word_1_142' title='bbox 2642 552 2889 617; x_wconf 78' lang='grc' dir='ltr'>ἐκείνων,</span> <span class='ocrx_word' id='word_1_143' title='bbox 2937 554 2965 607; x_wconf 94' lang='lat'><strong>6</strong></span> <span class='ocrx_word' id='word_1_144' title='bbox 3010 553 3165 623; x_wconf 82' lang='grc' dir='ltr'>ἥλιος</span> <span class='ocrx_word' id='word_1_145' title='bbox 3205 552 3661 622; x_wconf 78' lang='grc' dir='ltr'>σκοτισθήσεται,</span> <span class='ocrx_word' id='word_1_146' title='bbox 3692 557 3843 631; x_wconf 73' lang='grc' dir='ltr'>καὶὴ</span> 
     </span>
    </p>
   </div>
   <div class='ocr_carea' id='block_1_21' title="bbox 2253 643 3849 718">
    <p class='ocr_par' dir='ltr' id='par_1_21' title="bbox 2253 643 3849 718">
     <span class='ocr_line' id='line_1_21' title="bbox 2253 643 3849 718; baseline 0.003 -20"><span class='ocrx_word' id='word_1_147' title='bbox 2253 644 2449 716; x_wconf 80' lang='grc' dir='ltr'>σελήνη</span> <span class='ocrx_word' id='word_1_148' title='bbox 2482 645 2541 698; x_wconf 80' lang='grc' dir='ltr'><strong>οὐ</strong></span> <span class='ocrx_word' id='word_1_149' title='bbox 2573 644 2732 698; x_wconf 82' lang='grc' dir='ltr'>δώσει</span> <span class='ocrx_word' id='word_1_150' title='bbox 2777 644 2838 696; x_wconf 77' lang='grc' dir='ltr'>τὸ</span> <span class='ocrx_word' id='word_1_151' title='bbox 2867 643 3071 714; x_wconf 80' lang='grc' dir='ltr'><strong>φέγγος</strong></span> <span class='ocrx_word' id='word_1_152' title='bbox 3102 643 3295 714; x_wconf 79' lang='grc' dir='ltr'>αὐτῆς.</span> <span class='ocrx_word' id='word_1_153' title='bbox 3338 662 3357 695; x_wconf 76' lang='grc' dir='ltr'><strong>ι</strong></span> <span class='ocrx_word' id='word_1_154' title='bbox 3405 644 3658 715; x_wconf 83' lang='grc' dir='ltr'>Ἀρκέσει</span> <span class='ocrx_word' id='word_1_155' title='bbox 3684 645 3795 718; x_wconf 75' lang='grc' dir='ltr'><strong>γὰρ</strong></span> <span class='ocrx_word' id='word_1_156' title='bbox 3821 649 3849 702; x_wconf 87' lang='lat'><strong>6</strong></span> 
     </span>
    </p>
   </div>
   <div class='ocr_carea' id='block_1_22' title="bbox 2249 735 3849 809">
    <p class='ocr_par' dir='ltr' id='par_1_22' title="bbox 2249 735 3849 809">
     <span class='ocr_line' id='line_1_22' title="bbox 2249 735 3849 809; baseline 0 -18"><span class='ocrx_word' id='word_1_157' title='bbox 2249 736 2487 809; x_wconf 82' lang='grc' dir='ltr'>Χριστὸς</span> <span class='ocrx_word' id='word_1_158' title='bbox 2515 737 2594 800; x_wconf 88' lang='grc' dir='ltr'><strong>είς</strong></span> <span class='ocrx_word' id='word_1_159' title='bbox 2619 736 2737 804; x_wconf 80' lang='grc' dir='ltr'><strong>φῶς</strong></span> <span class='ocrx_word' id='word_1_160' title='bbox 2768 737 2899 806; x_wconf 85' lang='grc' dir='ltr'>ἡμῖν</span> <span class='ocrx_word' id='word_1_161' title='bbox 2938 736 3178 802; x_wconf 85' lang='grc' dir='ltr'>αἰώνιον,</span> <span class='ocrx_word' id='word_1_162' title='bbox 3215 735 3310 790; x_wconf 85' lang='lat' dir='ltr'><strong>xui</strong></span> <span class='ocrx_word' id='word_1_163' title='bbox 3360 735 3523 800; x_wconf 81' lang='grc' dir='ltr'>αὐτὸς</span> <span class='ocrx_word' id='word_1_164' title='bbox 3555 737 3709 790; x_wconf 79' lang='grc' dir='ltr'>ἔσται</span> <span class='ocrx_word' id='word_1_165' title='bbox 3753 757 3849 809; x_wconf 85' lang='grc' dir='ltr'>μα-</span> 
     </span>
    </p>
   </div>
   <div class='ocr_carea' id='block_1_23' title="bbox 2250 828 3849 903">
    <p class='ocr_par' dir='ltr' id='par_1_23' title="bbox 2250 828 3849 903">
     <span class='ocr_line' id='line_1_23' title="bbox 2250 828 3849 903; baseline -0.001 -19"><span class='ocrx_word' id='word_1_166' title='bbox 2250 830 2359 902; x_wconf 85' lang='grc' dir='ltr'><strong>κρά</strong></span> <span class='ocrx_word' id='word_1_167' title='bbox 2405 829 2499 882; x_wconf 81' lang='lat' dir='ltr'><strong>xui</strong></span> <span class='ocrx_word' id='word_1_168' title='bbox 2527 829 2783 900; x_wconf 82' lang='grc' dir='ltr'><strong>διηνεκὴς</strong></span> <span class='ocrx_word' id='word_1_169' title='bbox 2827 828 3037 900; x_wconf 76' lang='grc' dir='ltr'>ἡμέρα.</span> <span class='ocrx_word' id='word_1_170' title='bbox 3074 828 3185 899; x_wconf 83' lang='grc' dir='ltr'>Τὴν</span> <span class='ocrx_word' id='word_1_171' title='bbox 3209 828 3267 881; x_wconf 83' lang='grc' dir='ltr'><strong>δέ</strong></span> <span class='ocrx_word' id='word_1_172' title='bbox 3296 845 3359 896; x_wconf 90' lang='grc' dir='ltr'><strong>γε</strong></span> <span class='ocrx_word' id='word_1_173' title='bbox 3388 829 3603 899; x_wconf 79' lang='grc' dir='ltr'>ἡμέραν</span> <span class='ocrx_word' id='word_1_174' title='bbox 3632 832 3849 903; x_wconf 82' lang='grc' dir='ltr'>ἐκείνην</span> 
     </span>
    </p>
   </div>
   <div class='ocr_carea' id='block_1_24' title="bbox 2250 916 3850 993">
    <p class='ocr_par' dir='ltr' id='par_1_24' title="bbox 2250 916 3850 993">
     <span class='ocr_line' id='line_1_24' title="bbox 2250 916 3850 993; baseline 0.003 -19"><span class='ocrx_word' id='word_1_175' title='bbox 2250 920 2497 992; x_wconf 82' lang='grc' dir='ltr'>γνωστὴν</span> <span class='ocrx_word' id='word_1_176' title='bbox 2544 916 2685 974; x_wconf 77' lang='grc' dir='ltr'>εἶναί</span> <span class='ocrx_word' id='word_1_177' title='bbox 2729 919 2971 991; x_wconf 85' lang='grc' dir='ltr'>φησιτῷ</span> <span class='ocrx_word' id='word_1_178' title='bbox 3020 920 3231 993; x_wconf 84' lang='grc' dir='ltr'>Κυρίῳ.</span> <span class='ocrx_word' id='word_1_179' title='bbox 3284 920 3459 983; x_wconf 89' lang='grc' dir='ltr'>Μόνος</span> <span class='ocrx_word' id='word_1_180' title='bbox 3493 922 3603 992; x_wconf 73' lang='grc' dir='ltr'>γὰρ</span> <span class='ocrx_word' id='word_1_181' title='bbox 3634 920 3781 976; x_wconf 68' lang='grc' dir='ltr'>οῗδεν</span> <span class='ocrx_word' id='word_1_182' title='bbox 3821 927 3850 978; x_wconf 88' lang='lat'><strong>6</strong></span> 
     </span>
    </p>
   </div>
   <div class='ocr_carea' id='block_1_25' title="bbox 2250 1012 3852 1086">
    <p class='ocr_par' dir='ltr' id='par_1_25' title="bbox 2250 1012 3852 1086">
     <span class='ocr_line' id='line_1_25' title="bbox 2250 1012 3852 1086; baseline 0.001 -19"><span class='ocrx_word' id='word_1_183' title='bbox 2250 1014 2382 1077; x_wconf 82' lang='grc' dir='ltr'>Θεὸς</span> <span class='ocrx_word' id='word_1_184' title='bbox 2412 1014 2505 1067; x_wconf 90' lang='lat' dir='ltr'><strong>xui</strong></span> <span class='ocrx_word' id='word_1_185' title='bbox 2532 1012 2723 1084; x_wconf 82' lang='grc' dir='ltr'>Πατὴρ</span> <span class='ocrx_word' id='word_1_186' title='bbox 2748 1013 2848 1083; x_wconf 82' lang='grc' dir='ltr'><strong>τὴν</strong></span> <span class='ocrx_word' id='word_1_187' title='bbox 2886 1016 2986 1085; x_wconf 82' lang='grc' dir='ltr'><strong>τῆς</strong></span> <span class='ocrx_word' id='word_1_188' title='bbox 3016 1013 3328 1077; x_wconf 80' lang='grc' dir='ltr'>συντελείας</span> <span class='ocrx_word' id='word_1_189' title='bbox 3363 1014 3598 1084; x_wconf 78' lang='grc' dir='ltr'><strong>ἡμέραν.</strong></span> <span class='ocrx_word' id='word_1_190' title='bbox 3644 1016 3852 1086; x_wconf 82' lang='grc' dir='ltr'>Ἐμπε-</span> 
     </span>
    </p>
   </div>
   <div class='ocr_carea' id='block_1_26' title="bbox 2249 1104 3849 1176">
    <p class='ocr_par' dir='ltr' id='par_1_26' title="bbox 2249 1104 3849 1176">
     <span class='ocr_line' id='line_1_26' title="bbox 2249 1104 3849 1176; baseline 0.001 -17"><span class='ocrx_word' id='word_1_191' title='bbox 2249 1106 2331 1159; x_wconf 88' lang='grc' dir='ltr'><strong>δοῖ</strong></span> <span class='ocrx_word' id='word_1_192' title='bbox 2365 1106 2501 1176; x_wconf 58' lang='grc' dir='ltr'>πρὶς</span> <span class='ocrx_word' id='word_1_193' title='bbox 2522 1105 2683 1159; x_wconf 87' lang='grc' dir='ltr'>τοῦτο</span> <span class='ocrx_word' id='word_1_194' title='bbox 2715 1107 2863 1176; x_wconf 78' lang='grc' dir='ltr'>ἡμᾶς</span> <span class='ocrx_word' id='word_1_195' title='bbox 2891 1105 2985 1159; x_wconf 87' lang='lat' dir='ltr'><strong>xui</strong></span> <span class='ocrx_word' id='word_1_196' title='bbox 3036 1105 3197 1169; x_wconf 73' lang='grc' dir='ltr'>αὐτὸς</span> <span class='ocrx_word' id='word_1_197' title='bbox 3226 1107 3253 1158; x_wconf 89' lang='grc' dir='ltr'>ὁ</span> <span class='ocrx_word' id='word_1_198' title='bbox 3282 1105 3431 1169; x_wconf 67' lang='grc' dir='ltr'>Υἱὸς,</span> <span class='ocrx_word' id='word_1_199' title='bbox 3459 1104 3600 1160; x_wconf 72' lang='grc' dir='ltr'>οὕτω</span> <span class='ocrx_word' id='word_1_200' title='bbox 3633 1105 3814 1175; x_wconf 87' lang='grc' dir='ltr'>λέγων</span> <span class='ocrx_word' id='word_1_201' title='bbox 3832 1123 3849 1140; x_wconf 81' lang='grc'><strong><em>⁸</em></strong></span> 
     </span>
    </p>
   </div>
   <div class='ocr_carea' id='block_1_27' title="bbox 2258 1194 3855 1270">
    <p class='ocr_par' dir='ltr' id='par_1_27' title="bbox 2258 1194 3855 1270">
     <span class='ocr_line' id='line_1_27' title="bbox 2258 1194 3855 1270; baseline 0.001 -19"><span class='ocrx_word' id='word_1_202' title='bbox 2258 1217 2277 1250; x_wconf 76' lang='grc' dir='ltr'><strong>ι</strong></span> <span class='ocrx_word' id='word_1_203' title='bbox 2316 1199 2452 1268; x_wconf 70' lang='grc' dir='ltr'>Περὶ</span> <span class='ocrx_word' id='word_1_204' title='bbox 2501 1197 2557 1249; x_wconf 79' lang='grc' dir='ltr'>δὲ</span> <span class='ocrx_word' id='word_1_205' title='bbox 2586 1200 2683 1267; x_wconf 84' lang='grc' dir='ltr'><strong>τῆς</strong></span> <span class='ocrx_word' id='word_1_206' title='bbox 2714 1198 2928 1267; x_wconf 85' lang='grc' dir='ltr'>ἡμέρας</span> <span class='ocrx_word' id='word_1_207' title='bbox 2978 1196 3196 1266; x_wconf 77' lang='grc' dir='ltr'>ἐκείνης</span> <span class='ocrx_word' id='word_1_208' title='bbox 3244 1197 3341 1249; x_wconf 88' lang='lat' dir='ltr'><strong>xui</strong></span> <span class='ocrx_word' id='word_1_209' title='bbox 3387 1197 3536 1270; x_wconf 83' lang='grc' dir='ltr'>ὥρας</span> <span class='ocrx_word' id='word_1_210' title='bbox 3564 1199 3741 1262; x_wconf 67' lang='grc' dir='ltr'>οὐδεὶς</span> <span class='ocrx_word' id='word_1_211' title='bbox 3774 1194 3855 1252; x_wconf 76' lang='grc' dir='ltr'><strong>οῖ-</strong></span> 
     </span>
    </p>
   </div>
   <div class='ocr_carea' id='block_1_28' title="bbox 2250 1288 3856 1363">
    <p class='ocr_par' dir='ltr' id='par_1_28' title="bbox 2250 1288 3856 1363">
     <span class='ocr_line' id='line_1_28' title="bbox 2250 1288 3856 1363; baseline 0.001 -20"><span class='ocrx_word' id='word_1_212' title='bbox 2250 1290 2361 1353; x_wconf 90' lang='grc' dir='ltr'>δεν,</span> <span class='ocrx_word' id='word_1_213' title='bbox 2398 1289 2518 1342; x_wconf 80' lang='grc' dir='ltr'>οὐδὲ</span> <span class='ocrx_word' id='word_1_214' title='bbox 2544 1291 2591 1341; x_wconf 91' lang='grc' dir='ltr'>οἱ</span> <span class='ocrx_word' id='word_1_215' title='bbox 2621 1289 2842 1357; x_wconf 74' lang='grc' dir='ltr'>ἄγγελοι</span> <span class='ocrx_word' id='word_1_216' title='bbox 2874 1291 2931 1342; x_wconf 85' lang='grc' dir='ltr'>ὲν</span> <span class='ocrx_word' id='word_1_217' title='bbox 2970 1288 3206 1361; x_wconf 75' lang='grc' dir='ltr'>οὐρανῷ,</span> <span class='ocrx_word' id='word_1_218' title='bbox 3234 1290 3355 1342; x_wconf 80' lang='grc' dir='ltr'>οὐδὲ</span> <span class='ocrx_word' id='word_1_219' title='bbox 3385 1292 3413 1343; x_wconf 90' lang='lat'><strong>6</strong></span> <span class='ocrx_word' id='word_1_220' title='bbox 3451 1291 3600 1354; x_wconf 79' lang='grc' dir='ltr'>Υἱὸς,</span> <span class='ocrx_word' id='word_1_221' title='bbox 3632 1293 3680 1344; x_wconf 84' lang='grc' dir='ltr'><strong>εί</strong></span> <span class='ocrx_word' id='word_1_222' title='bbox 3718 1290 3799 1363; x_wconf 82' lang='grc' dir='ltr'><strong>μὴ</strong></span> <span class='ocrx_word' id='word_1_223' title='bbox 3827 1294 3856 1345; x_wconf 91' lang='lat'><strong>6</strong></span> 
     </span>
    </p>
   </div>
   <div class='ocr_carea' id='block_1_29' title="bbox 2254 1373 3857 1452">
    <p class='ocr_par' dir='ltr' id='par_1_29' title="bbox 2254 1373 3857 1452">
     <span class='ocr_line' id='line_1_29' title="bbox 2254 1373 3857 1452; baseline 0.001 -19"><span class='ocrx_word' id='word_1_224' title='bbox 2254 1380 2447 1451; x_wconf 77' lang='grc' dir='ltr'>Πατὴρ</span> <span class='ocrx_word' id='word_1_225' title='bbox 2483 1380 2660 1451; x_wconf 77' lang='grc' dir='ltr'>μόνος.</span> <span class='ocrx_word' id='word_1_226' title='bbox 2695 1400 2714 1433; x_wconf 78' lang='grc' dir='ltr'><strong>ι</strong></span> <span class='ocrx_word' id='word_1_227' title='bbox 2750 1373 2829 1452; x_wconf 79' lang='grc' dir='ltr'><strong>’ᾞ</strong></span> <span class='ocrx_word' id='word_1_228' title='bbox 2865 1381 2963 1450; x_wconf 81' lang='grc' dir='ltr'>μὲν</span> <span class='ocrx_word' id='word_1_229' title='bbox 2997 1381 3106 1452; x_wconf 73' lang='grc' dir='ltr'>γὰρ</span> <span class='ocrx_word' id='word_1_230' title='bbox 3138 1382 3343 1433; x_wconf 85' lang='grc' dir='ltr'>νοεῖται</span> <span class='ocrx_word' id='word_1_231' title='bbox 3391 1380 3514 1433; x_wconf 85' lang='grc' dir='ltr'>καθ’</span> <span class='ocrx_word' id='word_1_232' title='bbox 3567 1382 3718 1451; x_wconf 74' lang='grc' dir='ltr'>ἡμᾶς</span> <span class='ocrx_word' id='word_1_233' title='bbox 3764 1383 3857 1437; x_wconf 82' lang='grc' dir='ltr'><strong>ἄν-</strong></span> 
     </span>
    </p>
   </div>
   <div class='ocr_carea' id='block_1_30' title="bbox 2254 1465 3856 1545">
    <p class='ocr_par' dir='ltr' id='par_1_30' title="bbox 2254 1465 3856 1545">
     <span class='ocr_line' id='line_1_30' title="bbox 2254 1465 3856 1545; baseline 0.001 -22"><span class='ocrx_word' id='word_1_234' title='bbox 2254 1470 2501 1541; x_wconf 87' lang='grc' dir='ltr'>θρωπος,</span> <span class='ocrx_word' id='word_1_235' title='bbox 2527 1471 2627 1524; x_wconf 80' lang='grc' dir='ltr'><strong>οὐκ</strong></span> <span class='ocrx_word' id='word_1_236' title='bbox 2661 1470 2727 1524; x_wconf 84' lang='grc' dir='ltr'>ἂν</span> <span class='ocrx_word' id='word_1_237' title='bbox 2771 1472 2939 1543; x_wconf 82' lang='grc' dir='ltr'>εἰδείη</span> <span class='ocrx_word' id='word_1_238' title='bbox 2969 1473 3037 1526; x_wconf 83' lang='grc' dir='ltr'><strong>τὰ</strong></span> <span class='ocrx_word' id='word_1_239' title='bbox 3072 1474 3129 1525; x_wconf 80' lang='grc' dir='ltr'>ὲν</span> <span class='ocrx_word' id='word_1_240' title='bbox 3172 1470 3250 1541; x_wconf 84' lang='grc' dir='ltr'>τῷ</span> <span class='ocrx_word' id='word_1_241' title='bbox 3279 1472 3474 1543; x_wconf 88' lang='grc' dir='ltr'>Πατρί.</span> <span class='ocrx_word' id='word_1_242' title='bbox 3506 1465 3585 1545; x_wconf 66' lang='grc' dir='ltr'><strong>⁷ξί</strong></span> <span class='ocrx_word' id='word_1_243' title='bbox 3631 1472 3691 1525; x_wconf 82' lang='grc' dir='ltr'><strong>δέ</strong></span> <span class='ocrx_word' id='word_1_244' title='bbox 3736 1476 3856 1526; x_wconf 76' lang='grc' dir='ltr'>ἐστι</span> 
     </span>
    </p>
   </div>
   <div class='ocr_carea' id='block_1_31' title="bbox 2254 1560 3859 1634">
    <p class='ocr_par' dir='ltr' id='par_1_31' title="bbox 2254 1560 3859 1634">
     <span class='ocr_line' id='line_1_31' title="bbox 2254 1560 3859 1634; baseline 0.002 -20"><span class='ocrx_word' id='word_1_245' title='bbox 2254 1564 2413 1631; x_wconf 77' lang='grc' dir='ltr'>φύσει</span> <span class='ocrx_word' id='word_1_246' title='bbox 2438 1562 2590 1628; x_wconf 72' lang='grc' dir='ltr'>Θεὸς,</span> <span class='ocrx_word' id='word_1_247' title='bbox 2620 1565 2715 1616; x_wconf 82' lang='lat' dir='ltr'><strong>xui</strong></span> <span class='ocrx_word' id='word_1_248' title='bbox 2749 1564 2808 1630; x_wconf 79' lang='grc' dir='ltr'>ἐξ</span> <span class='ocrx_word' id='word_1_249' title='bbox 2852 1562 3016 1617; x_wconf 78' lang='grc' dir='ltr'>αὐτοῦ</span> <span class='ocrx_word' id='word_1_250' title='bbox 3052 1563 3332 1634; x_wconf 75' lang='grc' dir='ltr'>πεφηνὼς,</span> <span class='ocrx_word' id='word_1_251' title='bbox 3363 1560 3472 1617; x_wconf 83' lang='grc' dir='ltr'>οἶδέ</span> <span class='ocrx_word' id='word_1_252' title='bbox 3499 1581 3602 1617; x_wconf 85' lang='grc' dir='ltr'><strong>που</strong></span> <span class='ocrx_word' id='word_1_253' title='bbox 3633 1566 3859 1629; x_wconf 83' lang='grc' dir='ltr'>πάντως</span> 
     </span>
    </p>
   </div>
   <div class='ocr_carea' id='block_1_32' title="bbox 2255 1653 3860 1727">
    <p class='ocr_par' dir='ltr' id='par_1_32' title="bbox 2255 1653 3860 1727">
     <span class='ocr_line' id='line_1_32' title="bbox 2255 1653 3860 1727; baseline 0.002 -21"><span class='ocrx_word' id='word_1_254' title='bbox 2255 1653 2350 1706; x_wconf 80' lang='grc' dir='ltr'><strong>καὶ</strong></span> <span class='ocrx_word' id='word_1_255' title='bbox 2388 1656 2489 1725; x_wconf 83' lang='grc' dir='ltr'><strong>τὴν</strong></span> <span class='ocrx_word' id='word_1_256' title='bbox 2516 1654 2755 1725; x_wconf 75' lang='grc' dir='ltr'>ἐσχάτην</span> <span class='ocrx_word' id='word_1_257' title='bbox 2782 1655 3016 1725; x_wconf 82' lang='grc' dir='ltr'>ἡμέραν,</span> <span class='ocrx_word' id='word_1_258' title='bbox 3039 1655 3142 1708; x_wconf 77' lang='grc' dir='ltr'><strong>κᾶν</strong></span> <span class='ocrx_word' id='word_1_259' title='bbox 3173 1656 3220 1707; x_wconf 89' lang='grc' dir='ltr'><strong>εί</strong></span> <span class='ocrx_word' id='word_1_260' title='bbox 3246 1656 3401 1723; x_wconf 80' lang='grc' dir='ltr'><strong>λέγοι</strong></span> <span class='ocrx_word' id='word_1_261' title='bbox 3427 1656 3501 1727; x_wconf 80' lang='grc' dir='ltr'>μὴ</span> <span class='ocrx_word' id='word_1_262' title='bbox 3527 1655 3731 1708; x_wconf 77' lang='grc' dir='ltr'>εἰδέναι</span> <span class='ocrx_word' id='word_1_263' title='bbox 3769 1656 3860 1711; x_wconf 81' lang='grc' dir='ltr'><strong>διὰ</strong></span> 
     </span>
    </p>
   </div>
   <div class='ocr_carea' id='block_1_33' title="bbox 2254 1745 3856 1819">
    <p class='ocr_par' dir='ltr' id='par_1_33' title="bbox 2254 1745 3856 1819">
     <span class='ocr_line' id='line_1_33' title="bbox 2254 1745 3856 1819; baseline 0 -20"><span class='ocrx_word' id='word_1_264' title='bbox 2254 1745 2317 1799; x_wconf 80' lang='grc' dir='ltr'>τὸ</span> <span class='ocrx_word' id='word_1_265' title='bbox 2345 1745 2711 1818; x_wconf 78' lang='grc' dir='ltr'>ἀνθρώπινον.</span> <span class='ocrx_word' id='word_1_266' title='bbox 2760 1745 3147 1818; x_wconf 84' lang='grc' dir='ltr'>Διερμηνεύων</span> <span class='ocrx_word' id='word_1_267' title='bbox 3195 1746 3252 1799; x_wconf 81' lang='grc' dir='ltr'>δὲ</span> <span class='ocrx_word' id='word_1_268' title='bbox 3296 1748 3428 1817; x_wconf 83' lang='grc' dir='ltr'>ἡμῖν</span> <span class='ocrx_word' id='word_1_269' title='bbox 3469 1747 3499 1799; x_wconf 92' lang='lat'><strong>6</strong></span> <span class='ocrx_word' id='word_1_270' title='bbox 3543 1748 3856 1819; x_wconf 75' lang='grc' dir='ltr'>προφήτης,</span> 
     </span>
    </p>
   </div>
   <div class='ocr_carea' id='block_1_34' title="bbox 564 1831 2165 1910">
    <p class='ocr_par' dir='ltr' id='par_1_34' title="bbox 564 1831 2154 1904">
     <span class='ocr_line' id='line_1_34' title="bbox 564 1831 2154 1904; baseline 0.004 -21"><span class='ocrx_word' id='word_1_271' title='bbox 564 1831 757 1886; x_wconf 87' lang='lat' dir='ltr'><strong>melius</strong></span> <span class='ocrx_word' id='word_1_272' title='bbox 794 1833 1188 1887; x_wconf 78' lang='lat' dir='ltr'><strong>reformandam</strong></span> <span class='ocrx_word' id='word_1_273' title='bbox 1249 1836 1648 1900; x_wconf 78' lang='lat' dir='ltr'><strong>existimamus,</strong></span> <span class='ocrx_word' id='word_1_274' title='bbox 1706 1845 1761 1889; x_wconf 87' lang='lat' dir='ltr'><strong>ct</strong></span> <span class='ocrx_word' id='word_1_275' title='bbox 1805 1835 1909 1889; x_wconf 80' lang='lat' dir='ltr'><strong>(ide</strong></span> <span class='ocrx_word' id='word_1_276' title='bbox 1959 1834 2154 1904; x_wconf 80' lang='lat' dir='ltr'><strong>dignus</strong></span> 
     </span>
    </p>
   </div>
   <div class='ocr_carea' id='block_1_35' title="bbox 2268 1831 3860 1910">
    <p class='ocr_par' dir='ltr' id='par_1_35' title="bbox 2268 1837 3860 1910">
     <span class='ocr_line' id='line_1_35' title="bbox 2268 1837 3860 1910; baseline 0 -20"><span class='ocrx_word' id='word_1_277' title='bbox 2268 1837 2353 1890; x_wconf 60' lang='lat' dir='ltr'><strong>sui</strong></span> <span class='ocrx_word' id='word_1_278' title='bbox 2402 1838 2741 1910; x_wconf 69' lang='grc' dir='ltr'>σαφέστερον</span> <span class='ocrx_word' id='word_1_279' title='bbox 2797 1838 3064 1901; x_wconf 84' lang='grc' dir='ltr'>καθιστὰς</span> <span class='ocrx_word' id='word_1_280' title='bbox 3119 1838 3257 1909; x_wconf 77' lang='grc' dir='ltr'>ὅπερ</span> <span class='ocrx_word' id='word_1_281' title='bbox 3309 1838 3452 1908; x_wconf 79' lang='grc' dir='ltr'>ἔφη,</span> <span class='ocrx_word' id='word_1_282' title='bbox 3512 1838 3860 1910; x_wconf 72' lang='grc' dir='ltr'>προσεπάγει</span> 
     </span>
    </p>
   </div>
   <div class='ocr_carea' id='block_1_36' title="bbox 563 1923 2150 1997">
    <p class='ocr_par' dir='ltr' id='par_1_36' title="bbox 563 1923 2150 1997">
     <span class='ocr_line' id='line_1_36' title="bbox 563 1923 2150 1997; baseline 0.004 -24"><span class='ocrx_word' id='word_1_283' title='bbox 563 1923 970 1980; x_wconf 77' lang='lat' dir='ltr'><strong>cstSalvatoris</strong></span> <span class='ocrx_word' id='word_1_284' title='bbox 1023 1926 1342 1996; x_wconf 84' lang='lat' dir='ltr'><strong>discipulus,</strong></span> <span class='ocrx_word' id='word_1_285' title='bbox 1396 1927 1486 1997; x_wconf 86' lang='lat' dir='ltr'><strong>qui</strong></span> <span class='ocrx_word' id='word_1_286' title='bbox 1547 1928 1623 1981; x_wconf 87' lang='lat' dir='ltr'><strong>ait</strong></span> <span class='ocrx_word' id='word_1_287' title='bbox 1680 1936 1962 1980; x_wconf 82' lang='lat' dir='ltr'><strong>venturum</strong></span> <span class='ocrx_word' id='word_1_288' title='bbox 2007 1925 2150 1979; x_wconf 88' lang='lat' dir='ltr'><strong>diem</strong></span> 
     </span>
    </p>
   </div>
   <div class='ocr_carea' id='block_1_37' title="bbox 562 2013 2156 2085">
    <p class='ocr_par' dir='ltr' id='par_1_37' title="bbox 562 2013 2156 2085">
     <span class='ocr_line' id='line_1_37' title="bbox 562 2013 2156 2085; baseline 0.001 -18"><span class='ocrx_word' id='word_1_289' title='bbox 562 2013 776 2068; x_wconf 87' lang='lat' dir='ltr'><strong>Domini</strong></span> <span class='ocrx_word' id='word_1_290' title='bbox 812 2026 865 2068; x_wconf 91' lang='lat' dir='ltr'><strong>ut</strong></span> <span class='ocrx_word' id='word_1_291' title='bbox 890 2015 1051 2085; x_wconf 78' lang='lat'><strong>801</strong></span> <span class='ocrx_word' id='word_1_292' title='bbox 1089 2016 1259 2070; x_wconf 86' lang='lat' dir='ltr'><strong>furem</strong></span> <span class='ocrx_word' id='word_1_293' title='bbox 1284 2016 1338 2070; x_wconf 91' lang='lat' dir='ltr'><strong>in</strong></span> <span class='ocrx_word' id='word_1_294' title='bbox 1363 2028 1542 2083; x_wconf 87' lang='lat' dir='ltr'><strong>nocte,</strong></span> <span class='ocrx_word' id='word_1_295' title='bbox 1565 2026 1619 2072; x_wconf 89' lang='lat' dir='ltr'><strong>et</strong></span> <span class='ocrx_word' id='word_1_296' title='bbox 1647 2016 1814 2071; x_wconf 70' lang='lat' dir='ltr'><strong>malos</strong></span> <span class='ocrx_word' id='word_1_297' title='bbox 1841 2030 2036 2085; x_wconf 75' lang='lat' dir='ltr'><strong>magno</strong></span> <span class='ocrx_word' id='word_1_298' title='bbox 2062 2017 2156 2068; x_wconf 89' lang='lat' dir='ltr'><strong>int-</strong></span> 
     </span>
    </p>
   </div>
   <div class='ocr_carea' id='block_1_38' title="bbox 563 2107 2152 2175">
    <p class='ocr_par' dir='ltr' id='par_1_38' title="bbox 563 2107 2152 2175">
     <span class='ocr_line' id='line_1_38' title="bbox 563 2107 2152 2175; baseline 0.003 -18"><span class='ocrx_word' id='word_1_299' title='bbox 563 2118 687 2174; x_wconf 87' lang='lat' dir='ltr'><strong>petu</strong></span> <span class='ocrx_word' id='word_1_300' title='bbox 727 2109 1072 2175; x_wconf 87' lang='lat' dir='ltr'><strong>transituros,</strong></span> <span class='ocrx_word' id='word_1_301' title='bbox 1131 2109 1400 2163; x_wconf 88' lang='lat' dir='ltr'><strong>elementa</strong></span> <span class='ocrx_word' id='word_1_302' title='bbox 1454 2126 1588 2165; x_wconf 87' lang='lat' dir='ltr'><strong>vero</strong></span> <span class='ocrx_word' id='word_1_303' title='bbox 1625 2108 1951 2164; x_wconf 77' lang='lat' dir='ltr'><strong>continentia</strong></span> <span class='ocrx_word' id='word_1_304' title='bbox 2003 2107 2152 2162; x_wconf 86' lang='lat' dir='ltr'><strong>solu-</strong></span> 
     </span>
    </p>
   </div>
   <div class='ocr_carea' id='block_1_39' title="bbox 563 2201 2152 2271">
    <p class='ocr_par' dir='ltr' id='par_1_39' title="bbox 563 2201 2152 2271">
     <span class='ocr_line' id='line_1_39' title="bbox 563 2201 2152 2271; baseline 0.003 -22"><span class='ocrx_word' id='word_1_305' title='bbox 563 2208 700 2264; x_wconf 92' lang='lat' dir='ltr'><strong>tum,</strong></span> <span class='ocrx_word' id='word_1_306' title='bbox 736 2208 790 2254; x_wconf 90' lang='lat' dir='ltr'><strong>et</strong></span> <span class='ocrx_word' id='word_1_307' title='bbox 827 2208 1053 2264; x_wconf 82' lang='lat' dir='ltr'><strong>terram,</strong></span> <span class='ocrx_word' id='word_1_308' title='bbox 1087 2211 1141 2255; x_wconf 92' lang='lat' dir='ltr'><strong>et</strong></span> <span class='ocrx_word' id='word_1_309' title='bbox 1164 2216 1285 2270; x_wconf 67' lang='lat' dir='ltr'><strong>qua:</strong></span> <span class='ocrx_word' id='word_1_310' title='bbox 1311 2201 1363 2255; x_wconf 90' lang='lat' dir='ltr'><strong>in</strong></span> <span class='ocrx_word' id='word_1_311' title='bbox 1401 2202 1516 2271; x_wconf 87' lang='lat' dir='ltr'><strong>ipsa</strong></span> <span class='ocrx_word' id='word_1_312' title='bbox 1550 2210 1677 2256; x_wconf 91' lang='lat' dir='ltr'><strong>sunt</strong></span> <span class='ocrx_word' id='word_1_313' title='bbox 1700 2217 1863 2271; x_wconf 87' lang='lat' dir='ltr'><strong>opera</strong></span> <span class='ocrx_word' id='word_1_314' title='bbox 1897 2209 2152 2254; x_wconf 84' lang='lat' dir='ltr'><strong>exustum</strong></span> 
     </span>
    </p>
   </div>
   <div class='ocr_carea' id='block_1_40' title="bbox 562 2290 2155 2358">
    <p class='ocr_par' dir='ltr' id='par_1_40' title="bbox 562 2290 2155 2358">
     <span class='ocr_line' id='line_1_40' title="bbox 562 2290 2155 2358; baseline 0.001 -13"><span class='ocrx_word' id='word_1_315' title='bbox 562 2290 630 2345; x_wconf 86' lang='lat' dir='ltr'><strong>iri</strong></span> <span class='ocrx_word' id='word_1_316' title='bbox 670 2295 875 2358; x_wconf 88' lang='lat' dir='ltr'><strong>omnia,</strong></span> <span class='ocrx_word' id='word_1_317' title='bbox 937 2294 1107 2349; x_wconf 66' lang='lat' dir='ltr'><strong>caelos</strong></span> <span class='ocrx_word' id='word_1_318' title='bbox 1140 2301 1319 2349; x_wconf 88' lang='lat' dir='ltr'><strong>autem</strong></span> <span class='ocrx_word' id='word_1_319' title='bbox 1369 2312 1536 2351; x_wconf 82' lang='lat' dir='ltr'><strong>novos</strong></span> <span class='ocrx_word' id='word_1_320' title='bbox 1590 2304 1646 2350; x_wconf 88' lang='lat' dir='ltr'><strong>et</strong></span> <span class='ocrx_word' id='word_1_321' title='bbox 1699 2307 1900 2350; x_wconf 89' lang='lat' dir='ltr'><strong>terram</strong></span> <span class='ocrx_word' id='word_1_322' title='bbox 1961 2309 2155 2349; x_wconf 89' lang='lat' dir='ltr'><strong>novatn</strong></span> 
     </span>
    </p>
   </div>
   <div class='ocr_carea' id='block_1_41' title="bbox 564 2383 2156 2454">
    <p class='ocr_par' dir='ltr' id='par_1_41' title="bbox 564 2383 2156 2454">
     <span class='ocr_line' id='line_1_41' title="bbox 564 2383 2156 2454; baseline 0.003 -21"><span class='ocrx_word' id='word_1_323' title='bbox 564 2383 863 2435; x_wconf 79' lang='lat' dir='ltr'><strong>secundum</strong></span> <span class='ocrx_word' id='word_1_324' title='bbox 959 2384 1232 2451; x_wconf 89' lang='lat' dir='ltr'><strong>promissa</strong></span> <span class='ocrx_word' id='word_1_325' title='bbox 1303 2384 1474 2453; x_wconf 86' lang='lat' dir='ltr'><strong>ipsius</strong></span> <span class='ocrx_word' id='word_1_326' title='bbox 1538 2400 1637 2440; x_wconf 87' lang='lat' dir='ltr'><strong>nos</strong></span> <span class='ocrx_word' id='word_1_327' title='bbox 1713 2392 2032 2454; x_wconf 77' lang='lat' dir='ltr'><strong>exspectare</strong></span> <span class='ocrx_word' id='word_1_328' title='bbox 2087 2384 2156 2438; x_wconf 82' lang='grc'>⁸⁷.</span> 
     </span>
    </p>
   </div>
   <div class='ocr_carea' id='block_1_42' title="bbox 574 2472 2159 2543">
    <p class='ocr_par' dir='ltr' id='par_1_42' title="bbox 574 2472 2159 2543">
     <span class='ocr_line' id='line_1_42' title="bbox 574 2472 2159 2543; baseline 0.003 -18"><span class='ocrx_word' id='word_1_329' title='bbox 574 2472 729 2540; x_wconf 87' lang='lat' dir='ltr'><strong>Quod</strong></span> <span class='ocrx_word' id='word_1_330' title='bbox 761 2489 860 2528; x_wconf 91' lang='lat' dir='ltr'><strong>nos</strong></span> <span class='ocrx_word' id='word_1_331' title='bbox 890 2475 1136 2543; x_wconf 73' lang='lat' dir='ltr'><strong>cogitare</strong></span> <span class='ocrx_word' id='word_1_332' title='bbox 1163 2476 1326 2530; x_wconf 83' lang='lat' dir='ltr'><strong>etiam</strong></span> <span class='ocrx_word' id='word_1_333' title='bbox 1367 2492 1593 2532; x_wconf 88' lang='lat' dir='ltr'><strong>necesse</strong></span> <span class='ocrx_word' id='word_1_334' title='bbox 1616 2487 1722 2531; x_wconf 85' lang='lat' dir='ltr'><strong>est.</strong></span> <span class='ocrx_word' id='word_1_335' title='bbox 1762 2476 1818 2531; x_wconf 91' lang='lat' dir='ltr'><strong>Si</strong></span> <span class='ocrx_word' id='word_1_336' title='bbox 1864 2478 2007 2531; x_wconf 90' lang='lat' dir='ltr'><strong>enim</strong></span> <span class='ocrx_word' id='word_1_337' title='bbox 2064 2490 2159 2529; x_wconf 86' lang='lat' dir='ltr'><strong>no-</strong></span> 
     </span>
    </p>
   </div>
   <div class='ocr_carea' id='block_1_43' title="bbox 566 2567 2153 2638">
    <p class='ocr_par' dir='ltr' id='par_1_43' title="bbox 566 2567 2153 2638">
     <span class='ocr_line' id='line_1_43' title="bbox 566 2567 2153 2638; baseline 0.003 -21"><span class='ocrx_word' id='word_1_338' title='bbox 566 2573 680 2618; x_wconf 76' lang='lat' dir='ltr'><strong>stra</strong></span> <span class='ocrx_word' id='word_1_339' title='bbox 710 2567 931 2620; x_wconf 87' lang='lat' dir='ltr'><strong>omnino</strong></span> <span class='ocrx_word' id='word_1_340' title='bbox 970 2577 1131 2620; x_wconf 90' lang='lat' dir='ltr'><strong>erunt</strong></span> <span class='ocrx_word' id='word_1_341' title='bbox 1164 2567 1215 2621; x_wconf 88' lang='lat' dir='ltr'><strong>itt</strong></span> <span class='ocrx_word' id='word_1_342' title='bbox 1246 2568 1485 2625; x_wconf 88' lang='lat' dir='ltr'><strong>novitate</strong></span> <span class='ocrx_word' id='word_1_343' title='bbox 1535 2570 1679 2637; x_wconf 68' lang='lat' dir='ltr'><strong>vitaz,</strong></span> <span class='ocrx_word' id='word_1_344' title='bbox 1735 2584 1871 2623; x_wconf 89' lang='lat' dir='ltr'><strong>nova</strong></span> <span class='ocrx_word' id='word_1_345' title='bbox 1938 2581 2153 2638; x_wconf 85' lang='lat' dir='ltr'><strong>quoque</strong></span> 
     </span>
    </p>
   </div>
   <div class='ocr_carea' id='block_1_44' title="bbox 568 2658 2155 2727">
    <p class='ocr_par' dir='ltr' id='par_1_44' title="bbox 568 2658 2155 2727">
     <span class='ocr_line' id='line_1_44' title="bbox 568 2658 2155 2727; baseline 0.004 -20"><span class='ocrx_word' id='word_1_346' title='bbox 568 2667 816 2709; x_wconf 82' lang='lat' dir='ltr'><strong>creatura</strong></span> <span class='ocrx_word' id='word_1_347' title='bbox 847 2658 1003 2712; x_wconf 87' lang='lat' dir='ltr'><strong>nobis</strong></span> <span class='ocrx_word' id='word_1_348' title='bbox 1030 2675 1166 2727; x_wconf 85' lang='lat' dir='ltr'><strong>opus</strong></span> <span class='ocrx_word' id='word_1_349' title='bbox 1191 2661 1314 2714; x_wconf 88' lang='lat' dir='ltr'><strong>erit.</strong></span> <span class='ocrx_word' id='word_1_350' title='bbox 1381 2658 1535 2726; x_wconf 83' lang='lat' dir='ltr'><strong>Nam,</strong></span> <span class='ocrx_word' id='word_1_351' title='bbox 1582 2672 1640 2713; x_wconf 92' lang='lat' dir='ltr'><strong>ut</strong></span> <span class='ocrx_word' id='word_1_352' title='bbox 1682 2661 1874 2714; x_wconf 79' lang='lat' dir='ltr'><strong>scribit</strong></span> <span class='ocrx_word' id='word_1_353' title='bbox 1935 2660 2155 2714; x_wconf 85' lang='lat' dir='ltr'><strong>divinus</strong></span> 
     </span>
    </p>
   </div>
   <div class='ocr_carea' id='block_1_45' title="bbox 568 2745 2154 2820">
    <p class='ocr_par' dir='ltr' id='par_1_45' title="bbox 568 2745 2154 2820">
     <span class='ocr_line' id='line_1_45' title="bbox 568 2745 2154 2820; baseline 0.001 -21"><span class='ocrx_word' id='word_1_354' title='bbox 568 2745 771 2801; x_wconf 84' lang='lat' dir='ltr'><strong>Paulus</strong></span> <span class='ocrx_word' id='word_1_355' title='bbox 804 2766 817 2802; x_wconf 90' lang='lat'><strong>:</strong></span> <span class='ocrx_word' id='word_1_356' title='bbox 854 2766 871 2799; x_wconf 81' lang='grc' dir='ltr'><strong>ι</strong></span> <span class='ocrx_word' id='word_1_357' title='bbox 910 2746 1255 2803; x_wconf 86' lang='lat' dir='ltr'><strong>Liberabitur</strong></span> <span class='ocrx_word' id='word_1_358' title='bbox 1285 2760 1337 2804; x_wconf 89' lang='lat' dir='ltr'><strong>et</strong></span> <span class='ocrx_word' id='word_1_359' title='bbox 1371 2750 1485 2820; x_wconf 82' lang='lat' dir='ltr'><strong>ipsa</strong></span> <span class='ocrx_word' id='word_1_360' title='bbox 1510 2762 1759 2804; x_wconf 83' lang='lat' dir='ltr'><strong>creatura</strong></span> <span class='ocrx_word' id='word_1_361' title='bbox 1798 2750 2090 2817; x_wconf 81' lang='lat' dir='ltr'><strong>aliquando</strong></span> <span class='ocrx_word' id='word_1_362' title='bbox 2124 2760 2154 2801; x_wconf 86' lang='lat' dir='ltr'><strong>a</strong></span> 
     </span>
    </p>
   </div>
   <div class='ocr_carea' id='block_1_46' title="bbox 569 2841 2015 2913">
    <p class='ocr_par' dir='ltr' id='par_1_46' title="bbox 569 2841 2015 2913">
     <span class='ocr_line' id='line_1_46' title="bbox 569 2841 2015 2913; baseline -0.001 -18"><span class='ocrx_word' id='word_1_363' title='bbox 569 2841 831 2896; x_wconf 78' lang='lat' dir='ltr'><strong>servitute</strong></span> <span class='ocrx_word' id='word_1_364' title='bbox 868 2842 917 2896; x_wconf 94' lang='lat' dir='ltr'><strong>in</strong></span> <span class='ocrx_word' id='word_1_365' title='bbox 952 2843 1256 2896; x_wconf 82' lang='lat' dir='ltr'><strong>libertatem</strong></span> <span class='ocrx_word' id='word_1_366' title='bbox 1287 2844 1471 2913; x_wconf 69' lang='lat' dir='ltr'><strong>gloria:</strong></span> <span class='ocrx_word' id='word_1_367' title='bbox 1497 2844 1727 2898; x_wconf 85' lang='lat' dir='ltr'><strong>liliorum</strong></span> <span class='ocrx_word' id='word_1_368' title='bbox 1771 2843 1861 2897; x_wconf 86' lang='lat' dir='ltr'><strong>Dei</strong></span> <span class='ocrx_word' id='word_1_369' title='bbox 1895 2843 1961 2894; x_wconf 72' lang='grc'><strong>⁸³.</strong></span> <span class='ocrx_word' id='word_1_370' title='bbox 1996 2861 2015 2894; x_wconf 72' lang='grc' dir='ltr'><strong>ι</strong></span> 
     </span>
    </p>
   </div>
   <div class='ocr_carea' id='block_1_47' title="bbox 2258 1928 3859 2001">
    <p class='ocr_par' dir='ltr' id='par_1_47' title="bbox 2258 1928 3859 2001">
     <span class='ocr_line' id='line_1_47' title="bbox 2258 1928 3859 2001; baseline -0.001 -18"><span class='ocrx_word' id='word_1_371' title='bbox 2258 1929 2473 1993; x_wconf 77' lang='grc' dir='ltr'>τούτοις</span> <span class='ocrx_word' id='word_1_372' title='bbox 2493 1945 2506 1960; x_wconf 76' lang='grc' dir='ltr'><strong>ο</strong></span> <span class='ocrx_word' id='word_1_373' title='bbox 2558 1951 2575 1981; x_wconf 77' lang='grc' dir='ltr'><strong>ι</strong></span> <span class='ocrx_word' id='word_1_374' title='bbox 2613 1930 2723 1983; x_wconf 74' lang='grc' dir='ltr'><strong>Καὶ</strong></span> <span class='ocrx_word' id='word_1_375' title='bbox 2749 1929 2848 2000; x_wconf 72' lang='grc' dir='ltr'><strong>οὐχ</strong></span> <span class='ocrx_word' id='word_1_376' title='bbox 2877 1930 3064 2001; x_wconf 77' lang='grc' dir='ltr'>ἡμέρα</span> <span class='ocrx_word' id='word_1_377' title='bbox 3084 1968 3098 1995; x_wconf 95' lang='grc'><strong>,</strong></span> <span class='ocrx_word' id='word_1_378' title='bbox 3146 1929 3238 1982; x_wconf 80' lang='grc' dir='ltr'>καὶ</span> <span class='ocrx_word' id='word_1_379' title='bbox 3266 1930 3327 1981; x_wconf 81' lang='grc' dir='ltr'><strong>οὐ</strong></span> <span class='ocrx_word' id='word_1_380' title='bbox 3361 1930 3456 1995; x_wconf 78' lang='grc' dir='ltr'>νὺξ</span> <span class='ocrx_word' id='word_1_381' title='bbox 3488 1928 3641 1983; x_wconf 75' lang='grc' dir='ltr'>ἔσται</span> <span class='ocrx_word' id='word_1_382' title='bbox 3663 1969 3677 1995; x_wconf 89' lang='grc'><strong>,</strong></span> <span class='ocrx_word' id='word_1_383' title='bbox 3716 1928 3859 1983; x_wconf 76' lang='grc' dir='ltr'>ἀλλὰ</span> 
     </span>
    </p>
   </div>
   <div class='ocr_carea' id='block_1_48' title="bbox 2263 2017 3861 2090">
    <p class='ocr_par' dir='ltr' id='par_1_48' title="bbox 2263 2017 3861 2090">
     <span class='ocr_line' id='line_1_48' title="bbox 2263 2017 3861 2090; baseline -0.001 -19"><span class='ocrx_word' id='word_1_384' title='bbox 2263 2019 2401 2090; x_wconf 81' lang='grc' dir='ltr'>πρὸς</span> <span class='ocrx_word' id='word_1_385' title='bbox 2450 2019 2691 2090; x_wconf 80' lang='grc' dir='ltr'>ἑσπέραν</span> <span class='ocrx_word' id='word_1_386' title='bbox 2740 2018 2895 2072; x_wconf 77' lang='grc' dir='ltr'>ἔσται</span> <span class='ocrx_word' id='word_1_387' title='bbox 2949 2018 3099 2089; x_wconf 81' lang='grc' dir='ltr'>φῶς,</span> <span class='ocrx_word' id='word_1_388' title='bbox 3140 2037 3160 2070; x_wconf 75' lang='grc' dir='ltr'><strong>ι</strong></span> <span class='ocrx_word' id='word_1_389' title='bbox 3208 2019 3521 2082; x_wconf 82' lang='grc' dir='ltr'>τουτέστιν,</span> <span class='ocrx_word' id='word_1_390' title='bbox 3573 2019 3631 2071; x_wconf 80' lang='grc' dir='ltr'>ὲν</span> <span class='ocrx_word' id='word_1_391' title='bbox 3677 2017 3861 2089; x_wconf 85' lang='grc' dir='ltr'>καιρῷ</span> 
     </span>
    </p>
   </div>
   <div class='ocr_carea' id='block_1_49' title="bbox 2262 2109 3863 2181">
    <p class='ocr_par' dir='ltr' id='par_1_49' title="bbox 2262 2109 3863 2181">
     <span class='ocr_line' id='line_1_49' title="bbox 2262 2109 3863 2181; baseline -0.001 -16"><span class='ocrx_word' id='word_1_392' title='bbox 2262 2110 2478 2178; x_wconf 75' lang='grc' dir='ltr'>νυκτὸς,</span> <span class='ocrx_word' id='word_1_393' title='bbox 2503 2111 2618 2181; x_wconf 84' lang='grc' dir='ltr'><strong>φῶς</strong></span> <span class='ocrx_word' id='word_1_394' title='bbox 2645 2110 2797 2164; x_wconf 77' lang='grc' dir='ltr'>ἔσται</span> <span class='ocrx_word' id='word_1_395' title='bbox 2829 2111 2994 2164; x_wconf 76' lang='grc' dir='ltr'>πάλιν</span> <span class='ocrx_word' id='word_1_396' title='bbox 3026 2111 3087 2163; x_wconf 80' lang='grc' dir='ltr'><strong>τὸ</strong></span> <span class='ocrx_word' id='word_1_397' title='bbox 3117 2111 3205 2164; x_wconf 81' lang='grc' dir='ltr'>διὰ</span> <span class='ocrx_word' id='word_1_398' title='bbox 3251 2109 3492 2180; x_wconf 76' lang='grc' dir='ltr'>Χριστοῦ</span> <span class='ocrx_word' id='word_1_399' title='bbox 3536 2111 3863 2179; x_wconf 82' lang='grc' dir='ltr'>καταστρά-</span> 
     </span>
    </p>
   </div>
   <div class='ocr_carea' id='block_1_50' title="bbox 2255 2201 3860 2275">
    <p class='ocr_par' dir='ltr' id='par_1_50' title="bbox 2255 2201 3860 2275">
     <span class='ocr_line' id='line_1_50' title="bbox 2255 2201 3860 2275; baseline -0.002 -17"><span class='ocrx_word' id='word_1_400' title='bbox 2255 2203 2362 2274; x_wconf 79' lang='grc' dir='ltr'><strong>ψαν</strong></span> <span class='ocrx_word' id='word_1_401' title='bbox 2410 2203 2508 2275; x_wconf 82' lang='grc' dir='ltr'>τὴν</span> <span class='ocrx_word' id='word_1_402' title='bbox 2561 2203 2651 2255; x_wconf 85' lang='grc' dir='ltr'>ὑπ’</span> <span class='ocrx_word' id='word_1_403' title='bbox 2701 2203 2953 2273; x_wconf 79' lang='grc' dir='ltr'>οὐρανὸν,</span> <span class='ocrx_word' id='word_1_404' title='bbox 3018 2203 3365 2274; x_wconf 65' lang='grc' dir='ltr'>ἀνῃρημένου</span> <span class='ocrx_word' id='word_1_405' title='bbox 3416 2201 3700 2265; x_wconf 79' lang='grc' dir='ltr'>παντελῶς</span> <span class='ocrx_word' id='word_1_406' title='bbox 3761 2201 3860 2255; x_wconf 80' lang='grc' dir='ltr'><strong>τοῦ</strong></span> 
     </span>
    </p>
   </div>
   <div class='ocr_carea' id='block_1_51' title="bbox 2260 2291 3862 2363">
    <p class='ocr_par' dir='ltr' id='par_1_51' title="bbox 2260 2291 3862 2363">
     <span class='ocr_line' id='line_1_51' title="bbox 2260 2291 3862 2363; baseline -0.001 -17"><span class='ocrx_word' id='word_1_407' title='bbox 2260 2293 2507 2358; x_wconf 85' lang='grc' dir='ltr'>σκότους,</span> <span class='ocrx_word' id='word_1_408' title='bbox 2536 2293 2629 2347; x_wconf 86' lang='lat' dir='ltr'><strong>xui</strong></span> <span class='ocrx_word' id='word_1_409' title='bbox 2652 2294 2766 2356; x_wconf 88' lang='grc' dir='ltr'>τοῖς</span> <span class='ocrx_word' id='word_1_410' title='bbox 2790 2293 2899 2345; x_wconf 85' lang='grc' dir='ltr'><strong>τῶν</strong></span> <span class='ocrx_word' id='word_1_411' title='bbox 2924 2292 3095 2362; x_wconf 75' lang='grc' dir='ltr'>ἁγίων</span> <span class='ocrx_word' id='word_1_412' title='bbox 3123 2292 3426 2363; x_wconf 80' lang='grc' dir='ltr'>ὀφθαλμοῖς</span> <span class='ocrx_word' id='word_1_413' title='bbox 3450 2293 3552 2344; x_wconf 77' lang='grc' dir='ltr'><strong>οὐκ</strong></span> <span class='ocrx_word' id='word_1_414' title='bbox 3588 2291 3862 2345; x_wconf 76' lang='grc' dir='ltr'>ἐπιπολά-</span> 
     </span>
    </p>
   </div>
   <div class='ocr_carea' id='block_1_52' title="bbox 2260 2382 3862 2455">
    <p class='ocr_par' dir='ltr' id='par_1_52' title="bbox 2260 2382 3862 2455">
     <span class='ocr_line' id='line_1_52' title="bbox 2260 2382 3862 2455; baseline -0.002 -18"><span class='ocrx_word' id='word_1_415' title='bbox 2260 2384 2443 2450; x_wconf 80' lang='grc' dir='ltr'>ζοντος</span> <span class='ocrx_word' id='word_1_416' title='bbox 2466 2384 2567 2437; x_wconf 79' lang='grc' dir='ltr'>ἔτι.</span> <span class='ocrx_word' id='word_1_417' title='bbox 2604 2384 2760 2455; x_wconf 90' lang='grc' dir='ltr'>Ἔχει</span> <span class='ocrx_word' id='word_1_418' title='bbox 2794 2384 2849 2436; x_wconf 84' lang='grc' dir='ltr'><strong>δὲ</strong></span> <span class='ocrx_word' id='word_1_419' title='bbox 2878 2383 2970 2437; x_wconf 80' lang='grc' dir='ltr'><strong>τὸν</strong></span> <span class='ocrx_word' id='word_1_420' title='bbox 2995 2385 3194 2437; x_wconf 77' lang='grc' dir='ltr'>οἰκεῖον</span> <span class='ocrx_word' id='word_1_421' title='bbox 3225 2383 3384 2451; x_wconf 87' lang='grc' dir='ltr'>λόγον</span> <span class='ocrx_word' id='word_1_422' title='bbox 3409 2382 3490 2447; x_wconf 81' lang='grc' dir='ltr'><strong>τὸ,</strong></span> <span class='ocrx_word' id='word_1_423' title='bbox 3537 2383 3634 2437; x_wconf 85' lang='lat' dir='ltr'><strong>xui</strong></span> <span class='ocrx_word' id='word_1_424' title='bbox 3682 2385 3862 2453; x_wconf 81' lang='grc' dir='ltr'>αὐτὴν</span> 
     </span>
    </p>
   </div>
   <div class='ocr_carea' id='block_1_53' title="bbox 2259 2475 3855 2548">
    <p class='ocr_par' dir='ltr' id='par_1_53' title="bbox 2259 2475 3855 2548">
     <span class='ocr_line' id='line_1_53' title="bbox 2259 2475 3855 2548; baseline 0 -19"><span class='ocrx_word' id='word_1_425' title='bbox 2259 2475 2466 2530; x_wconf 75' lang='grc' dir='ltr'>οἴεσθαι</span> <span class='ocrx_word' id='word_1_426' title='bbox 2494 2476 2673 2529; x_wconf 89' lang='grc' dir='ltr'>κτίσιν</span> <span class='ocrx_word' id='word_1_427' title='bbox 2702 2476 2797 2530; x_wconf 76' lang='grc' dir='ltr'>ἐπὶ</span> <span class='ocrx_word' id='word_1_428' title='bbox 2824 2476 2894 2530; x_wconf 82' lang='grc' dir='ltr'>τὰ</span> <span class='ocrx_word' id='word_1_429' title='bbox 2917 2476 3127 2547; x_wconf 79' lang='grc' dir='ltr'>ἀμείνω</span> <span class='ocrx_word' id='word_1_430' title='bbox 3159 2475 3730 2548; x_wconf 72' lang='grc' dir='ltr'>μεταρρυθμίζεσθαι,</span> <span class='ocrx_word' id='word_1_431' title='bbox 3757 2479 3855 2529; x_wconf 81' lang='lat' dir='ltr'><strong>xui</strong></span> 
     </span>
    </p>
   </div>
   <div class='ocr_carea' id='block_1_54' title="bbox 2264 2565 3862 2640">
    <p class='ocr_par' dir='ltr' id='par_1_54' title="bbox 2264 2565 3862 2640">
     <span class='ocr_line' id='line_1_54' title="bbox 2264 2565 3862 2640; baseline -0.001 -18"><span class='ocrx_word' id='word_1_432' title='bbox 2264 2567 2565 2638; x_wconf 78' lang='grc' dir='ltr'>ἀξιόχρεως</span> <span class='ocrx_word' id='word_1_433' title='bbox 2603 2567 2701 2636; x_wconf 86' lang='grc' dir='ltr'><strong>μὲν</strong></span> <span class='ocrx_word' id='word_1_434' title='bbox 2741 2567 2837 2621; x_wconf 84' lang='grc' dir='ltr'><strong>τοῦ</strong></span> <span class='ocrx_word' id='word_1_435' title='bbox 2883 2567 3136 2638; x_wconf 82' lang='grc' dir='ltr'>Σωτῆρος</span> <span class='ocrx_word' id='word_1_436' title='bbox 3181 2569 3208 2621; x_wconf 87' lang='lat'><strong>6</strong></span> <span class='ocrx_word' id='word_1_437' title='bbox 3259 2565 3524 2639; x_wconf 77' lang='grc' dir='ltr'>μαθητὴς,</span> <span class='ocrx_word' id='word_1_438' title='bbox 3570 2567 3724 2638; x_wconf 66' lang='grc' dir='ltr'>ἥξειν</span> <span class='ocrx_word' id='word_1_439' title='bbox 3760 2568 3862 2640; x_wconf 80' lang='grc' dir='ltr'>τὴν</span> 
     </span>
    </p>
   </div>
   <div class='ocr_carea' id='block_1_55' title="bbox 2263 2660 3865 2732">
    <p class='ocr_par' dir='ltr' id='par_1_55' title="bbox 2263 2660 3865 2732">
     <span class='ocr_line' id='line_1_55' title="bbox 2263 2660 3865 2732; baseline 0 -19"><span class='ocrx_word' id='word_1_440' title='bbox 2263 2660 2479 2732; x_wconf 79' lang='grc' dir='ltr'>ἡμέραν</span> <span class='ocrx_word' id='word_1_441' title='bbox 2526 2662 2733 2732; x_wconf 83' lang='grc' dir='ltr'>Κυρίου</span> <span class='ocrx_word' id='word_1_442' title='bbox 2782 2660 2858 2725; x_wconf 82' lang='grc' dir='ltr'><strong>ὡς</strong></span> <span class='ocrx_word' id='word_1_443' title='bbox 2885 2660 3129 2732; x_wconf 80' lang='grc' dir='ltr'>κλέπτην</span> <span class='ocrx_word' id='word_1_444' title='bbox 3153 2660 3349 2729; x_wconf 86' lang='grc' dir='ltr'>λέγων,</span> <span class='ocrx_word' id='word_1_445' title='bbox 3378 2662 3639 2731; x_wconf 73' lang='grc' dir='ltr'>οὐρανοὺς</span> <span class='ocrx_word' id='word_1_446' title='bbox 3664 2661 3721 2714; x_wconf 77' lang='grc' dir='ltr'><strong>δὲ</strong></span> <span class='ocrx_word' id='word_1_447' title='bbox 3752 2664 3865 2716; x_wconf 74' lang='grc' dir='ltr'>ὁσι-</span> 
     </span>
    </p>
   </div>
   <div class='ocr_carea' id='block_1_56' title="bbox 2265 2748 3866 2823">
    <p class='ocr_par' dir='ltr' id='par_1_56' title="bbox 2265 2748 3866 2823">
     <span class='ocr_line' id='line_1_56' title="bbox 2265 2748 3866 2823; baseline 0.001 -21"><span class='ocrx_word' id='word_1_448' title='bbox 2265 2748 2425 2820; x_wconf 77' lang='grc' dir='ltr'>ζηδὸν</span> <span class='ocrx_word' id='word_1_449' title='bbox 2458 2749 2912 2820; x_wconf 79' lang='grc' dir='ltr'>παρελεύσεσθαι,</span> <span class='ocrx_word' id='word_1_450' title='bbox 2950 2753 3191 2819; x_wconf 86' lang='grc' dir='ltr'>στοιχεῖα</span> <span class='ocrx_word' id='word_1_451' title='bbox 3222 2751 3279 2803; x_wconf 81' lang='grc' dir='ltr'><strong>δὲ</strong></span> <span class='ocrx_word' id='word_1_452' title='bbox 3310 2751 3663 2822; x_wconf 80' lang='grc' dir='ltr'>καυσούμενα</span> <span class='ocrx_word' id='word_1_453' title='bbox 3692 2749 3866 2823; x_wconf 78' lang='grc' dir='ltr'>λυθὴ-</span> 
     </span>
    </p>
   </div>
   <div class='ocr_carea' id='block_1_57' title="bbox 2267 2840 3867 2913">
    <p class='ocr_par' dir='ltr' id='par_1_57' title="bbox 2267 2840 3867 2913">
     <span class='ocr_line' id='line_1_57' title="bbox 2267 2840 3867 2913; baseline 0.001 -20"><span class='ocrx_word' id='word_1_454' title='bbox 2267 2840 2479 2906; x_wconf 88' lang='grc' dir='ltr'>σεσθαι,</span> <span class='ocrx_word' id='word_1_455' title='bbox 2520 2844 2624 2912; x_wconf 86' lang='grc' dir='ltr'><strong>γῆν</strong></span> <span class='ocrx_word' id='word_1_456' title='bbox 2650 2842 2729 2904; x_wconf 82' lang='grc' dir='ltr'><strong>δὲ,</strong></span> <span class='ocrx_word' id='word_1_457' title='bbox 2763 2843 2858 2894; x_wconf 83' lang='lat' dir='ltr'><strong>xui</strong></span> <span class='ocrx_word' id='word_1_458' title='bbox 2888 2840 2959 2893; x_wconf 81' lang='grc' dir='ltr'>τὰ</span> <span class='ocrx_word' id='word_1_459' title='bbox 2990 2844 3047 2894; x_wconf 77' lang='grc' dir='ltr'>ὲν</span> <span class='ocrx_word' id='word_1_460' title='bbox 3080 2842 3218 2913; x_wconf 78' lang='grc' dir='ltr'>αὐτῇ</span> <span class='ocrx_word' id='word_1_461' title='bbox 3268 2841 3406 2913; x_wconf 81' lang='grc' dir='ltr'>ἔργα</span> <span class='ocrx_word' id='word_1_462' title='bbox 3436 2842 3867 2913; x_wconf 68' lang='grc' dir='ltr'><strong>κατακαυθήσε⁴</strong></span> 
     </span>
    </p>
   </div>
   <div class='ocr_carea' id='block_1_58' title="bbox 570 2932 3867 3007">
    <p class='ocr_par' dir='ltr' id='par_1_58' title="bbox 570 2932 3867 3007">
     <span class='ocr_line' id='line_1_58' title="bbox 570 2932 3867 3007; baseline -0 -19"><span class='ocrx_word' id='word_1_463' title='bbox 570 2932 694 2988; x_wconf 88' lang='grc' dir='ltr'>σθαι</span> <span class='ocrx_word' id='word_1_464' title='bbox 736 2935 931 3000; x_wconf 80' lang='grc' dir='ltr'>πάντα,</span> <span class='ocrx_word' id='word_1_465' title='bbox 965 2936 1227 3006; x_wconf 70' lang='grc' dir='ltr'>οὐρανοὺς</span> <span class='ocrx_word' id='word_1_466' title='bbox 1272 2936 1329 2989; x_wconf 80' lang='grc' dir='ltr'>δὲ</span> <span class='ocrx_word' id='word_1_467' title='bbox 1392 2939 1614 3000; x_wconf 69' lang='grc' dir='ltr'>καινοὺς</span> <span class='ocrx_word' id='word_1_468' title='bbox 1653 2938 1838 3007; x_wconf 72' lang='grc' dir='ltr'>ἡμᾶς,</span> <span class='ocrx_word' id='word_1_469' title='bbox 1872 2937 1963 2989; x_wconf 86' lang='lat' dir='ltr'><strong>xui</strong></span> <span class='ocrx_word' id='word_1_470' title='bbox 1994 2935 2189 3007; x_wconf 83' lang='grc' dir='ltr'>καινὴν</span> <span class='ocrx_word' id='word_1_471' title='bbox 2229 2935 2333 3005; x_wconf 80' lang='grc' dir='ltr'><strong>γῆν</strong></span> <span class='ocrx_word' id='word_1_472' title='bbox 2398 2936 2540 2988; x_wconf 81' lang='grc' dir='ltr'>κατὰ</span> <span class='ocrx_word' id='word_1_473' title='bbox 2572 2934 2641 2988; x_wconf 81' lang='grc' dir='ltr'>τὰ</span> <span class='ocrx_word' id='word_1_474' title='bbox 2685 2934 3083 3003; x_wconf 78' lang='grc' dir='ltr'>ἐπαγγέλματα</span> <span class='ocrx_word' id='word_1_475' title='bbox 3129 2934 3296 2987; x_wconf 78' lang='grc' dir='ltr'>αὐτοῦ</span> <span class='ocrx_word' id='word_1_476' title='bbox 3330 2936 3654 3006; x_wconf 85' lang='grc' dir='ltr'>προσδοκᾷν.</span> <span class='ocrx_word' id='word_1_477' title='bbox 3709 2935 3867 3007; x_wconf 74' lang='grc' dir='ltr'>Πλὴν</span> 
     </span>
    </p>
   </div>
   <div class='ocr_carea' id='block_1_59' title="bbox 569 3023 3869 3097">
    <p class='ocr_par' dir='ltr' id='par_1_59' title="bbox 569 3023 3869 3097">
     <span class='ocr_line' id='line_1_59' title="bbox 569 3023 3869 3097; baseline 0 -17"><span class='ocrx_word' id='word_1_478' title='bbox 569 3026 664 3080; x_wconf 82' lang='lat' dir='ltr'><strong>xui</strong></span> <span class='ocrx_word' id='word_1_479' title='bbox 693 3023 752 3090; x_wconf 79' lang='grc' dir='ltr'><strong>ἐξ</strong></span> <span class='ocrx_word' id='word_1_480' title='bbox 812 3028 1130 3095; x_wconf 83' lang='grc' dir='ltr'>ἀναγκαίων</span> <span class='ocrx_word' id='word_1_481' title='bbox 1176 3027 1253 3092; x_wconf 85' lang='grc' dir='ltr'><strong>είς</strong></span> <span class='ocrx_word' id='word_1_482' title='bbox 1301 3026 1457 3080; x_wconf 86' lang='grc' dir='ltr'>τοῦτο</span> <span class='ocrx_word' id='word_1_483' title='bbox 1507 3026 1839 3096; x_wconf 79' lang='grc' dir='ltr'>βαδιούμεθα</span> <span class='ocrx_word' id='word_1_484' title='bbox 1888 3025 2187 3097; x_wconf 69' lang='grc' dir='ltr'>λογισμῶν.</span> <span class='ocrx_word' id='word_1_485' title='bbox 2227 3025 2290 3078; x_wconf 86' lang='lat' dir='ltr'><strong>El</strong></span> <span class='ocrx_word' id='word_1_486' title='bbox 2339 3024 2448 3095; x_wconf 83' lang='grc' dir='ltr'>γὰρ</span> <span class='ocrx_word' id='word_1_487' title='bbox 2494 3024 2647 3079; x_wconf 73' lang='grc' dir='ltr'>ἔσται</span> <span class='ocrx_word' id='word_1_488' title='bbox 2695 3025 2914 3089; x_wconf 77' lang='grc' dir='ltr'>πάντως</span> <span class='ocrx_word' id='word_1_489' title='bbox 2964 3028 3021 3078; x_wconf 77' lang='grc' dir='ltr'>ὲν</span> <span class='ocrx_word' id='word_1_490' title='bbox 3073 3026 3356 3095; x_wconf 84' lang='grc' dir='ltr'>καινότητι</span> <span class='ocrx_word' id='word_1_491' title='bbox 3411 3027 3557 3096; x_wconf 80' lang='grc' dir='ltr'>ζωῆς</span> <span class='ocrx_word' id='word_1_492' title='bbox 3605 3029 3674 3081; x_wconf 71' lang='grc' dir='ltr'><strong>τὰ</strong></span> <span class='ocrx_word' id='word_1_493' title='bbox 3740 3029 3869 3081; x_wconf 81' lang='grc' dir='ltr'>καθ’</span> 
     </span>
    </p>
   </div>
   <div class='ocr_carea' id='block_1_60' title="bbox 572 3115 3867 3188">
    <p class='ocr_par' dir='ltr' id='par_1_60' title="bbox 572 3115 3867 3188">
     <span class='ocr_line' id='line_1_60' title="bbox 572 3115 3867 3188; baseline 0.001 -19"><span class='ocrx_word' id='word_1_494' title='bbox 572 3117 740 3186; x_wconf 70' lang='grc' dir='ltr'>ἡμᾶς,</span> <span class='ocrx_word' id='word_1_495' title='bbox 766 3119 958 3183; x_wconf 79' lang='grc' dir='ltr'>καινῆς</span> <span class='ocrx_word' id='word_1_496' title='bbox 982 3118 1114 3187; x_wconf 75' lang='grc' dir='ltr'>ἡμῖν</span> <span class='ocrx_word' id='word_1_497' title='bbox 1143 3117 1222 3169; x_wconf 85' lang='grc' dir='ltr'>δεῖ</span> <span class='ocrx_word' id='word_1_498' title='bbox 1287 3116 1377 3170; x_wconf 79' lang='grc' dir='ltr'><strong>καὶ</strong></span> <span class='ocrx_word' id='word_1_499' title='bbox 1432 3115 1686 3180; x_wconf 83' lang='grc' dir='ltr'>κτίσεως.</span> <span class='ocrx_word' id='word_1_500' title='bbox 1724 3118 1815 3180; x_wconf 79' lang='grc' dir='ltr'>Ὠς</span> <span class='ocrx_word' id='word_1_501' title='bbox 1877 3117 1986 3188; x_wconf 74' lang='grc' dir='ltr'><strong>γὰρ</strong></span> <span class='ocrx_word' id='word_1_502' title='bbox 2014 3119 2042 3170; x_wconf 91' lang='lat'><strong>6</strong></span> <span class='ocrx_word' id='word_1_503' title='bbox 2105 3116 2396 3178; x_wconf 81' lang='grc' dir='ltr'>θεσπέσιος</span> <span class='ocrx_word' id='word_1_504' title='bbox 2439 3116 2641 3185; x_wconf 80' lang='grc' dir='ltr'>γράφει</span> <span class='ocrx_word' id='word_1_505' title='bbox 2686 3115 2921 3179; x_wconf 87' lang='grc' dir='ltr'>Παῦλος,</span> <span class='ocrx_word' id='word_1_506' title='bbox 2956 3135 2974 3168; x_wconf 76' lang='grc' dir='ltr'><strong>ι</strong></span> <span class='ocrx_word' id='word_1_507' title='bbox 3014 3116 3549 3187; x_wconf 71' lang='grc' dir='ltr'>Ἐλευοερωθήσεται</span> <span class='ocrx_word' id='word_1_508' title='bbox 3591 3118 3687 3170; x_wconf 81' lang='lat' dir='ltr'><strong>xui</strong></span> <span class='ocrx_word' id='word_1_509' title='bbox 3728 3119 3867 3188; x_wconf 75' lang='grc' dir='ltr'>αὑτὴ</span> 
     </span>
    </p>
   </div>
   <div class='ocr_carea' id='block_1_61' title="bbox 574 3191 3611 3282">
    <p class='ocr_par' dir='ltr' id='par_1_61' title="bbox 574 3191 3611 3282">
     <span class='ocr_line' id='line_1_61' title="bbox 574 3191 3611 3282; baseline -0.002 -18"><span class='ocrx_word' id='word_1_510' title='bbox 574 3210 716 3264; x_wconf 85' lang='grc' dir='ltr'><strong>κατά</strong></span> <span class='ocrx_word' id='word_1_511' title='bbox 760 3212 987 3280; x_wconf 80' lang='grc' dir='ltr'>καιροὺς</span> <span class='ocrx_word' id='word_1_512' title='bbox 1034 3191 1079 3279; x_wconf 64' lang='grc' dir='ltr'>η’</span> <span class='ocrx_word' id='word_1_513' title='bbox 1112 3210 1289 3275; x_wconf 86' lang='grc' dir='ltr'>κτίσις</span> <span class='ocrx_word' id='word_1_514' title='bbox 1340 3211 1448 3264; x_wconf 77' lang='grc' dir='ltr'>ἀπὸ</span> <span class='ocrx_word' id='word_1_515' title='bbox 1496 3211 1595 3281; x_wconf 85' lang='grc' dir='ltr'><strong>τῆς</strong></span> <span class='ocrx_word' id='word_1_516' title='bbox 1646 3211 1888 3275; x_wconf 77' lang='grc' dir='ltr'>δουλείας</span> <span class='ocrx_word' id='word_1_517' title='bbox 1931 3213 2011 3273; x_wconf 87' lang='grc' dir='ltr'><strong>εἰς</strong></span> <span class='ocrx_word' id='word_1_518' title='bbox 2059 3210 2157 3282; x_wconf 81' lang='grc' dir='ltr'>τὴν</span> <span class='ocrx_word' id='word_1_519' title='bbox 2197 3208 2511 3280; x_wconf 73' lang='grc' dir='ltr'>ἐλευθερίαν</span> <span class='ocrx_word' id='word_1_520' title='bbox 2544 3209 2642 3278; x_wconf 85' lang='grc' dir='ltr'><strong>τῆς</strong></span> <span class='ocrx_word' id='word_1_521' title='bbox 2698 3209 2858 3279; x_wconf 80' lang='grc' dir='ltr'>δόξης</span> <span class='ocrx_word' id='word_1_522' title='bbox 2884 3209 2991 3263; x_wconf 87' lang='grc' dir='ltr'><strong>τῶν</strong></span> <span class='ocrx_word' id='word_1_523' title='bbox 3030 3210 3239 3264; x_wconf 85' lang='grc' dir='ltr'>τέκνων</span> <span class='ocrx_word' id='word_1_524' title='bbox 3275 3209 3368 3262; x_wconf 84' lang='grc' dir='ltr'><strong>τοῦ</strong></span> <span class='ocrx_word' id='word_1_525' title='bbox 3394 3208 3550 3261; x_wconf 75' lang='grc' dir='ltr'>Θεοῦ.</span> <span class='ocrx_word' id='word_1_526' title='bbox 3594 3229 3611 3259; x_wconf 72' lang='grc' dir='ltr'><strong>ι</strong></span> 
     </span>
    </p>
   </div>
   <div class='ocr_carea' id='block_1_62' title="bbox 650 3302 2235 3374">
    <p class='ocr_par' dir='ltr' id='par_1_62' title="bbox 650 3302 2235 3374">
     <span class='ocr_line' id='line_1_62' title="bbox 650 3302 2235 3374; baseline 0.003 -21"><span class='ocrx_word' id='word_1_527' title='bbox 650 3303 814 3357; x_wconf 72' lang='lat' dir='ltr'><strong>Vsus.</strong></span> <span class='ocrx_word' id='word_1_528' title='bbox 852 3303 905 3369; x_wconf 90' lang='lat'><strong>8,</strong></span> <span class='ocrx_word' id='word_1_529' title='bbox 946 3303 1001 3357; x_wconf 89' lang='lat'><strong>9.</strong></span> <span class='ocrx_word' id='word_1_530' title='bbox 1044 3302 1108 3356; x_wconf 86' lang='lat' dir='ltr'><strong>In</strong></span> <span class='ocrx_word' id='word_1_531' title='bbox 1137 3304 1219 3357; x_wconf 80' lang='lat' dir='ltr'><strong>die</strong></span> <span class='ocrx_word' id='word_1_532' title='bbox 1267 3307 1362 3357; x_wconf 82' lang='lat' dir='ltr'><strong>illa</strong></span> <span class='ocrx_word' id='word_1_533' title='bbox 1414 3306 1700 3374; x_wconf 69' lang='lat' dir='ltr'><strong>egredietur</strong></span> <span class='ocrx_word' id='word_1_534' title='bbox 1758 3321 1898 3373; x_wconf 87' lang='lat' dir='ltr'><strong>aqua</strong></span> <span class='ocrx_word' id='word_1_535' title='bbox 1941 3305 2052 3357; x_wconf 77' lang='lat' dir='ltr'><strong>viva</strong></span> <span class='ocrx_word' id='word_1_536' title='bbox 2101 3305 2163 3357; x_wconf 83' lang='lat' dir='ltr'><strong>de</strong></span> <span class='ocrx_word' id='word_1_537' title='bbox 2191 3309 2235 3367; x_wconf 72' lang='grc' dir='ltr'>α</span> 
     </span>
    </p>
   </div>
   <div class='ocr_carea' id='block_1_63' title="bbox 577 3395 2167 3465">
    <p class='ocr_par' dir='ltr' id='par_1_63' title="bbox 577 3395 2167 3465">
     <span class='ocr_line' id='line_1_63' title="bbox 577 3395 2167 3465; baseline 0 -15"><span class='ocrx_word' id='word_1_538' title='bbox 577 3395 898 3457; x_wconf 79' lang='lat' dir='ltr'><strong>Jerusalem,</strong></span> <span class='ocrx_word' id='word_1_539' title='bbox 935 3395 1106 3447; x_wconf 79' lang='lat' dir='ltr'><strong>media</strong></span> <span class='ocrx_word' id='word_1_540' title='bbox 1154 3413 1279 3459; x_wconf 78' lang='lat' dir='ltr'><strong>pars</strong></span> <span class='ocrx_word' id='word_1_541' title='bbox 1327 3397 1440 3465; x_wconf 80' lang='lat' dir='ltr'><strong>ejus</strong></span> <span class='ocrx_word' id='word_1_542' title='bbox 1495 3397 1551 3448; x_wconf 80' lang='lat' dir='ltr'><strong>in</strong></span> <span class='ocrx_word' id='word_1_543' title='bbox 1598 3412 1745 3449; x_wconf 86' lang='lat' dir='ltr'><strong>mare</strong></span> <span class='ocrx_word' id='word_1_544' title='bbox 1814 3397 2065 3462; x_wconf 86' lang='lat' dir='ltr'><strong>primum,</strong></span> <span class='ocrx_word' id='word_1_545' title='bbox 2118 3403 2167 3450; x_wconf 77' lang='lat' dir='ltr'><strong>et</strong></span> 
     </span>
    </p>
   </div>
   <div class='ocr_carea' id='block_1_64' title="bbox 581 3486 2166 3555">
    <p class='ocr_par' dir='ltr' id='par_1_64' title="bbox 581 3486 2166 3555">
     <span class='ocr_line' id='line_1_64' title="bbox 581 3486 2166 3555; baseline 0.001 -16"><span class='ocrx_word' id='word_1_546' title='bbox 581 3486 756 3539; x_wconf 84' lang='lat' dir='ltr'><strong>media</strong></span> <span class='ocrx_word' id='word_1_547' title='bbox 784 3502 907 3555; x_wconf 80' lang='lat' dir='ltr'><strong>pars</strong></span> <span class='ocrx_word' id='word_1_548' title='bbox 943 3487 1057 3555; x_wconf 76' lang='lat' dir='ltr'><strong>ejus</strong></span> <span class='ocrx_word' id='word_1_549' title='bbox 1092 3490 1144 3538; x_wconf 77' lang='lat' dir='ltr'><strong>in</strong></span> <span class='ocrx_word' id='word_1_550' title='bbox 1190 3502 1333 3540; x_wconf 87' lang='lat' dir='ltr'><strong>mare</strong></span> <span class='ocrx_word' id='word_1_551' title='bbox 1388 3487 1754 3553; x_wconf 74' lang='lat' dir='ltr'><strong>novissimum,</strong></span> <span class='ocrx_word' id='word_1_552' title='bbox 1785 3498 1832 3539; x_wconf 80' lang='lat' dir='ltr'><strong>et</strong></span> <span class='ocrx_word' id='word_1_553' title='bbox 1875 3487 1929 3541; x_wconf 80' lang='lat' dir='ltr'><strong>in</strong></span> <span class='ocrx_word' id='word_1_554' title='bbox 1964 3498 2166 3550; x_wconf 64' lang='lat' dir='ltr'><strong>(estate,</strong></span> 
     </span>
    </p>
   </div>
   <div class='ocr_carea' id='block_1_65' title="bbox 582 3576 2171 3650">
    <p class='ocr_par' dir='ltr' id='par_1_65' title="bbox 582 3576 2171 3650">
     <span class='ocr_line' id='line_1_65' title="bbox 582 3576 2171 3650; baseline -0.001 -19"><span class='ocrx_word' id='word_1_555' title='bbox 582 3588 631 3632; x_wconf 80' lang='lat' dir='ltr'><strong>ct</strong></span> <span class='ocrx_word' id='word_1_556' title='bbox 654 3580 709 3632; x_wconf 84' lang='lat' dir='ltr'><strong>in</strong></span> <span class='ocrx_word' id='word_1_557' title='bbox 736 3595 848 3632; x_wconf 77' lang='lat' dir='ltr'><strong>vere</strong></span> <span class='ocrx_word' id='word_1_558' title='bbox 875 3578 949 3631; x_wconf 82' lang='lat' dir='ltr'><strong>sic</strong></span> <span class='ocrx_word' id='word_1_559' title='bbox 979 3579 1098 3633; x_wconf 82' lang='lat' dir='ltr'><strong>erit.</strong></span> <span class='ocrx_word' id='word_1_560' title='bbox 1138 3576 1204 3631; x_wconf 76' lang='lat' dir='ltr'><strong>Et</strong></span> <span class='ocrx_word' id='word_1_561' title='bbox 1233 3579 1333 3632; x_wconf 74' lang='lat' dir='ltr'><strong>erit</strong></span> <span class='ocrx_word' id='word_1_562' title='bbox 1383 3578 1641 3633; x_wconf 76' lang='lat' dir='ltr'><strong>Dominus</strong></span> <span class='ocrx_word' id='word_1_563' title='bbox 1699 3580 1754 3633; x_wconf 79' lang='lat' dir='ltr'><strong>in</strong></span> <span class='ocrx_word' id='word_1_564' title='bbox 1795 3595 1963 3650; x_wconf 84' lang='lat' dir='ltr'><strong>regem</strong></span> <span class='ocrx_word' id='word_1_565' title='bbox 2013 3594 2171 3648; x_wconf 78' lang='lat' dir='ltr'><strong>super</strong></span> 
     </span>
    </p>
   </div>
   <div class='ocr_carea' id='block_1_66' title="bbox 585 3682 1031 3725">
    <p class='ocr_par' dir='ltr' id='par_1_66' title="bbox 585 3682 1031 3725">
     <span class='ocr_line' id='line_1_66' title="bbox 585 3682 1031 3725; baseline -0.007 -1"><span class='ocrx_word' id='word_1_566' title='bbox 585 3687 784 3725; x_wconf 81' lang='lat' dir='ltr'><strong>omnem</strong></span> <span class='ocrx_word' id='word_1_567' title='bbox 816 3682 1031 3725; x_wconf 81' lang='lat' dir='ltr'><strong>terram.</strong></span> 
     </span>
    </p>
   </div>
   <div class='ocr_carea' id='block_1_67' title="bbox 657 3848 2169 3920">
    <p class='ocr_par' dir='ltr' id='par_1_67' title="bbox 657 3848 2169 3920">
     <span class='ocr_line' id='line_1_67' title="bbox 657 3848 2169 3920; baseline -0.001 -14"><span class='ocrx_word' id='word_1_568' title='bbox 657 3850 789 3907; x_wconf 71' lang='lat' dir='ltr'><strong>CVI.</strong></span> <span class='ocrx_word' id='word_1_569' title='bbox 832 3849 1067 3904; x_wconf 81' lang='lat' dir='ltr'><strong>Rursum</strong></span> <span class='ocrx_word' id='word_1_570' title='bbox 1103 3859 1292 3905; x_wconf 89' lang='lat' dir='ltr'><strong>narrat</strong></span> <span class='ocrx_word' id='word_1_571' title='bbox 1327 3849 1508 3915; x_wconf 89' lang='lat' dir='ltr'><strong>nobis,</strong></span> <span class='ocrx_word' id='word_1_572' title='bbox 1554 3850 1804 3920; x_wconf 84' lang='lat' dir='ltr'><strong>quamvis</strong></span> <span class='ocrx_word' id='word_1_573' title='bbox 1855 3848 2169 3917; x_wconf 90' lang='lat' dir='ltr'><strong>involutius,</strong></span> 
     </span>
    </p>
   </div>
   <div class='ocr_carea' id='block_1_68' title="bbox 589 3941 2172 4013">
    <p class='ocr_par' dir='ltr' id='par_1_68' title="bbox 589 3941 2172 4013">
     <span class='ocr_line' id='line_1_68' title="bbox 589 3941 2172 4013; baseline -0.001 -16"><span class='ocrx_word' id='word_1_574' title='bbox 589 3944 848 4013; x_wconf 90' lang='lat' dir='ltr'><strong>Spiritum</strong></span> <span class='ocrx_word' id='word_1_575' title='bbox 868 3952 1115 3997; x_wconf 89' lang='lat' dir='ltr'><strong>sanctum</strong></span> <span class='ocrx_word' id='word_1_576' title='bbox 1146 3957 1311 4011; x_wconf 88' lang='lat' dir='ltr'><strong>super</strong></span> <span class='ocrx_word' id='word_1_577' title='bbox 1333 3951 1551 3996; x_wconf 90' lang='lat' dir='ltr'><strong>sanctos</strong></span> <span class='ocrx_word' id='word_1_578' title='bbox 1586 3941 1895 4011; x_wconf 81' lang='lat' dir='ltr'><strong>largissime</strong></span> <span class='ocrx_word' id='word_1_579' title='bbox 1916 3952 1971 3996; x_wconf 92' lang='lat' dir='ltr'><strong>et</strong></span> <span class='ocrx_word' id='word_1_580' title='bbox 2011 3942 2172 3995; x_wconf 89' lang='lat' dir='ltr'><strong>uber-</strong></span> 
     </span>
    </p>
   </div>
   <div class='ocr_carea' id='block_1_69' title="bbox 592 4032 2171 4103">
    <p class='ocr_par' dir='ltr' id='par_1_69' title="bbox 592 4032 2171 4103">
     <span class='ocr_line' id='line_1_69' title="bbox 592 4032 2171 4103; baseline -0.001 -13"><span class='ocrx_word' id='word_1_581' title='bbox 592 4036 725 4090; x_wconf 91' lang='lat' dir='ltr'><strong>rime</strong></span> <span class='ocrx_word' id='word_1_582' title='bbox 752 4032 980 4089; x_wconf 76' lang='lat' dir='ltr'><strong>eli‘nsum</strong></span> <span class='ocrx_word' id='word_1_583' title='bbox 1024 4034 1113 4102; x_wconf 90' lang='lat' dir='ltr'><strong>iri,</strong></span> <span class='ocrx_word' id='word_1_584' title='bbox 1153 4049 1218 4089; x_wconf 89' lang='lat' dir='ltr'><strong>eo</strong></span> <span class='ocrx_word' id='word_1_585' title='bbox 1275 4033 1615 4103; x_wconf 88' lang='lat' dir='ltr'><strong>potissimum</strong></span> <span class='ocrx_word' id='word_1_586' title='bbox 1667 4042 1930 4103; x_wconf 86' lang='lat' dir='ltr'><strong>tempore,</strong></span> <span class='ocrx_word' id='word_1_587' title='bbox 1986 4049 2092 4103; x_wconf 90' lang='lat' dir='ltr'><strong>quo</strong></span> <span class='ocrx_word' id='word_1_588' title='bbox 2116 4033 2171 4089; x_wconf 89' lang='lat' dir='ltr'><strong>in</strong></span> 
     </span>
    </p>
   </div>
   <div class='ocr_carea' id='block_1_70' title="bbox 589 4121 2175 4192">
    <p class='ocr_par' dir='ltr' id='par_1_70' title="bbox 589 4121 2175 4192">
     <span class='ocr_line' id='line_1_70' title="bbox 589 4121 2175 4192; baseline -0.003 -12"><span class='ocrx_word' id='word_1_589' title='bbox 589 4135 829 4181; x_wconf 85' lang='lat' dir='ltr'><strong>sanctam</strong></span> <span class='ocrx_word' id='word_1_590' title='bbox 865 4134 918 4179; x_wconf 91' lang='lat' dir='ltr'><strong>et</strong></span> <span class='ocrx_word' id='word_1_591' title='bbox 955 4138 1171 4192; x_wconf 86' lang='lat' dir='ltr'><strong>semper</strong></span> <span class='ocrx_word' id='word_1_592' title='bbox 1199 4123 1513 4177; x_wconf 88' lang='lat' dir='ltr'><strong>duraturam</strong></span> <span class='ocrx_word' id='word_1_593' title='bbox 1547 4122 1710 4174; x_wconf 90' lang='lat' dir='ltr'><strong>vitam</strong></span> <span class='ocrx_word' id='word_1_594' title='bbox 1768 4121 2008 4177; x_wconf 87' lang='lat' dir='ltr'><strong>subvecti</strong></span> <span class='ocrx_word' id='word_1_595' title='bbox 2060 4121 2175 4176; x_wconf 82' lang='lat' dir='ltr'><strong>fue-</strong></span> 
     </span>
    </p>
   </div>
   <div class='ocr_carea' id='block_1_71' title="bbox 590 4213 2176 4287">
    <p class='ocr_par' dir='ltr' id='par_1_71' title="bbox 590 4213 2176 4287">
     <span class='ocr_line' id='line_1_71' title="bbox 590 4213 2176 4287; baseline -0.002 -15"><span class='ocrx_word' id='word_1_596' title='bbox 590 4221 719 4283; x_wconf 87' lang='lat' dir='ltr'><strong>rint,</strong></span> <span class='ocrx_word' id='word_1_597' title='bbox 743 4219 806 4272; x_wconf 90' lang='lat' dir='ltr'><strong>ad</strong></span> <span class='ocrx_word' id='word_1_598' title='bbox 834 4217 1005 4280; x_wconf 90' lang='lat' dir='ltr'><strong>illam,</strong></span> <span class='ocrx_word' id='word_1_599' title='bbox 1036 4216 1279 4287; x_wconf 88' lang='lat' dir='ltr'><strong>inquam,</strong></span> <span class='ocrx_word' id='word_1_600' title='bbox 1308 4215 1474 4270; x_wconf 81' lang='lat' dir='ltr'><strong>futuri</strong></span> <span class='ocrx_word' id='word_1_601' title='bbox 1506 4214 1710 4272; x_wconf 71' lang='lat' dir='ltr'><strong>smculi.</strong></span> <span class='ocrx_word' id='word_1_602' title='bbox 1734 4213 1889 4271; x_wconf 89' lang='lat' dir='ltr'><strong>Nunc</strong></span> <span class='ocrx_word' id='word_1_603' title='bbox 1905 4215 2047 4269; x_wconf 89' lang='lat' dir='ltr'><strong>enim</strong></span> <span class='ocrx_word' id='word_1_604' title='bbox 2080 4231 2176 4286; x_wconf 91' lang='lat' dir='ltr'><strong>per</strong></span> 
     </span>
    </p>
   </div>
   <div class='ocr_carea' id='block_1_72' title="bbox 592 4307 2176 4380">
    <p class='ocr_par' dir='ltr' id='par_1_72' title="bbox 592 4307 2176 4380">
     <span class='ocr_line' id='line_1_72' title="bbox 592 4307 2176 4380; baseline -0.003 -16"><span class='ocrx_word' id='word_1_605' title='bbox 592 4311 749 4365; x_wconf 76' lang='lat' dir='ltr'><strong>(idem</strong></span> <span class='ocrx_word' id='word_1_606' title='bbox 786 4310 839 4363; x_wconf 90' lang='lat' dir='ltr'><strong>in</strong></span> <span class='ocrx_word' id='word_1_607' title='bbox 871 4308 1148 4365; x_wconf 86' lang='lat' dir='ltr'><strong>Christum</strong></span> <span class='ocrx_word' id='word_1_608' title='bbox 1180 4309 1332 4377; x_wconf 91' lang='lat' dir='ltr'><strong>quasi</strong></span> <span class='ocrx_word' id='word_1_609' title='bbox 1365 4308 1729 4362; x_wconf 86' lang='lat' dir='ltr'><strong>arrhabonent</strong></span> <span class='ocrx_word' id='word_1_610' title='bbox 1748 4316 1799 4363; x_wconf 87' lang='lat' dir='ltr'><strong>et</strong></span> <span class='ocrx_word' id='word_1_611' title='bbox 1839 4307 2034 4380; x_wconf 79' lang='lat' dir='ltr'><strong>pignus</strong></span> <span class='ocrx_word' id='word_1_612' title='bbox 2062 4308 2176 4377; x_wconf 88' lang='lat' dir='ltr'><strong>pri-</strong></span> 
     </span>
    </p>
   </div>
   <div class='ocr_carea' id='block_1_73' title="bbox 593 4397 2191 4470">
    <p class='ocr_par' dir='ltr' id='par_1_73' title="bbox 593 4397 2191 4470">
     <span class='ocr_line' id='line_1_73' title="bbox 593 4397 2191 4470; baseline -0.003 -13"><span class='ocrx_word' id='word_1_613' title='bbox 593 4403 773 4457; x_wconf 88' lang='lat' dir='ltr'><strong>mitias</strong></span> <span class='ocrx_word' id='word_1_614' title='bbox 818 4400 990 4457; x_wconf 89' lang='lat' dir='ltr'><strong>sancti</strong></span> <span class='ocrx_word' id='word_1_615' title='bbox 1024 4400 1259 4469; x_wconf 85' lang='lat' dir='ltr'><strong>Spiritus</strong></span> <span class='ocrx_word' id='word_1_616' title='bbox 1300 4415 1396 4469; x_wconf 87' lang='lat' dir='ltr'><strong>pro</strong></span> <span class='ocrx_word' id='word_1_617' title='bbox 1446 4399 1651 4455; x_wconf 88' lang='lat' dir='ltr'><strong>divitiis</strong></span> <span class='ocrx_word' id='word_1_618' title='bbox 1693 4400 2021 4470; x_wconf 87' lang='lat' dir='ltr'><strong>accepimus.</strong></span> <span class='ocrx_word' id='word_1_619' title='bbox 2075 4397 2191 4469; x_wconf 81' lang='lat' dir='ltr'><strong>Ubi</strong></span> 
     </span>
    </p>
   </div>
   <div class='ocr_carea' id='block_1_74' title="bbox 592 4491 2178 4562">
    <p class='ocr_par' dir='ltr' id='par_1_74' title="bbox 592 4491 2178 4562">
     <span class='ocr_line' id='line_1_74' title="bbox 592 4491 2178 4562; baseline 0.001 -17"><span class='ocrx_word' id='word_1_620' title='bbox 592 4504 774 4550; x_wconf 85' lang='lat' dir='ltr'><strong>autem</strong></span> <span class='ocrx_word' id='word_1_621' title='bbox 799 4509 827 4546; x_wconf 88' lang='lat' dir='ltr'><strong>a</strong></span> <span class='ocrx_word' id='word_1_622' title='bbox 864 4493 1088 4547; x_wconf 87' lang='lat' dir='ltr'><strong>mortuis</strong></span> <span class='ocrx_word' id='word_1_623' title='bbox 1126 4492 1480 4558; x_wconf 88' lang='lat' dir='ltr'><strong>redierimus,</strong></span> <span class='ocrx_word' id='word_1_624' title='bbox 1519 4501 1740 4562; x_wconf 88' lang='lat' dir='ltr'><strong>peccato</strong></span> <span class='ocrx_word' id='word_1_625' title='bbox 1791 4506 2014 4561; x_wconf 83' lang='lat' dir='ltr'><strong>prorsus</strong></span> <span class='ocrx_word' id='word_1_626' title='bbox 2051 4491 2178 4547; x_wconf 88' lang='lat' dir='ltr'><strong>sub-</strong></span> 
     </span>
    </p>
   </div>
   <div class='ocr_carea' id='block_1_75' title="bbox 593 4584 2176 4655">
    <p class='ocr_par' dir='ltr' id='par_1_75' title="bbox 593 4584 2176 4655">
     <span class='ocr_line' id='line_1_75' title="bbox 593 4584 2176 4655; baseline -0.003 -14"><span class='ocrx_word' id='word_1_627' title='bbox 593 4588 724 4653; x_wconf 90' lang='lat' dir='ltr'><strong>lato,</strong></span> <span class='ocrx_word' id='word_1_628' title='bbox 761 4601 864 4640; x_wconf 94' lang='lat' dir='ltr'><strong>non</strong></span> <span class='ocrx_word' id='word_1_629' title='bbox 916 4595 1172 4655; x_wconf 88' lang='lat' dir='ltr'><strong>tanquam</strong></span> <span class='ocrx_word' id='word_1_630' title='bbox 1207 4584 1447 4639; x_wconf 88' lang='lat' dir='ltr'><strong>arrhabo</strong></span> <span class='ocrx_word' id='word_1_631' title='bbox 1476 4584 1709 4653; x_wconf 89' lang='lat' dir='ltr'><strong>amplius</strong></span> <span class='ocrx_word' id='word_1_632' title='bbox 1748 4593 1803 4638; x_wconf 90' lang='lat' dir='ltr'><strong>et</strong></span> <span class='ocrx_word' id='word_1_633' title='bbox 1836 4584 1889 4637; x_wconf 93' lang='lat' dir='ltr'><strong>in</strong></span> <span class='ocrx_word' id='word_1_634' title='bbox 1923 4598 2176 4637; x_wconf 84' lang='lat' dir='ltr'><strong>mensura</strong></span> 
     </span>
    </p>
   </div>
   <div class='ocr_carea' id='block_1_76' title="bbox 2353 3298 3873 3369">
    <p class='ocr_par' dir='ltr' id='par_1_76' title="bbox 2353 3298 3873 3369">
     <span class='ocr_line' id='line_1_76' title="bbox 2353 3298 3873 3369; baseline -0.001 -14"><span class='ocrx_word' id='word_1_635' title='bbox 2353 3301 2454 3355; x_wconf 81' lang='grc' dir='ltr'><em>Ἐν</em></span> <span class='ocrx_word' id='word_1_636' title='bbox 2506 3298 2580 3369; x_wconf 77' lang='grc' dir='ltr'>τῇ</span> <span class='ocrx_word' id='word_1_637' title='bbox 2636 3300 2826 3369; x_wconf 76' lang='grc' dir='ltr'>ἡμέρᾳ</span> <span class='ocrx_word' id='word_1_638' title='bbox 2864 3301 3067 3369; x_wconf 80' lang='grc' dir='ltr'>ἐκείνῃ</span> <span class='ocrx_word' id='word_1_639' title='bbox 3113 3300 3500 3366; x_wconf 77' lang='grc' dir='ltr'>ἐξελεύσεται</span> <span class='ocrx_word' id='word_1_640' title='bbox 3547 3299 3709 3369; x_wconf 80' lang='grc' dir='ltr'>ὕδωρ</span> <span class='ocrx_word' id='word_1_641' title='bbox 3760 3300 3873 3361; x_wconf 61' lang='lat' dir='ltr'><strong>(Cor</strong></span> 
     </span>
    </p>
   </div>
   <div class='ocr_carea' id='block_1_77' title="bbox 2268 3393 3875 3463">
    <p class='ocr_par' dir='ltr' id='par_1_77' title="bbox 2268 3393 3875 3463">
     <span class='ocr_line' id='line_1_77' title="bbox 2268 3393 3875 3463; baseline -0.001 -14"><span class='ocrx_word' id='word_1_642' title='bbox 2268 3397 2339 3459; x_wconf 73' lang='grc' dir='ltr'><strong>ὲξ</strong></span> <span class='ocrx_word' id='word_1_643' title='bbox 2379 3393 2799 3463; x_wconf 76' lang='grc' dir='ltr'>Ἰερουσαλὴμ,</span> <span class='ocrx_word' id='word_1_644' title='bbox 2839 3393 2906 3446; x_wconf 84' lang='grc' dir='ltr'>τὸ</span> <span class='ocrx_word' id='word_1_645' title='bbox 2938 3393 3130 3463; x_wconf 79' lang='grc' dir='ltr'>ἣμισυ</span> <span class='ocrx_word' id='word_1_646' title='bbox 3158 3393 3346 3448; x_wconf 80' lang='grc' dir='ltr'>αὑτοῦ</span> <span class='ocrx_word' id='word_1_647' title='bbox 3372 3397 3457 3460; x_wconf 83' lang='grc' dir='ltr'>εὶς</span> <span class='ocrx_word' id='word_1_648' title='bbox 3498 3393 3614 3461; x_wconf 74' lang='grc' dir='ltr'><strong>τὴν</strong></span> <span class='ocrx_word' id='word_1_649' title='bbox 3638 3393 3875 3448; x_wconf 74' lang='grc' dir='ltr'>θάλασ-</span> 
     </span>
    </p>
   </div>
   <div class='ocr_carea' id='block_1_78' title="bbox 2274 3485 3878 3555">
    <p class='ocr_par' dir='ltr' id='par_1_78' title="bbox 2274 3485 3878 3555">
     <span class='ocr_line' id='line_1_78' title="bbox 2274 3485 3878 3555; baseline -0.001 -14"><span class='ocrx_word' id='word_1_650' title='bbox 2274 3503 2399 3542; x_wconf 79' lang='grc' dir='ltr'>σαν</span> <span class='ocrx_word' id='word_1_651' title='bbox 2425 3486 2542 3555; x_wconf 80' lang='grc' dir='ltr'><strong>τὴν</strong></span> <span class='ocrx_word' id='word_1_652' title='bbox 2580 3486 2842 3554; x_wconf 71' lang='grc' dir='ltr'>πρώτην,</span> <span class='ocrx_word' id='word_1_653' title='bbox 2908 3487 3010 3539; x_wconf 81' lang='grc' dir='ltr'>καὶ</span> <span class='ocrx_word' id='word_1_654' title='bbox 3061 3486 3126 3540; x_wconf 82' lang='grc' dir='ltr'>τὸ</span> <span class='ocrx_word' id='word_1_655' title='bbox 3179 3486 3370 3555; x_wconf 84' lang='grc' dir='ltr'>ἥμισυ</span> <span class='ocrx_word' id='word_1_656' title='bbox 3399 3485 3586 3539; x_wconf 76' lang='grc' dir='ltr'>αὑτοῦ</span> <span class='ocrx_word' id='word_1_657' title='bbox 3612 3488 3703 3552; x_wconf 84' lang='grc' dir='ltr'>εις</span> <span class='ocrx_word' id='word_1_658' title='bbox 3760 3488 3878 3555; x_wconf 67' lang='grc' dir='ltr'><strong>τὴν</strong></span> 
     </span>
    </p>
   </div>
   <div class='ocr_carea' id='block_1_79' title="bbox 2271 3576 3876 3647">
    <p class='ocr_par' dir='ltr' id='par_1_79' title="bbox 2271 3576 3876 3647">
     <span class='ocr_line' id='line_1_79' title="bbox 2271 3576 3876 3647; baseline -0.001 -13"><span class='ocrx_word' id='word_1_659' title='bbox 2271 3578 2593 3635; x_wconf 77' lang='grc' dir='ltr'>θάλασσαν·</span> <span class='ocrx_word' id='word_1_660' title='bbox 2654 3576 2769 3646; x_wconf 77' lang='grc' dir='ltr'><strong>τὴν</strong></span> <span class='ocrx_word' id='word_1_661' title='bbox 2818 3578 3110 3647; x_wconf 81' lang='grc' dir='ltr'>ἐσχάτην,</span> <span class='ocrx_word' id='word_1_662' title='bbox 3173 3577 3273 3631; x_wconf 77' lang='grc' dir='ltr'>καὶ</span> <span class='ocrx_word' id='word_1_663' title='bbox 3330 3578 3399 3631; x_wconf 83' lang='grc' dir='ltr'><strong>ἐν</strong></span> <span class='ocrx_word' id='word_1_664' title='bbox 3436 3578 3612 3645; x_wconf 78' lang='grc' dir='ltr'>θέρει,</span> <span class='ocrx_word' id='word_1_665' title='bbox 3655 3578 3760 3632; x_wconf 77' lang='grc' dir='ltr'>καὶ</span> <span class='ocrx_word' id='word_1_666' title='bbox 3806 3581 3876 3632; x_wconf 70' lang='grc' dir='ltr'><strong>ἐν·</strong></span> 
     </span>
    </p>
   </div>
   <div class='ocr_carea' id='block_1_80' title="bbox 2271 3662 3876 3737">
    <p class='ocr_par' dir='ltr' id='par_1_80' title="bbox 2271 3662 3876 3737">
     <span class='ocr_line' id='line_1_80' title="bbox 2271 3662 3876 3737; baseline -0.004 -16"><span class='ocrx_word' id='word_1_667' title='bbox 2271 3669 2399 3737; x_wconf 77' lang='grc' dir='ltr'>ἔαρι</span> <span class='ocrx_word' id='word_1_668' title='bbox 2427 3667 2599 3720; x_wconf 73' lang='grc' dir='ltr'>ἔσται</span> <span class='ocrx_word' id='word_1_669' title='bbox 2628 3665 2837 3732; x_wconf 79' lang='grc' dir='ltr'>οὕτως.</span> <span class='ocrx_word' id='word_1_670' title='bbox 2890 3665 3001 3719; x_wconf 79' lang='grc' dir='ltr'><strong>Καὶ</strong></span> <span class='ocrx_word' id='word_1_671' title='bbox 3038 3666 3211 3720; x_wconf 76' lang='grc' dir='ltr'>ἔσται</span> <span class='ocrx_word' id='word_1_672' title='bbox 3253 3666 3469 3733; x_wconf 81' lang='grc' dir='ltr'>Κύριος</span> <span class='ocrx_word' id='word_1_673' title='bbox 3496 3667 3584 3731; x_wconf 79' lang='grc' dir='ltr'>εις</span> <span class='ocrx_word' id='word_1_674' title='bbox 3606 3662 3876 3729; x_wconf 68' lang='grc' dir='ltr'>,ϐασιλέα</span> 
     </span>
    </p>
   </div>
   <div class='ocr_carea' id='block_1_81' title="bbox 2272 3755 2906 3827">
    <p class='ocr_par' dir='ltr' id='par_1_81' title="bbox 2272 3755 2906 3827">
     <span class='ocr_line' id='line_1_81' title="bbox 2272 3755 2906 3827; baseline -0.008 -13"><span class='ocrx_word' id='word_1_675' title='bbox 2272 3759 2370 3814; x_wconf 81' lang='grc' dir='ltr'><strong>ἐπὶ</strong></span> <span class='ocrx_word' id='word_1_676' title='bbox 2396 3758 2603 3813; x_wconf 75' lang='grc' dir='ltr'>πᾶσαν</span> <span class='ocrx_word' id='word_1_677' title='bbox 2632 3757 2745 3825; x_wconf 71' lang='grc' dir='ltr'><strong>τὴν</strong></span> <span class='ocrx_word' id='word_1_678' title='bbox 2772 3755 2906 3827; x_wconf 71' lang='grc' dir='ltr'>γῆν.</span> 
     </span>
    </p>
   </div>
   <div class='ocr_carea' id='block_1_82' title="bbox 2345 3848 3879 3922">
    <p class='ocr_par' dir='ltr' id='par_1_82' title="bbox 2345 3848 3879 3922">
     <span class='ocr_line' id='line_1_82' title="bbox 2345 3848 3879 3922; baseline -0.002 -17"><span class='ocrx_word' id='word_1_679' title='bbox 2345 3853 2485 3920; x_wconf 67' lang='lat' dir='ltr'><strong>PG’.</strong></span> <span class='ocrx_word' id='word_1_680' title='bbox 2526 3849 2837 3920; x_wconf 78' lang='grc' dir='ltr'>Ἐξηγείται</span> <span class='ocrx_word' id='word_1_681' title='bbox 2871 3850 3035 3904; x_wconf 78' lang='grc' dir='ltr'>πάλιν</span> <span class='ocrx_word' id='word_1_682' title='bbox 3065 3851 3196 3922; x_wconf 83' lang='grc' dir='ltr'>ἡμῖν</span> <span class='ocrx_word' id='word_1_683' title='bbox 3228 3848 3668 3918; x_wconf 77' lang='grc' dir='ltr'>αἰνιγματωδῶς,</span> <span class='ocrx_word' id='word_1_684' title='bbox 3699 3849 3785 3902; x_wconf 79' lang='grc' dir='ltr'>ὅτι</span> <span class='ocrx_word' id='word_1_685' title='bbox 3814 3848 3879 3920; x_wconf 81' lang='grc' dir='ltr'>δὴ</span> 
     </span>
    </p>
   </div>
   <div class='ocr_carea' id='block_1_83' title="bbox 2275 3938 3881 4014">
    <p class='ocr_par' dir='ltr' id='par_1_83' title="bbox 2275 3938 3881 4014">
     <span class='ocr_line' id='line_1_83' title="bbox 2275 3938 3881 4014; baseline -0.002 -18"><span class='ocrx_word' id='word_1_686' title='bbox 2275 3942 2505 4013; x_wconf 82' lang='grc' dir='ltr'>πλείστη</span> <span class='ocrx_word' id='word_1_687' title='bbox 2532 3960 2591 3996; x_wconf 87' lang='grc' dir='ltr'><strong>τε</strong></span> <span class='ocrx_word' id='word_1_688' title='bbox 2617 3943 2739 4014; x_wconf 79' lang='grc' dir='ltr'>ὅση,</span> <span class='ocrx_word' id='word_1_689' title='bbox 2765 3942 2860 3996; x_wconf 87' lang='lat' dir='ltr'><strong>xui</strong></span> <span class='ocrx_word' id='word_1_690' title='bbox 2892 3940 3215 4013; x_wconf 67' lang='grc' dir='ltr'>ἀμφιλαφὴς</span> <span class='ocrx_word' id='word_1_691' title='bbox 3248 3941 3281 4010; x_wconf 80' lang='grc' dir='ltr'>ἡ</span> <span class='ocrx_word' id='word_1_692' title='bbox 3313 3938 3408 3992; x_wconf 87' lang='grc' dir='ltr'><strong>τοῦ</strong></span> <span class='ocrx_word' id='word_1_693' title='bbox 3432 3940 3591 4009; x_wconf 78' lang='grc' dir='ltr'>ἁγίου</span> <span class='ocrx_word' id='word_1_694' title='bbox 3621 3939 3881 4010; x_wconf 75' lang='grc' dir='ltr'>Πνεῦμα-</span> 
     </span>
    </p>
   </div>
   <div class='ocr_carea' id='block_1_84' title="bbox 2276 4032 3881 4106">
    <p class='ocr_par' dir='ltr' id='par_1_84' title="bbox 2276 4032 3881 4106">
     <span class='ocr_line' id='line_1_84' title="bbox 2276 4032 3881 4106; baseline -0.003 -17"><span class='ocrx_word' id='word_1_695' title='bbox 2276 4053 2368 4099; x_wconf 84' lang='grc' dir='ltr'><strong>τος</strong></span> <span class='ocrx_word' id='word_1_696' title='bbox 2395 4034 2553 4106; x_wconf 77' lang='grc' dir='ltr'>χύσις</span> <span class='ocrx_word' id='word_1_697' title='bbox 2585 4037 2697 4097; x_wconf 89' lang='grc' dir='ltr'>τοῖς</span> <span class='ocrx_word' id='word_1_698' title='bbox 2746 4034 2925 4103; x_wconf 90' lang='grc' dir='ltr'>ἁγίοις</span> <span class='ocrx_word' id='word_1_699' title='bbox 2980 4032 3460 4105; x_wconf 83' lang='grc' dir='ltr'>ὲκνεμηθήσεται,</span> <span class='ocrx_word' id='word_1_700' title='bbox 3523 4033 3647 4086; x_wconf 86' lang='grc' dir='ltr'>κατ’</span> <span class='ocrx_word' id='word_1_701' title='bbox 3696 4035 3881 4085; x_wconf 82' lang='grc' dir='ltr'>ἐκεῖνο</span> 
     </span>
    </p>
   </div>
   <div class='ocr_carea' id='block_1_85' title="bbox 2281 4124 3884 4201">
    <p class='ocr_par' dir='ltr' id='par_1_85' title="bbox 2281 4124 3884 4201">
     <span class='ocr_line' id='line_1_85' title="bbox 2281 4124 3884 4201; baseline -0.002 -19"><span class='ocrx_word' id='word_1_702' title='bbox 2281 4129 2515 4201; x_wconf 84' lang='grc' dir='ltr'>μάλιστα</span> <span class='ocrx_word' id='word_1_703' title='bbox 2565 4127 2658 4180; x_wconf 84' lang='grc' dir='ltr'><strong>τοῦ</strong></span> <span class='ocrx_word' id='word_1_704' title='bbox 2714 4124 2932 4198; x_wconf 84' lang='grc' dir='ltr'>καιροῦ,</span> <span class='ocrx_word' id='word_1_705' title='bbox 2971 4126 3094 4179; x_wconf 82' lang='grc' dir='ltr'>καθ’</span> <span class='ocrx_word' id='word_1_706' title='bbox 3148 4125 3207 4178; x_wconf 85' lang='grc' dir='ltr'><strong>δν</strong></span> <span class='ocrx_word' id='word_1_707' title='bbox 3239 4125 3306 4179; x_wconf 84' lang='grc' dir='ltr'><strong>ἀν</strong></span> <span class='ocrx_word' id='word_1_708' title='bbox 3353 4127 3434 4189; x_wconf 84' lang='grc' dir='ltr'><strong>είς</strong></span> <span class='ocrx_word' id='word_1_709' title='bbox 3482 4126 3647 4194; x_wconf 85' lang='grc' dir='ltr'>ἁγίαν</span> <span class='ocrx_word' id='word_1_710' title='bbox 3699 4144 3761 4179; x_wconf 88' lang='grc' dir='ltr'><strong>τε</strong></span> <span class='ocrx_word' id='word_1_711' title='bbox 3791 4126 3884 4180; x_wconf 72' lang='grc' dir='ltr'><strong>καὶ</strong></span> 
     </span>
    </p>
   </div>
   <div class='ocr_carea' id='block_1_86' title="bbox 2278 4218 3876 4294">
    <p class='ocr_par' dir='ltr' id='par_1_86' title="bbox 2278 4218 3876 4294">
     <span class='ocr_line' id='line_1_86' title="bbox 2278 4218 3876 4294; baseline -0.004 -18"><span class='ocrx_word' id='word_1_712' title='bbox 2278 4222 2559 4294; x_wconf 86' lang='grc' dir='ltr'>ἀείδρυτον</span> <span class='ocrx_word' id='word_1_713' title='bbox 2605 4220 3026 4291; x_wconf 81' lang='grc' dir='ltr'>ἀνακομισθεῖεν</span> <span class='ocrx_word' id='word_1_714' title='bbox 3087 4218 3266 4292; x_wconf 79' lang='grc' dir='ltr'>ζωὴν,</span> <span class='ocrx_word' id='word_1_715' title='bbox 3315 4219 3415 4289; x_wconf 80' lang='grc' dir='ltr'>τὴν</span> <span class='ocrx_word' id='word_1_716' title='bbox 3457 4221 3533 4282; x_wconf 83' lang='grc' dir='ltr'>ὡς</span> <span class='ocrx_word' id='word_1_717' title='bbox 3582 4220 3643 4271; x_wconf 85' lang='grc' dir='ltr'>ὲν</span> <span class='ocrx_word' id='word_1_718' title='bbox 3690 4219 3876 4281; x_wconf 86' lang='grc' dir='ltr'>αἰῶνι,</span> 
     </span>
    </p>
   </div>
   <div class='ocr_carea' id='block_1_87' title="bbox 2281 4309 3887 4385">
    <p class='ocr_par' dir='ltr' id='par_1_87' title="bbox 2281 4309 3887 4385">
     <span class='ocr_line' id='line_1_87' title="bbox 2281 4309 3887 4385; baseline -0.002 -19"><span class='ocrx_word' id='word_1_719' title='bbox 2281 4314 2446 4385; x_wconf 75' lang='grc' dir='ltr'>φημὶ,</span> <span class='ocrx_word' id='word_1_720' title='bbox 2494 4312 2575 4384; x_wconf 81' lang='grc' dir='ltr'>τῷ</span> <span class='ocrx_word' id='word_1_721' title='bbox 2611 4313 2883 4384; x_wconf 87' lang='grc' dir='ltr'>μέλλοντι.</span> <span class='ocrx_word' id='word_1_722' title='bbox 2912 4312 3050 4366; x_wconf 71' lang='grc' dir='ltr'>Νυνὶ</span> <span class='ocrx_word' id='word_1_723' title='bbox 3078 4311 3177 4382; x_wconf 84' lang='grc' dir='ltr'>μὲν</span> <span class='ocrx_word' id='word_1_724' title='bbox 3228 4310 3340 4383; x_wconf 78' lang='grc' dir='ltr'>γὰρ</span> <span class='ocrx_word' id='word_1_725' title='bbox 3372 4310 3459 4364; x_wconf 79' lang='grc' dir='ltr'><strong>διὰ</strong></span> <span class='ocrx_word' id='word_1_726' title='bbox 3490 4311 3735 4374; x_wconf 87' lang='grc' dir='ltr'>πίστεως</span> <span class='ocrx_word' id='word_1_727' title='bbox 3781 4309 3887 4381; x_wconf 81' lang='grc' dir='ltr'><strong>τῆς</strong></span> 
     </span>
    </p>
   </div>
   <div class='ocr_carea' id='block_1_88' title="bbox 2280 4401 3884 4477">
    <p class='ocr_par' dir='ltr' id='par_1_88' title="bbox 2280 4401 3884 4477">
     <span class='ocr_line' id='line_1_88' title="bbox 2280 4401 3884 4477; baseline -0.002 -19"><span class='ocrx_word' id='word_1_728' title='bbox 2280 4406 2357 4469; x_wconf 86' lang='grc' dir='ltr'><strong>είς</strong></span> <span class='ocrx_word' id='word_1_729' title='bbox 2381 4406 2618 4477; x_wconf 75' lang='grc' dir='ltr'>Χριστὸν</span> <span class='ocrx_word' id='word_1_730' title='bbox 2650 4405 2723 4468; x_wconf 89' lang='grc' dir='ltr'>ὡς</span> <span class='ocrx_word' id='word_1_731' title='bbox 2745 4407 2803 4458; x_wconf 83' lang='grc' dir='ltr'>ὲν</span> <span class='ocrx_word' id='word_1_732' title='bbox 2831 4401 3153 4475; x_wconf 79' lang='grc' dir='ltr'>ἀρῤαόῶνος</span> <span class='ocrx_word' id='word_1_733' title='bbox 3188 4402 3340 4469; x_wconf 80' lang='grc' dir='ltr'>τάξει</span> <span class='ocrx_word' id='word_1_734' title='bbox 3379 4402 3478 4473; x_wconf 84' lang='grc' dir='ltr'>τὴν</span> <span class='ocrx_word' id='word_1_735' title='bbox 3500 4403 3764 4474; x_wconf 79' lang='grc' dir='ltr'>ἀπαρχὴν</span> <span class='ocrx_word' id='word_1_736' title='bbox 3786 4401 3884 4455; x_wconf 86' lang='grc' dir='ltr'><strong>τοῦ</strong></span> 
     </span>
    </p>
   </div>
   <div class='ocr_carea' id='block_1_89' title="bbox 2280 4492 3887 4567">
    <p class='ocr_par' dir='ltr' id='par_1_89' title="bbox 2280 4492 3887 4567">
     <span class='ocr_line' id='line_1_89' title="bbox 2280 4492 3887 4567; baseline -0.002 -16"><span class='ocrx_word' id='word_1_737' title='bbox 2280 4496 2436 4565; x_wconf 86' lang='grc' dir='ltr'>ἁγίου</span> <span class='ocrx_word' id='word_1_738' title='bbox 2465 4495 2604 4550; x_wconf 81' lang='grc' dir='ltr'>Πνεύ</span> <span class='ocrx_word' id='word_1_739' title='bbox 2614 4512 2785 4567; x_wconf 87' lang='grc' dir='ltr'>ματος</span> <span class='ocrx_word' id='word_1_740' title='bbox 2808 4494 3292 4565; x_wconf 78' lang='grc' dir='ltr'>πεπλουτήκαμεν.</span> <span class='ocrx_word' id='word_1_741' title='bbox 3330 4493 3487 4547; x_wconf 84' lang='grc' dir='ltr'>Μετά</span> <span class='ocrx_word' id='word_1_742' title='bbox 3510 4492 3566 4546; x_wconf 90' lang='grc' dir='ltr'><strong>δέ</strong></span> <span class='ocrx_word' id='word_1_743' title='bbox 3592 4510 3662 4562; x_wconf 86' lang='grc' dir='ltr'><strong>γε</strong></span> <span class='ocrx_word' id='word_1_744' title='bbox 3689 4493 3793 4566; x_wconf 86' lang='grc' dir='ltr'><strong>τὴν</strong></span> <span class='ocrx_word' id='word_1_745' title='bbox 3818 4495 3887 4547; x_wconf 81' lang='grc' dir='ltr'>ὲκ</span> 
     </span>
    </p>
   </div>
   <div class='ocr_carea' id='block_1_90' title="bbox 2282 4584 3888 4660">
    <p class='ocr_par' dir='ltr' id='par_1_90' title="bbox 2282 4584 3888 4660">
     <span class='ocr_line' id='line_1_90' title="bbox 2282 4584 3888 4660; baseline -0.003 -17"><span class='ocrx_word' id='word_1_746' title='bbox 2282 4588 2491 4660; x_wconf 87' lang='grc' dir='ltr'>νεκρῶν</span> <span class='ocrx_word' id='word_1_747' title='bbox 2513 4588 2830 4652; x_wconf 74' lang='grc' dir='ltr'>ἀναϐίωσιν,</span> <span class='ocrx_word' id='word_1_748' title='bbox 2865 4587 3219 4660; x_wconf 79' lang='grc' dir='ltr'>ἀνῃρημένης</span> <span class='ocrx_word' id='word_1_749' title='bbox 3245 4586 3326 4649; x_wconf 87' lang='grc' dir='ltr'><strong>είς</strong></span> <span class='ocrx_word' id='word_1_750' title='bbox 3352 4585 3499 4639; x_wconf 81' lang='grc' dir='ltr'>ἆπαν</span> <span class='ocrx_word' id='word_1_751' title='bbox 3545 4584 3647 4655; x_wconf 88' lang='grc' dir='ltr'><strong>τῆς</strong></span> <span class='ocrx_word' id='word_1_752' title='bbox 3700 4585 3888 4656; x_wconf 74' lang='grc' dir='ltr'><strong>ἁμαρ⁴</strong></span> 
     </span>
    </p>
   </div>
   <div class='ocr_carea' id='block_1_91' title="bbox 592 4672 2165 4754">
    <p class='ocr_par' dir='ltr' id='par_1_91' title="bbox 592 4672 2165 4747">
     <span class='ocr_line' id='line_1_91' title="bbox 592 4672 2165 4747; baseline -0.001 -18"><span class='ocrx_word' id='word_1_753' title='bbox 592 4678 807 4733; x_wconf 90' lang='lat' dir='ltr'><strong>divinus</strong></span> <span class='ocrx_word' id='word_1_754' title='bbox 834 4676 1070 4747; x_wconf 88' lang='lat' dir='ltr'><strong>Spiritus</strong></span> <span class='ocrx_word' id='word_1_755' title='bbox 1106 4675 1158 4731; x_wconf 93' lang='lat' dir='ltr'><strong>in</strong></span> <span class='ocrx_word' id='word_1_756' title='bbox 1187 4675 1341 4732; x_wconf 88' lang='lat' dir='ltr'><strong>nobis</strong></span> <span class='ocrx_word' id='word_1_757' title='bbox 1356 4676 1481 4739; x_wconf 88' lang='lat' dir='ltr'><strong>erit,</strong></span> <span class='ocrx_word' id='word_1_758' title='bbox 1512 4675 1607 4729; x_wconf 89' lang='lat' dir='ltr'><strong>sed</strong></span> <span class='ocrx_word' id='word_1_759' title='bbox 1630 4672 1905 4727; x_wconf 78' lang='lat' dir='ltr'><strong>ali&#39;atimct</strong></span> <span class='ocrx_word' id='word_1_760' title='bbox 1935 4672 2165 4742; x_wconf 78' lang='lat' dir='ltr'><strong>copiose,</strong></span> 
     </span>
    </p>
   </div>
   <div class='ocr_carea' id='block_1_92' title="bbox 2268 4672 3889 4754">
    <p class='ocr_par' dir='ltr' id='par_1_92' title="bbox 2277 4676 3889 4754">
     <span class='ocr_line' id='line_1_92' title="bbox 2277 4676 3889 4754; baseline -0.004 -17"><span class='ocrx_word' id='word_1_761' title='bbox 2277 4682 2419 4750; x_wconf 87' lang='grc' dir='ltr'>τίας,</span> <span class='ocrx_word' id='word_1_762' title='bbox 2449 4683 2551 4736; x_wconf 81' lang='grc' dir='ltr'><strong>οὐκ</strong></span> <span class='ocrx_word' id='word_1_763' title='bbox 2575 4684 2633 4736; x_wconf 79' lang='grc' dir='ltr'>ὲν</span> <span class='ocrx_word' id='word_1_764' title='bbox 2664 4680 2985 4754; x_wconf 78' lang='grc' dir='ltr'>ἀρῤαϐῶνος</span> <span class='ocrx_word' id='word_1_765' title='bbox 3036 4680 3115 4733; x_wconf 75' lang='grc' dir='ltr'>ἔτι</span> <span class='ocrx_word' id='word_1_766' title='bbox 3150 4679 3304 4747; x_wconf 77' lang='grc' dir='ltr'>τάξει</span> <span class='ocrx_word' id='word_1_767' title='bbox 3334 4676 3408 4732; x_wconf 84' lang='grc' dir='ltr'>’τε</span> <span class='ocrx_word' id='word_1_768' title='bbox 3470 4678 3567 4732; x_wconf 85' lang='lat' dir='ltr'><strong>xui</strong></span> <span class='ocrx_word' id='word_1_769' title='bbox 3605 4677 3794 4749; x_wconf 83' lang='grc' dir='ltr'>μέτρῳ</span> <span class='ocrx_word' id='word_1_770' title='bbox 3822 4679 3889 4731; x_wconf 68' lang='grc' dir='ltr'>τὸ</span> 
     </span>
    </p>
   </div>
   <div class='ocr_carea' id='block_1_93' title="bbox 595 4764 2182 4839">
    <p class='ocr_par' dir='ltr' id='par_1_93' title="bbox 595 4764 2182 4839">
     <span class='ocr_line' id='line_1_93' title="bbox 595 4764 2182 4839; baseline -0.001 -17"><span class='ocrx_word' id='word_1_771' title='bbox 595 4770 798 4837; x_wconf 84' lang='lat' dir='ltr'><strong>utdixi,</strong></span> <span class='ocrx_word' id='word_1_772' title='bbox 830 4777 887 4825; x_wconf 90' lang='lat' dir='ltr'><strong>et</strong></span> <span class='ocrx_word' id='word_1_773' title='bbox 924 4777 1035 4823; x_wconf 88' lang='lat' dir='ltr'><strong>tum</strong></span> <span class='ocrx_word' id='word_1_774' title='bbox 1068 4768 1310 4839; x_wconf 80' lang='lat' dir='ltr'><strong>perfecte</strong></span> <span class='ocrx_word' id='word_1_775' title='bbox 1340 4768 1393 4823; x_wconf 90' lang='lat' dir='ltr'><strong>in</strong></span> <span class='ocrx_word' id='word_1_776' title='bbox 1431 4768 1587 4823; x_wconf 87' lang='lat' dir='ltr'><strong>donis</strong></span> <span class='ocrx_word' id='word_1_777' title='bbox 1636 4781 1733 4835; x_wconf 87' lang='lat' dir='ltr'><strong>per</strong></span> <span class='ocrx_word' id='word_1_778' title='bbox 1769 4764 2050 4821; x_wconf 89' lang='lat' dir='ltr'><strong>Christum</strong></span> <span class='ocrx_word' id='word_1_779' title='bbox 2087 4781 2182 4821; x_wconf 78' lang='lat' dir='ltr'><strong>ac-</strong></span> 
     </span>
    </p>
   </div>
   <div class='ocr_carea' id='block_1_94' title="bbox 593 4857 2181 4933">
    <p class='ocr_par' dir='ltr' id='par_1_94' title="bbox 593 4857 2181 4933">
     <span class='ocr_line' id='line_1_94' title="bbox 593 4857 2181 4933; baseline 0 -20"><span class='ocrx_word' id='word_1_780' title='bbox 593 4862 808 4931; x_wconf 88' lang='lat' dir='ltr'><strong>quisitis</strong></span> <span class='ocrx_word' id='word_1_781' title='bbox 842 4861 1166 4918; x_wconf 68' lang='lat' dir='ltr'><strong>iactabimur.</strong></span> <span class='ocrx_word' id='word_1_782' title='bbox 1211 4864 1430 4932; x_wconf 77' lang='lat' dir='ltr'><strong>Aquam</strong></span> <span class='ocrx_word' id='word_1_783' title='bbox 1487 4860 1655 4933; x_wconf 80' lang='lat' dir='ltr'><strong>igitur</strong></span> <span class='ocrx_word' id='word_1_784' title='bbox 1701 4858 1881 4912; x_wconf 84' lang='lat' dir='ltr'><strong>vivam</strong></span> <span class='ocrx_word' id='word_1_785' title='bbox 1947 4857 2181 4927; x_wconf 82' lang='lat' dir='ltr'><strong>appellat</strong></span> 
     </span>
    </p>
   </div>
   <div class='ocr_carea' id='block_1_95' title="bbox 596 4948 2180 5024">
    <p class='ocr_par' dir='ltr' id='par_1_95' title="bbox 596 4948 2180 5024">
     <span class='ocr_line' id='line_1_95' title="bbox 596 4948 2180 5024; baseline -0.001 -17"><span class='ocrx_word' id='word_1_786' title='bbox 596 4954 881 5024; x_wconf 81' lang='lat' dir='ltr'><strong>Spiritum,</strong></span> <span class='ocrx_word' id='word_1_787' title='bbox 912 4971 931 5005; x_wconf 77' lang='grc' dir='ltr'><strong>ι</strong></span> <span class='ocrx_word' id='word_1_788' title='bbox 962 4952 1090 5020; x_wconf 64' lang='lat' dir='ltr'><strong>Quae</strong></span> <span class='ocrx_word' id='word_1_789' title='bbox 1122 4961 1175 5009; x_wconf 82' lang='lat' dir='ltr'><strong>et</strong></span> <span class='ocrx_word' id='word_1_790' title='bbox 1204 4954 1270 5009; x_wconf 91' lang='lat' dir='ltr'><strong>de</strong></span> <span class='ocrx_word' id='word_1_791' title='bbox 1300 4968 1536 5023; x_wconf 87' lang='lat' dir='ltr'><strong>superna</strong></span> <span class='ocrx_word' id='word_1_792' title='bbox 1576 4948 1878 5006; x_wconf 70' lang='lat' dir='ltr'><strong>Jeruszdem</strong></span> <span class='ocrx_word' id='word_1_793' title='bbox 1928 4950 2180 5022; x_wconf 78' lang='lat' dir='ltr'><strong>egredie—</strong></span> 
     </span>
    </p>
   </div>
   <div class='ocr_carea' id='block_1_96' title="bbox 594 5042 2184 5115">
    <p class='ocr_par' dir='ltr' id='par_1_96' title="bbox 594 5042 2184 5115">
     <span class='ocr_line' id='line_1_96' title="bbox 594 5042 2184 5115; baseline -0.002 -15"><span class='ocrx_word' id='word_1_794' title='bbox 594 5055 704 5110; x_wconf 78' lang='lat' dir='ltr'><strong>tur,</strong></span> <span class='ocrx_word' id='word_1_795' title='bbox 744 5063 764 5097; x_wconf 73' lang='grc' dir='ltr'><strong>ι</strong></span> <span class='ocrx_word' id='word_1_796' title='bbox 793 5045 986 5115; x_wconf 88' lang='lat' dir='ltr'><strong>inquit.</strong></span> <span class='ocrx_word' id='word_1_797' title='bbox 1043 5044 1307 5112; x_wconf 85' lang='lat' dir='ltr'><strong>Quoniam</strong></span> <span class='ocrx_word' id='word_1_798' title='bbox 1338 5046 1483 5098; x_wconf 87' lang='lat' dir='ltr'><strong>enint</strong></span> <span class='ocrx_word' id='word_1_799' title='bbox 1513 5043 1890 5098; x_wconf 85' lang='lat' dir='ltr'><strong>universorum</strong></span> <span class='ocrx_word' id='word_1_800' title='bbox 1933 5042 2097 5096; x_wconf 80' lang='lat' dir='ltr'><strong>Deum</strong></span> <span class='ocrx_word' id='word_1_801' title='bbox 2129 5043 2184 5097; x_wconf 90' lang='lat' dir='ltr'><strong>in</strong></span> 
     </span>
    </p>
   </div>
   <div class='ocr_carea' id='block_1_97' title="bbox 597 5135 2179 5209">
    <p class='ocr_par' dir='ltr' id='par_1_97' title="bbox 597 5135 2179 5209">
     <span class='ocr_line' id='line_1_97' title="bbox 597 5135 2179 5209; baseline -0.004 -13"><span class='ocrx_word' id='word_1_802' title='bbox 597 5138 757 5196; x_wconf 66' lang='lat' dir='ltr'><strong>caelis</strong></span> <span class='ocrx_word' id='word_1_803' title='bbox 786 5137 1032 5193; x_wconf 86' lang='lat' dir='ltr'><strong>habitare</strong></span> <span class='ocrx_word' id='word_1_804' title='bbox 1061 5140 1128 5193; x_wconf 88' lang='lat' dir='ltr'><strong>ab</strong></span> <span class='ocrx_word' id='word_1_805' title='bbox 1155 5138 1272 5209; x_wconf 89' lang='lat' dir='ltr'><strong>ipso</strong></span> <span class='ocrx_word' id='word_1_806' title='bbox 1307 5137 1575 5207; x_wconf 87' lang='lat' dir='ltr'><strong>inspirata</strong></span> <span class='ocrx_word' id='word_1_807' title='bbox 1619 5135 1901 5203; x_wconf 68' lang='lat' dir='ltr'><strong>Scriptura</strong></span> <span class='ocrx_word' id='word_1_808' title='bbox 1925 5151 2179 5205; x_wconf 76' lang='lat' dir='ltr'><strong>przcnun-</strong></span> 
     </span>
    </p>
   </div>
   <div class='ocr_carea' id='block_1_98' title="bbox 597 5228 2181 5301">
    <p class='ocr_par' dir='ltr' id='par_1_98' title="bbox 597 5228 2181 5301">
     <span class='ocr_line' id='line_1_98' title="bbox 597 5228 2181 5301; baseline -0.003 -15"><span class='ocrx_word' id='word_1_809' title='bbox 597 5232 715 5299; x_wconf 87' lang='lat' dir='ltr'><strong>tiet,</strong></span> <span class='ocrx_word' id='word_1_810' title='bbox 743 5232 990 5301; x_wconf 88' lang='lat' dir='ltr'><strong>quamvis</strong></span> <span class='ocrx_word' id='word_1_811' title='bbox 1026 5232 1225 5301; x_wconf 86' lang='lat' dir='ltr'><strong>ubique</strong></span> <span class='ocrx_word' id='word_1_812' title='bbox 1254 5230 1324 5285; x_wconf 89' lang='lat' dir='ltr'><strong>sit</strong></span> <span class='ocrx_word' id='word_1_813' title='bbox 1347 5239 1401 5285; x_wconf 90' lang='lat' dir='ltr'><strong>et</strong></span> <span class='ocrx_word' id='word_1_814' title='bbox 1426 5245 1490 5284; x_wconf 89' lang='lat' dir='ltr'><strong>eo</strong></span> <span class='ocrx_word' id='word_1_815' title='bbox 1522 5228 1680 5299; x_wconf 79' lang='lat' dir='ltr'><strong>plena</strong></span> <span class='ocrx_word' id='word_1_816' title='bbox 1725 5228 1837 5283; x_wconf 90' lang='lat' dir='ltr'><strong>sint</strong></span> <span class='ocrx_word' id='word_1_817' title='bbox 1863 5229 2067 5294; x_wconf 89' lang='lat' dir='ltr'><strong>omnia,</strong></span> <span class='ocrx_word' id='word_1_818' title='bbox 2101 5229 2181 5283; x_wconf 85' lang='lat' dir='ltr'><strong>id-</strong></span> 
     </span>
    </p>
   </div>
   <div class='ocr_carea' id='block_1_99' title="bbox 599 5319 2186 5392">
    <p class='ocr_par' dir='ltr' id='par_1_99' title="bbox 599 5319 2186 5392">
     <span class='ocr_line' id='line_1_99' title="bbox 599 5319 2186 5392; baseline -0.004 -15"><span class='ocrx_word' id='word_1_819' title='bbox 599 5324 749 5379; x_wconf 88' lang='lat' dir='ltr'><strong>circo</strong></span> <span class='ocrx_word' id='word_1_820' title='bbox 781 5323 946 5378; x_wconf 90' lang='lat' dir='ltr'><strong>etiam</strong></span> <span class='ocrx_word' id='word_1_821' title='bbox 970 5322 1242 5377; x_wconf 83' lang='lat' dir='ltr'><strong>viviﬁcum</strong></span> <span class='ocrx_word' id='word_1_822' title='bbox 1282 5319 1545 5392; x_wconf 89' lang='lat' dir='ltr'><strong>Spiritum</strong></span> <span class='ocrx_word' id='word_1_823' title='bbox 1580 5323 1649 5375; x_wconf 88' lang='lat' dir='ltr'><strong>de</strong></span> <span class='ocrx_word' id='word_1_824' title='bbox 1679 5321 1816 5375; x_wconf 65' lang='lat' dir='ltr'><strong>coalo</strong></span> <span class='ocrx_word' id='word_1_825' title='bbox 1841 5332 2186 5388; x_wconf 81' lang='lat' dir='ltr'><strong>egressurum</strong></span> 
     </span>
    </p>
   </div>
   <div class='ocr_carea' id='block_1_100' title="bbox 604 5409 2188 5481">
    <p class='ocr_par' dir='ltr' id='par_1_100' title="bbox 604 5409 2188 5481">
     <span class='ocr_line' id='line_1_100' title="bbox 604 5409 2188 5481; baseline -0.004 -11"><span class='ocrx_word' id='word_1_826' title='bbox 604 5414 755 5470; x_wconf 87' lang='lat' dir='ltr'><strong>dicit.</strong></span> <span class='ocrx_word' id='word_1_827' title='bbox 789 5414 982 5470; x_wconf 88' lang='lat' dir='ltr'><strong>Solere</strong></span> <span class='ocrx_word' id='word_1_828' title='bbox 1011 5426 1188 5469; x_wconf 88' lang='lat' dir='ltr'><strong>autem</strong></span> <span class='ocrx_word' id='word_1_829' title='bbox 1239 5412 1480 5468; x_wconf 90' lang='lat' dir='ltr'><strong>divinum</strong></span> <span class='ocrx_word' id='word_1_830' title='bbox 1533 5411 1793 5481; x_wconf 86' lang='lat' dir='ltr'><strong>Spiritum</strong></span> <span class='ocrx_word' id='word_1_831' title='bbox 1833 5409 1989 5480; x_wconf 85' lang='lat' dir='ltr'><strong>aquis</strong></span> <span class='ocrx_word' id='word_1_832' title='bbox 2037 5424 2188 5465; x_wconf 82' lang='lat' dir='ltr'><strong>com-</strong></span> 
     </span>
    </p>
   </div>
   <div class='ocr_carea' id='block_1_101' title="bbox 607 5502 2190 5576">
    <p class='ocr_par' dir='ltr' id='par_1_101' title="bbox 607 5502 2190 5576">
     <span class='ocr_line' id='line_1_101' title="bbox 607 5502 2190 5576; baseline -0.003 -16"><span class='ocrx_word' id='word_1_833' title='bbox 607 5506 789 5576; x_wconf 86' lang='lat' dir='ltr'><strong>parari</strong></span> <span class='ocrx_word' id='word_1_834' title='bbox 814 5508 867 5562; x_wconf 92' lang='lat' dir='ltr'><strong>in</strong></span> <span class='ocrx_word' id='word_1_835' title='bbox 899 5509 1075 5561; x_wconf 88' lang='lat' dir='ltr'><strong>sacris</strong></span> <span class='ocrx_word' id='word_1_836' title='bbox 1102 5504 1345 5570; x_wconf 85' lang='lat' dir='ltr'><strong>Litteris,</strong></span> <span class='ocrx_word' id='word_1_837' title='bbox 1377 5505 1490 5575; x_wconf 87' lang='lat' dir='ltr'><strong>ipse</strong></span> <span class='ocrx_word' id='word_1_838' title='bbox 1536 5504 1654 5574; x_wconf 81' lang='lat' dir='ltr'><strong>ejus</strong></span> <span class='ocrx_word' id='word_1_839' title='bbox 1682 5504 1835 5558; x_wconf 85' lang='lat' dir='ltr'><strong>dator</strong></span> <span class='ocrx_word' id='word_1_840' title='bbox 1870 5502 2190 5557; x_wconf 85' lang='lat' dir='ltr'><strong>lestilicabi-</strong></span> 
     </span>
    </p>
   </div>
   <div class='ocr_carea' id='block_1_102' title="bbox 614 5594 2192 5667">
    <p class='ocr_par' dir='ltr' id='par_1_102' title="bbox 614 5594 2192 5667">
     <span class='ocr_line' id='line_1_102' title="bbox 614 5594 2192 5667; baseline -0.003 -15"><span class='ocrx_word' id='word_1_841' title='bbox 614 5607 720 5663; x_wconf 86' lang='lat' dir='ltr'><strong>tur,</strong></span> <span class='ocrx_word' id='word_1_842' title='bbox 751 5595 921 5653; x_wconf 79' lang='lat' dir='ltr'><strong>Filius</strong></span> <span class='ocrx_word' id='word_1_843' title='bbox 944 5611 1180 5667; x_wconf 89' lang='lat' dir='ltr'><strong>nempe:</strong></span> <span class='ocrx_word' id='word_1_844' title='bbox 1218 5595 1359 5663; x_wconf 70' lang='lat' dir='ltr'><strong>«Qui</strong></span> <span class='ocrx_word' id='word_1_845' title='bbox 1407 5597 1580 5651; x_wconf 83' lang='lat' dir='ltr'><strong>credit</strong></span> <span class='ocrx_word' id='word_1_846' title='bbox 1631 5595 1682 5649; x_wconf 88' lang='lat' dir='ltr'><strong>itt</strong></span> <span class='ocrx_word' id='word_1_847' title='bbox 1716 5609 1822 5662; x_wconf 88' lang='lat' dir='ltr'><strong>me,</strong></span> <span class='ocrx_word' id='word_1_848' title='bbox 1875 5594 2019 5648; x_wconf 89' lang='lat' dir='ltr'><strong>sicut</strong></span> <span class='ocrx_word' id='word_1_849' title='bbox 2063 5594 2192 5649; x_wconf 82' lang='lat' dir='ltr'><strong>dicit</strong></span> 
     </span>
    </p>
   </div>
   <div class='ocr_carea' id='block_1_103' title="bbox 2287 4769 3888 4845">
    <p class='ocr_par' dir='ltr' id='par_1_103' title="bbox 2287 4769 3888 4845">
     <span class='ocr_line' id='line_1_103' title="bbox 2287 4769 3888 4845; baseline -0.005 -18"><span class='ocrx_word' id='word_1_850' title='bbox 2287 4772 2430 4828; x_wconf 85' lang='grc' dir='ltr'>θεῖον</span> <span class='ocrx_word' id='word_1_851' title='bbox 2455 4774 2512 4827; x_wconf 82' lang='grc' dir='ltr'><strong>ὲν</strong></span> <span class='ocrx_word' id='word_1_852' title='bbox 2538 4775 2672 4845; x_wconf 79' lang='grc' dir='ltr'>ἡμῖν</span> <span class='ocrx_word' id='word_1_853' title='bbox 2706 4773 2861 4826; x_wconf 78' lang='grc' dir='ltr'>ἔσται</span> <span class='ocrx_word' id='word_1_854' title='bbox 2894 4770 3141 4843; x_wconf 86' lang='grc' dir='ltr'>Πνεῦμα,</span> <span class='ocrx_word' id='word_1_855' title='bbox 3173 4770 3447 4833; x_wconf 84' lang='grc' dir='ltr'>πλουσίως</span> <span class='ocrx_word' id='word_1_856' title='bbox 3474 4769 3530 4823; x_wconf 80' lang='grc' dir='ltr'>δὲ</span> <span class='ocrx_word' id='word_1_857' title='bbox 3565 4769 3661 4821; x_wconf 87' lang='lat' dir='ltr'><strong>xui</strong></span> <span class='ocrx_word' id='word_1_858' title='bbox 3705 4769 3888 4839; x_wconf 76' lang='grc' dir='ltr'>ἀμφι-</span> 
     </span>
    </p>
   </div>
   <div class='ocr_carea' id='block_1_104' title="bbox 2284 4859 3891 4936">
    <p class='ocr_par' dir='ltr' id='par_1_104' title="bbox 2284 4859 3891 4936">
     <span class='ocr_line' id='line_1_104' title="bbox 2284 4859 3891 4936; baseline -0.006 -16"><span class='ocrx_word' id='word_1_859' title='bbox 2284 4864 2491 4935; x_wconf 80' lang='grc' dir='ltr'>λαφῶς,</span> <span class='ocrx_word' id='word_1_860' title='bbox 2515 4865 2591 4927; x_wconf 86' lang='grc' dir='ltr'>ὡς</span> <span class='ocrx_word' id='word_1_861' title='bbox 2617 4863 2772 4935; x_wconf 72' lang='grc' dir='ltr'>ἔφην,</span> <span class='ocrx_word' id='word_1_862' title='bbox 2805 4865 2901 4918; x_wconf 82' lang='lat' dir='ltr'><strong>xui</strong></span> <span class='ocrx_word' id='word_1_863' title='bbox 2930 4864 3029 4936; x_wconf 73' lang='grc' dir='ltr'>ἤδη</span> <span class='ocrx_word' id='word_1_864' title='bbox 3063 4861 3286 4926; x_wconf 85' lang='grc' dir='ltr'>τελείως</span> <span class='ocrx_word' id='word_1_865' title='bbox 3334 4862 3448 4925; x_wconf 88' lang='grc' dir='ltr'>τοῖς</span> <span class='ocrx_word' id='word_1_866' title='bbox 3500 4859 3585 4913; x_wconf 80' lang='grc' dir='ltr'>διὰ</span> <span class='ocrx_word' id='word_1_867' title='bbox 3637 4859 3891 4930; x_wconf 79' lang='grc' dir='ltr'>Χριστοῦ</span> 
     </span>
    </p>
   </div>
   <div class='ocr_carea' id='block_1_105' title="bbox 2286 4949 3894 5028">
    <p class='ocr_par' dir='ltr' id='par_1_105' title="bbox 2286 4949 3894 5028">
     <span class='ocr_line' id='line_1_105' title="bbox 2286 4949 3894 5028; baseline -0.004 -18"><span class='ocrx_word' id='word_1_868' title='bbox 2286 4957 2620 5028; x_wconf 81' lang='grc' dir='ltr'>χαρίσμασιν</span> <span class='ocrx_word' id='word_1_869' title='bbox 2648 4957 3081 5027; x_wconf 83' lang='grc' dir='ltr'>ὲντρυφήσομεν.</span> <span class='ocrx_word' id='word_1_870' title='bbox 3111 4953 3300 5025; x_wconf 87' lang='grc' dir='ltr'>’Ύδωρ</span> <span class='ocrx_word' id='word_1_871' title='bbox 3322 4954 3387 5025; x_wconf 86' lang='grc' dir='ltr'>δὴ</span> <span class='ocrx_word' id='word_1_872' title='bbox 3414 4949 3508 5006; x_wconf 82' lang='grc' dir='ltr'><strong>οῦν</strong></span> <span class='ocrx_word' id='word_1_873' title='bbox 3536 4950 3646 5016; x_wconf 79' lang='grc' dir='ltr'>ζῶν</span> <span class='ocrx_word' id='word_1_874' title='bbox 3682 4950 3894 5022; x_wconf 81' lang='grc' dir='ltr'>ὀνομά-</span> 
     </span>
    </p>
   </div>
   <div class='ocr_carea' id='block_1_106' title="bbox 2289 5042 3895 5117">
    <p class='ocr_par' dir='ltr' id='par_1_106' title="bbox 2289 5042 3895 5117">
     <span class='ocr_line' id='line_1_106' title="bbox 2289 5042 3895 5117; baseline -0.004 -17"><span class='ocrx_word' id='word_1_875' title='bbox 2289 5049 2371 5112; x_wconf 76' lang='grc' dir='ltr'>ζει</span> <span class='ocrx_word' id='word_1_876' title='bbox 2402 5047 2462 5101; x_wconf 78' lang='grc' dir='ltr'><strong>τὸ</strong></span> <span class='ocrx_word' id='word_1_877' title='bbox 2493 5046 2736 5117; x_wconf 85' lang='grc' dir='ltr'>Πνεῦμα,</span> <span class='ocrx_word' id='word_1_878' title='bbox 2794 5064 2813 5098; x_wconf 76' lang='grc' dir='ltr'><strong>ι</strong></span> <span class='ocrx_word' id='word_1_879' title='bbox 2850 5048 2914 5101; x_wconf 79' lang='grc' dir='ltr'>Ὀ</span> <span class='ocrx_word' id='word_1_880' title='bbox 2946 5046 3039 5100; x_wconf 71' lang='grc' dir='ltr'>καὶ</span> <span class='ocrx_word' id='word_1_881' title='bbox 3096 5046 3161 5099; x_wconf 80' lang='grc' dir='ltr'>ἐκ</span> <span class='ocrx_word' id='word_1_882' title='bbox 3209 5045 3310 5115; x_wconf 84' lang='grc' dir='ltr'><strong>τῆς</strong></span> <span class='ocrx_word' id='word_1_883' title='bbox 3342 5043 3455 5097; x_wconf 81' lang='grc' dir='ltr'>ἄνω</span> <span class='ocrx_word' id='word_1_884' title='bbox 3519 5042 3895 5114; x_wconf 72' lang='grc' dir='ltr'>Ἰερουσαλὴμ</span> 
     </span>
    </p>
   </div>
   <div class='ocr_carea' id='block_1_107' title="bbox 2287 5132 3895 5211">
    <p class='ocr_par' dir='ltr' id='par_1_107' title="bbox 2287 5132 3895 5211">
     <span class='ocr_line' id='line_1_107' title="bbox 2287 5132 3895 5211; baseline -0.004 -20"><span class='ocrx_word' id='word_1_885' title='bbox 2287 5138 2647 5205; x_wconf 80' lang='grc' dir='ltr'>ἐξελεύσεται,</span> <span class='ocrx_word' id='word_1_886' title='bbox 2680 5141 2865 5211; x_wconf 77' lang='grc' dir='ltr'>φησίν.</span> <span class='ocrx_word' id='word_1_887' title='bbox 2905 5136 3124 5207; x_wconf 84' lang='grc' dir='ltr'>Ἐπειδὴ</span> <span class='ocrx_word' id='word_1_888' title='bbox 3168 5136 3280 5207; x_wconf 81' lang='grc' dir='ltr'>γὰρ</span> <span class='ocrx_word' id='word_1_889' title='bbox 3313 5136 3591 5188; x_wconf 86' lang='grc' dir='ltr'>κατοικεῖν</span> <span class='ocrx_word' id='word_1_890' title='bbox 3633 5134 3693 5186; x_wconf 78' lang='grc' dir='ltr'>ὲν</span> <span class='ocrx_word' id='word_1_891' title='bbox 3726 5132 3895 5202; x_wconf 81' lang='grc' dir='ltr'>οὐρα-</span> 
     </span>
    </p>
   </div>
   <div class='ocr_carea' id='block_1_108' title="bbox 2286 5224 3893 5300">
    <p class='ocr_par' dir='ltr' id='par_1_108' title="bbox 2286 5224 3893 5300">
     <span class='ocr_line' id='line_1_108' title="bbox 2286 5224 3893 5300; baseline -0.006 -16"><span class='ocrx_word' id='word_1_892' title='bbox 2286 5232 2396 5294; x_wconf 86' lang='grc' dir='ltr'>νοῖς</span> <span class='ocrx_word' id='word_1_893' title='bbox 2424 5229 2515 5283; x_wconf 80' lang='grc' dir='ltr'><strong>τὸν</strong></span> <span class='ocrx_word' id='word_1_894' title='bbox 2536 5231 2645 5284; x_wconf 87' lang='grc' dir='ltr'><strong>τῶν</strong></span> <span class='ocrx_word' id='word_1_895' title='bbox 2678 5231 2813 5284; x_wconf 84' lang='grc' dir='ltr'>ὅλων</span> <span class='ocrx_word' id='word_1_896' title='bbox 2845 5229 3031 5300; x_wconf 84' lang='grc' dir='ltr'>Θεὸνή</span> <span class='ocrx_word' id='word_1_897' title='bbox 3066 5227 3426 5288; x_wconf 82' lang='grc' dir='ltr'>θεόπνευστος</span> <span class='ocrx_word' id='word_1_898' title='bbox 3457 5225 3561 5295; x_wconf 76' lang='grc' dir='ltr'><strong>ἔφη</strong></span> <span class='ocrx_word' id='word_1_899' title='bbox 3590 5224 3809 5295; x_wconf 77' lang='grc' dir='ltr'>Γραφὴ,</span> <span class='ocrx_word' id='word_1_900' title='bbox 3837 5225 3893 5275; x_wconf 80' lang='grc' dir='ltr'><strong>εί</strong></span> 
     </span>
    </p>
   </div>
   <div class='ocr_carea' id='block_1_109' title="bbox 2288 5316 3888 5395">
    <p class='ocr_par' dir='ltr' id='par_1_109' title="bbox 2288 5316 3888 5395">
     <span class='ocr_line' id='line_1_109' title="bbox 2288 5316 3888 5395; baseline -0.006 -18"><span class='ocrx_word' id='word_1_901' title='bbox 2288 5323 2383 5377; x_wconf 89' lang='lat' dir='ltr'><strong>xui</strong></span> <span class='ocrx_word' id='word_1_902' title='bbox 2410 5322 2526 5376; x_wconf 74' lang='grc' dir='ltr'>ἔστι</span> <span class='ocrx_word' id='word_1_903' title='bbox 2557 5322 2834 5395; x_wconf 85' lang='grc' dir='ltr'>πανταχοῦ</span> <span class='ocrx_word' id='word_1_904' title='bbox 2862 5323 2955 5375; x_wconf 87' lang='lat' dir='ltr'><strong>xui</strong></span> <span class='ocrx_word' id='word_1_905' title='bbox 2985 5320 3321 5391; x_wconf 87' lang='grc' dir='ltr'>πεπλήρωκε</span> <span class='ocrx_word' id='word_1_906' title='bbox 3350 5318 3419 5372; x_wconf 71' lang='grc' dir='ltr'>τὰ</span> <span class='ocrx_word' id='word_1_907' title='bbox 3451 5318 3651 5383; x_wconf 69' lang='grc' dir='ltr'>πάντα,</span> <span class='ocrx_word' id='word_1_908' title='bbox 3705 5316 3888 5386; x_wconf 82' lang='grc' dir='ltr'>ταύτῃ</span> 
     </span>
    </p>
   </div>
   <div class='ocr_carea' id='block_1_110' title="bbox 2287 5405 3889 5486">
    <p class='ocr_par' dir='ltr' id='par_1_110' title="bbox 2287 5405 3889 5486">
     <span class='ocr_line' id='line_1_110' title="bbox 2287 5405 3889 5486; baseline -0.006 -19"><span class='ocrx_word' id='word_1_909' title='bbox 2287 5431 2369 5466; x_wconf 86' lang='grc' dir='ltr'><strong>τοι</strong></span> <span class='ocrx_word' id='word_1_910' title='bbox 2411 5414 2542 5486; x_wconf 76' lang='grc' dir='ltr'>φησὶ</span> <span class='ocrx_word' id='word_1_911' title='bbox 2575 5414 2670 5467; x_wconf 85' lang='lat' dir='ltr'><strong>xui</strong></span> <span class='ocrx_word' id='word_1_912' title='bbox 2713 5412 2773 5478; x_wconf 74' lang='grc' dir='ltr'><strong>ἐξ</strong></span> <span class='ocrx_word' id='word_1_913' title='bbox 2821 5410 3054 5484; x_wconf 83' lang='grc' dir='ltr'>οὐρανοῦ</span> <span class='ocrx_word' id='word_1_914' title='bbox 3107 5410 3169 5464; x_wconf 86' lang='grc' dir='ltr'><strong>τὸ</strong></span> <span class='ocrx_word' id='word_1_915' title='bbox 3210 5408 3473 5474; x_wconf 74' lang='grc' dir='ltr'>ζωοποιὸν</span> <span class='ocrx_word' id='word_1_916' title='bbox 3531 5405 3889 5474; x_wconf 76' lang='grc' dir='ltr'>ἐξελεύσεται</span> 
     </span>
    </p>
   </div>
   <div class='ocr_carea' id='block_1_111' title="bbox 2289 5499 3889 5578">
    <p class='ocr_par' dir='ltr' id='par_1_111' title="bbox 2289 5499 3889 5578">
     <span class='ocr_line' id='line_1_111' title="bbox 2289 5499 3889 5578; baseline -0.008 -17"><span class='ocrx_word' id='word_1_917' title='bbox 2289 5506 2535 5578; x_wconf 87' lang='grc' dir='ltr'>Πνεῦμα.</span> <span class='ocrx_word' id='word_1_918' title='bbox 2573 5507 2695 5561; x_wconf 85' lang='grc' dir='ltr'>Ὅτι</span> <span class='ocrx_word' id='word_1_919' title='bbox 2742 5506 2799 5559; x_wconf 82' lang='grc' dir='ltr'><strong>δὲ</strong></span> <span class='ocrx_word' id='word_1_920' title='bbox 2833 5504 2989 5559; x_wconf 77' lang='grc' dir='ltr'>ὕδασι</span> <span class='ocrx_word' id='word_1_921' title='bbox 3032 5502 3390 5575; x_wconf 82' lang='grc' dir='ltr'>παρεικάζειν</span> <span class='ocrx_word' id='word_1_922' title='bbox 3421 5501 3540 5564; x_wconf 76' lang='grc' dir='ltr'>ἔθος</span> <span class='ocrx_word' id='word_1_923' title='bbox 3572 5502 3693 5563; x_wconf 87' lang='grc' dir='ltr'>τοῖς·</span> <span class='ocrx_word' id='word_1_924' title='bbox 3716 5499 3889 5570; x_wconf 83' lang='grc' dir='ltr'>ἱεροῖς</span> 
     </span>
    </p>
   </div>
   <div class='ocr_carea' id='block_1_112' title="bbox 2290 5585 3889 5667">
    <p class='ocr_par' dir='ltr' id='par_1_112' title="bbox 2290 5585 3889 5667">
     <span class='ocr_line' id='line_1_112' title="bbox 2290 5585 3889 5667; baseline -0.009 -15"><span class='ocrx_word' id='word_1_925' title='bbox 2290 5596 2587 5667; x_wconf 81' lang='grc' dir='ltr'>Γράμμασι</span> <span class='ocrx_word' id='word_1_926' title='bbox 2617 5597 2676 5650; x_wconf 86' lang='grc' dir='ltr'><strong>τὸ</strong></span> <span class='ocrx_word' id='word_1_927' title='bbox 2702 5593 2927 5667; x_wconf 86' lang='grc' dir='ltr'>Πνεῦμα</span> <span class='ocrx_word' id='word_1_928' title='bbox 2953 5594 3014 5649; x_wconf 84' lang='grc' dir='ltr'><strong>τὸ</strong></span> <span class='ocrx_word' id='word_1_929' title='bbox 3041 5593 3205 5661; x_wconf 85' lang='grc' dir='ltr'>θεῖον,</span> <span class='ocrx_word' id='word_1_930' title='bbox 3234 5591 3398 5656; x_wconf 85' lang='grc' dir='ltr'>αὐτὸς</span> <span class='ocrx_word' id='word_1_931' title='bbox 3426 5590 3762 5644; x_wconf 79' lang='grc' dir='ltr'>πιστώσεται</span> <span class='ocrx_word' id='word_1_932' title='bbox 3796 5585 3889 5639; x_wconf 76' lang='grc' dir='ltr'>λό-</span> 
     </span>
    </p>
   </div>
   <div class='ocr_carea' id='block_1_113' title="bbox 681 5769 2485 5841">
    <p class='ocr_par' dir='ltr' id='par_1_113' title="bbox 681 5769 2485 5841">
     <span class='ocr_line' id='line_1_113' title="bbox 681 5769 2485 5841; baseline -0.001 -13"><span class='ocrx_word' id='word_1_933' title='bbox 681 5773 727 5808; x_wconf 82' lang='grc'><strong>⁶⁸</strong></span> <span class='ocrx_word' id='word_1_934' title='bbox 762 5771 929 5830; x_wconf 78' lang='lat' dir='ltr'><strong>Marc.</strong></span> <span class='ocrx_word' id='word_1_935' title='bbox 959 5773 1195 5841; x_wconf 73' lang='lat' dir='ltr'><strong>xm,52.</strong></span> <span class='ocrx_word' id='word_1_936' title='bbox 1275 5774 1361 5830; x_wconf 85' lang='grc'><strong>⁸⁷1</strong></span> <span class='ocrx_word' id='word_1_937' title='bbox 1391 5769 1535 5830; x_wconf 76' lang='lat' dir='ltr'><strong>Petr.</strong></span> <span class='ocrx_word' id='word_1_938' title='bbox 1572 5788 1655 5840; x_wconf 81' lang='grc' dir='ltr'>ιιι,</span> <span class='ocrx_word' id='word_1_939' title='bbox 1698 5771 1883 5828; x_wconf 75' lang='grc'><strong>10-14.</strong></span> <span class='ocrx_word' id='word_1_940' title='bbox 1962 5772 2005 5804; x_wconf 77' lang='grc'><strong>³⁸</strong></span> <span class='ocrx_word' id='word_1_941' title='bbox 2046 5773 2202 5829; x_wconf 85' lang='lat' dir='ltr'><strong>Rom.</strong></span> <span class='ocrx_word' id='word_1_942' title='bbox 2245 5789 2367 5839; x_wconf 78' lang='lat' dir='ltr'><strong>vm,</strong></span> <span class='ocrx_word' id='word_1_943' title='bbox 2396 5772 2485 5827; x_wconf 71' lang='lat' dir='ltr'><strong>2i.</strong></span> 
     </span>
    </p>
   </div>
  </div>
