4098 6476
203 327 321 385 253

1051 315 1607 376 COMMENTARIUS
1651 316 1714 373 IN
1758 316 2164 373 ZACHARIAM
2207 320 2653 381 PROPHETAM.

3403 320 3509 377 ibi

192 460 319 511 τῖον
347 443 378 497 6
404 442 597 498 τούτου
627 440 814 513 δοτὴρ,
840 438 1143 505 τουτέστιν,
1164 442 1194 493 ὁ
1213 439 1361 503 Υἱός·
1390 458 1408 490 ι
1446 439 1505 492 Ὀ
1537 438 1804 493 πιστεύων

1915 440 2241 513 Scriptura,
2303 444 2527 500 ﬂumina
2580 445 2649 499 de
2714 454 2902 500 ventre
2958 446 3078 515 ejus
3132 446 3301 500 liuent
3358 458 3518 514 aqua!

190 540 282 602 el;
318 537 446 608 ἐμὲ.
478 535 666 600 καθὼς
701 531 858 589 εἶπεν
889 533 923 605 ἡ
948 532 1164 605 Γραφὴ,
1188 533 1424 603 ποταμοὶ
1473 534 1536 585 ἐκ
1562 532 1660 602 τῆς
1689 549 1805 585 κοι-

190 629 324 695 λίας
350 628 519 685 αὐτοῦ
553 628 840 699 ῥεύσουσιν
868 625 1059 689 ὓδατος
1091 625 1259 696 ζωῆς.
1290 644 1308 676 ι
1345 626 1453 679 Καὶ
1477 624 1635 678 τοῦτο
1668 624 1810 695 διερ-

195 726 461 796 μηνεύων
501 726 531 779 ὀ
585 721 874 785 θεσπέσιος
926 719 1340 790 εύαγγελιστὴς.
1404 721 1496 773 καὶ
1542 718 1808 783 καθιστάς

189 815 459 886 ἐναργὲς,
500 833 519 866 ι
551 813 726 867 Τοῦτο
748 813 805 866 δὲ
841 808 987 873 εἷπε,
1021 812 1175 881 φησι.
1196 813 1327 883 περὶ
1348 810 1443 864 τοῦ
1468 810 1805 881 Πνεύματος,

190 903 260 961 οὗ
287 906 516 976 ἔμελλον
572 905 874 975 λαμόάνειν
924 907 972 958 οἱ
1034 903 1386 969 πιστεύοντες
1434 906 1515 968 εἰς
1557 904 1739 961 αὐτόν.
1782 922 1803 957 ι

213 1000 437 1069 Ἐπειδή
473 1001 586 1069 γὰρ
614 999 675 1053 τὸ
706 997 932 1067 ιΙνεῦμά
960 999 1077 1051 ἐστι
1135 997 1420 1063 ζωοποιδν,
1453 997 1606 1052 ὕδατι
1636 997 1809 1070 ταύτῃ

196 1109 282 1145 τοι
311 1092 422 1144 τῶν
454 1092 726 1160 σωμάτων
771 1091 1021 1162 ζωοποιῷ
1073 1091 1493 1162 παρεικάζεται,
1536 1095 1629 1143 καὶ
1663 1090 1810 1160 μάλα.

191 1186 399 1253 ὀρθῶς.
426 1186 550 1239 Ὀτι
578 1186 636 1238 δὲ
670 1188 782 1249 τοῖς
807 1186 907 1255 τῆς
935 1185 1098 1254 ἁγίας
1130 1186 1425 1255 ἠξιωμένοι
1451 1184 1596 1253 ζωῆς
1627 1201 1809 1255 παραο

185 1275 440 1330 τέθειται
464 1277 737 1340 πλουσίως
755 1277 816 1330 τὸ
838 1277 1029 1349 χρῆμα
1061 1278 1386 1346 μεταλαχείν
1406 1276 1506 1346 τῆς
1526 1274 1619 1327 τοῦ
1648 1274 1805 1343 ἁγίου

187 1366 523 1439 Πνεύματος
555 1368 845 1439 χορηγίας,
910 1369 1004 1422 καὶ
1036 1364 1235 1439 οἷάπερ
1279 1368 1491 1422 ὑδάτων
1547 1368 1808 1438 ἐμφορεῖ-

189 1463 323 1515 σθαι
356 1458 666 1525 ζωοποιῶν,
703 1460 1041 1533 ὑπεμφαίνει
1092 1461 1288 1529 λέγων,
1322 1462 1405 1514 ὅτι
1449 1461 1542 1514 τοῦ
1582 1459 1802 1524 ὓδατος,

185 1555 288 1607 τοῦ
346 1555 809 1627 προσδοκωμένου
864 1555 1010 1609 κατὰ
1059 1555 1289 1627 καιροὺς
1346 1554 1406 1619 ἐξ
1449 1552 1808 1625 Ἰερουσαλὴμ

188 1646 612 1713 ἐξελεύσεσθαι,
649 1648 712 1701 τδ
762 1648 864 1718 μὲν
891 1650 1068 1719 ἥμισυ
1125 1648 1388 1718 βαδιεῖται
1440 1646 1578 1717 πρὸς
1603 1645 1802 1698 θάλασ-

192 1755 299 1793 σαν
330 1740 436 1811 τὴν
458 1739 710 1811 πρώτην,
737 1740 800 1793 τὸ
821 1740 879 1793 δὲ
906 1740 1082 1811 ἥμισυ
1113 1740 1249 1812 πρὸς
1280 1741 1381 1811 τὴν
1402 1738 1679 1793 θάλασσαν
1705 1736 1806 1806 τὴν

1920 533 2054 587 vivae
2078 534 2144 588 ".
2180 553 2200 586 ι
2251 534 2407 602 Quod
2438 551 2720 607 exponens
2749 545 2804 591 et
2825 537 3121 592 enucleans
3156 550 3316 592 sacer
3339 552 3513 591 evan-

1916 625 2130 697 gelista,
2164 644 2183 679 ι
2226 626 2343 683 Hoc
2381 639 2564 685 autem
2617 630 2856 697 dicebat,
2913 631 3114 701 inquit,
3176 632 3247 685 de
3303 630 3513 699 Spiritu

1917 734 2077 787 quem
2102 724 2377 787 accepturi
2414 734 2571 777 erant
2605 723 2891 779 credentes
2919 725 2972 779 in
3017 740 3140 778 eum
3171 724 3240 777 ⁷ο.
3292 742 3312 774 ι
3374 722 3513 788 Quia

1917 827 2153 882 namque
2183 814 2421 883 Spiritus
2454 826 2538 870 est
2570 817 2838 881 viviﬁcus,
2880 818 3006 871 ideo
3042 832 3166 872 cum
3208 829 3349 884 aqua
3385 816 3516 867 vivi~

1917 902 2113 958 liraute
2135 907 2537 975 appositissime
2566 909 2864 963 confertur.
2901 910 3055 976 Quod
3089 918 3270 961 autem
3314 906 3512 975 digna-

1917 998 1985 1052 tis
2024 1008 2211 1053 sancta
2244 1001 2351 1054 vita
2387 1001 2547 1055 liceat
2597 1004 2812 1058 abunde
2864 1003 3047 1057 sortiri
3096 1001 3511 1071 possessionem

1915 1092 2087 1147 sancti
2121 1093 2381 1162 Spiritus,
2432 1094 2600 1164 802
2635 1105 2690 1149 et
2716 1106 2975 1163 tanquam
3001 1095 3157 1164 aquis
3189 1090 3517 1148 viviﬁcanti-

1916 1185 2019 1239 bus
2073 1184 2293 1250 repleri,
2347 1186 2576 1251 indicat,
2629 1202 2751 1241 cum
2805 1187 2958 1249 dicit.
2992 1202 3146 1255 aquae
3192 1187 3335 1240 illius
3390 1198 3512 1254 quae

1915 1274 2203 1341 aliquando
2230 1276 2624 1347 Hierosolymis
2654 1293 2941 1349 egressura
2987 1287 3360 1349 exspectatur,
3420 1277 3506 1331 di-

1916 1369 2140 1421 midium
2180 1370 2454 1424 abiturum
2491 1376 2557 1425 ad
2611 1388 2762 1427 mare
2795 1376 3055 1443 primum,
3118 1382 3173 1428 et
3224 1372 3508 1426 dimidimn

1915 1462 1982 1515 ad
2030 1477 2179 1517 mare
2240 1474 2568 1519 extremum.
2625 1464 2740 1521 iloc
2792 1481 2923 1521 vero
2956 1466 3085 1536 quid
3115 1475 3198 1520 est
3228 1464 3256 1519 τ
3295 1464 3425 1517 Mari
3454 1472 3514 1518 et

1914 1554 2071 1621 aquis
2129 1553 2443 1626 frequenter
2491 1557 2689 1611 multas
2737 1568 2928 1626 gentes
2989 1569 3048 1613 et
3105 1557 3509 1612 multitudinem

1914 1642 2364 1700 innumerabilem
2388 1646 2586 1703 divina:
2616 1647 2837 1704 Littera:
2863 1648 3192 1704 assimilant.
3218 1647 3398 1717 Atque
3437 1646 3509 1700 ita

1915 1752 2014 1806 per
2039 1740 2333 1806 quemdam
2363 1750 2681 1797 sanctorum
2728 1743 3126 1813 pr0pbetarum
3158 1744 3235 1797 ait
3262 1759 3278 1796 :
3319 1760 3338 1793 ι
3373 1740 3511 1808 Quia

189 1832 462 1903 ἐσχάτην.
500 1833 613 1886 Καὶ
659 1831 713 1884 τί
771 1832 836 1902 δὴ
869 1832 1030 1886 τοῦτό
1061 1835 1214 1900 ἐστι;
1265 1832 1577 1895 Θαλάσσαις
1613 1847 1673 1884 τε
1713 1832 1809 1883 καὶ

1914 1829 2116 1899 repleta
2140 1842 2229 1886 est
2256 1833 2434 1888 omnis
2456 1842 2600 1889 terra
2634 1846 2693 1890 ut
2723 1846 3022 1907 cognoscat
3052 1836 3366 1903 Dominum,
3392 1835 3505 1890 sic-

189 1923 389 1978 ἰδασιν
426 1923 667 1994 ἐξομοιοῖ
699 1924 963 1989 πολλάκις
1017 1927 1050 1996 ἡ
1087 1923 1209 1978 θεία
1237 1923 1431 1996 Γραφὴ
1476 1922 1647 1977 πολλά
1698 1922 1807 1976 τῶν

190 2013 511 2086 ἀνθρώπων
536 2015 689 2087 ἔθνη,
722 2015 819 2070 καὶ
865 2015 965 2085 τὴν
990 2013 1228 2086 ἀριθμοῦ
1259 2015 1548 2087 κρείττονα
1575 2012 1804 2085 πληθύν.

189 2110 309 2164 Καὶ
334 2107 485 2162 οὕτω
536 2086 661 2162 πού
689 2125 825 2180 φησι
851 2108 916 2162 δι’
954 2108 1074 2172 ἐνὸς
1102 2107 1211 2161 τῶν
1268 2086 1440 2177 ἁγίων
1474 2108 1804 2179 προφητῶν,

193 2222 213 2255 r
261 2204 394 2258 Ὀτι
416 2203 728 2274 ἐνεπλήσθη
755 2205 788 2274 ἡ
816 2202 1079 2273 σύμπασα
1103 2203 1175 2273 γῆ
1196 2202 1291 2256 τού
1320 2203 1523 2272 γνῶναι
1549 2201 1642 2256 τὸν
1694 2200 1810 2255 Κύ-

186 2311 334 2365 ριον,
363 2294 444 2358 ὡς
484 2292 632 2365 ὕδωρ
653 2294 790 2348 πολὺ
819 2293 1207 2364 κατακαλύψαι
1237 2292 1534 2359 θαλάσσας.
1571 2311 1590 2346 ι
1657 2294 1804 2365 Ἔφη

182 2384 244 2439 δέ
278 2401 389 2438 που
413 2385 512 2438 καὶ
534 2386 563 2437 ὁ
597 2383 889 2448 θεσπέσιος
927 2384 1148 2453 Δανιὴλ,
1202 2383 1270 2436 τά
1303 2385 1362 2437 ὲν
1395 2386 1648 2455 ἐσχάτοις
1677 2401 1802 2438 και-

186 2482 311 2552 ροῖς
342 2478 750 2549 συμϐησόμενα
805 2480 919 2535 τοῖς
947 2476 1054 2530 ἀνά
1099 2478 1283 2529 πᾶσαν
1329 2476 1428 2546 τὴν
1475 2476 1806 2546 οἰκουμένην

184 2571 634 2644 προαναφωνῶψ
672 2590 690 2623 ι
741 2568 885 2638 Ἐγὼ
922 2570 1121 2640 Δανιὴλ
1168 2567 1458 2640 ἐθεώρουν,
1491 2569 1588 2623 καὶ
1616 2568 1724 2622 ἰδοὺ
1755 2569 1806 2621 οἱ

181 2666 467 2733 τέσσαρες
520 2663 713 2733 ἄνεμοι
766 2660 860 2715 τοῦ
913 2660 1145 2731 ούρανοῦ
1196 2660 1538 2731 προσέϐαλον
1587 2660 1669 2723 εἰς
1705 2658 1805 2730 τὴν

185 2758 478 2812 θάλασσαν
509 2755 611 2826 τὴν
646 2754 915 2825 μεγάλην.
947 2754 1042 2808 καὶ
1096 2752 1340 2825 τέσσαρα
1374 2752 1541 2824 θηρία
1592 2752 1805 2823 μεγάλα

183 2850 482 2906 ἀνέϐαινον
520 2850 587 2901 ὲκ
616 2849 716 2919 τῆς
744 2848 1043 2919 θαλάσσης,
1106 2847 1437 2919 διαφέροντα
1478 2846 1742 2917 ἀλλήλων.
1777 2864 1798 2898 ι

184 2945 544 3015 Σαφέστερον
577 2942 633 2994 δὲ
665 2940 825 2994 τοῦτο
853 2940 985 2994 αὐτὸ
1010 2940 1273 3002 καθιστάς
1299 2940 1326 2992 ὁ
1350 2939 1623 3009 μακάριος
1641 2937 1806 2991 Δαϐὶδ

188 3037 528 3107 ἀναμέλπει,
560 3035 760 3103 λέγων’
802 3053 822 3085 ι
850 3032 1000 3101 Δῦτη
1027 3035 1059 3103 ἡ
1095 3032 1342 3086 θάλασσα
1371 3034 1403 3102 ἡ
1465 3031 1675 3102 μεγάλη
1707 3032 1804 3084 καὶ

184 3131 534 3202 εὐρύχωρος,
562 3130 680 3182 ἐκεῖ
719 3125 947 3198 ἑρπετά,
984 3120 1060 3180 ὧν
1086 3126 1187 3178 οὐκ
1224 3124 1371 3177 ἔστιν
1402 3122 1655 3194 ἀριθμὸς,
1689 3122 1802 3188 ζῶα

1915 1932 1976 1975 ιιι
2010 1938 2152 1991 aqua
2192 1924 2362 1979 multa
2416 1926 2629 1995 operiet
2653 1930 2824 1982 maria
2858 1930 2927 1983 '".
2969 1948 2989 1981 ι
3026 1928 3167 1996 Quin
3199 1938 3254 1983 et
3290 1928 3510 1982 divinus

1913 2012 2101 2068 Daniel
2132 2017 2402 2073 extremis
2430 2020 2769 2087 temporibus
2798 2029 3062 2077 eventura
3085 2020 3343 2075 omnibus
3365 2034 3511 2073 mor—

1912 2104 2110 2161 talibus
2162 2109 2585 2176 prmnnntians:
2641 2128 2661 2162 ι
2712 2111 2822 2182 Ego
2885 2112 3072 2166 Daniel
3128 2112 3402 2171 videbam,
3454 2119 3510 2163 et

1909 2212 2039 2254 ecce
2062 2210 2296 2268 quatuor
2332 2203 2477 2257 venti
2502 2202 2623 2259 cteli
2654 2203 2937 2258 irruebant
2967 2205 3018 2258 in
3048 2217 3507 2274 mareJnagnum,

1910 2299 1965 2345 et
1987 2301 2223 2360 quatuor
2247 2294 2436 2349 bestize
2465 2311 2678 2366 magna:
2703 2297 3067 2351 ascendentes
3096 2297 3162 2351 de
3207 2295 3369 2359 mari,
3402 2293 3511 2348 dif-

1911 2382 2149 2441 ferentes
2178 2385 2411 2443 invicem
2432 2390 2502 2443 ".
2547 2408 2565 2442 ι
2599 2389 2754 2457 Quod
2800 2390 3046 2459 apertius
3098 2390 3290 2443 beatus
3340 2386 3511 2441 David

1908 2476 2059 2531 canit
2100 2494 2115 2529 :
2165 2496 2185 2528 ι
2241 2478 2357 2533 Hoc
2409 2494 2560 2534 mare
2610 2495 2865 2552 magnum
2913 2489 2971 2535 et
3029 2481 3352 2551 spatiosum,
3397 2477 3510 2532 illic

1908 2568 2128 2637 reptilia
2165 2586 2399 2639 quorum
2429 2587 2535 2626 nou
2569 2581 2653 2626 est
2684 2588 2965 2640 ntnnerus,
3005 2572 3260 2626 animalia
3315 2570 3508 2641 pusilla

1906 2673 2031 2714 cmn
2061 2663 2291 2731 magnis.
2341 2660 2456 2716 illic
2497 2680 2664 2717 naves
2713 2664 3158 2732 pertransibunt,
3198 2664 3366 2716 draco
3404 2660 3508 2715 iste

1905 2767 2069 2823 quem
2100 2752 2349 2808 fonnasti
2378 2756 2444 2809 ad
2484 2756 2821 2811 illudendutn
2859 2758 2908 2810 ei
2933 2756 3001 2810 ⁷³.
3035 2775 3055 2808 ι
3091 2754 3319 2822 Qualem
3358 2752 3504 2808 enim

1859 2893 1881 2911 ,
1907 2844 2203 2897 draconem
2228 2846 2279 2899 in
2310 2846 2446 2899 mari
2474 2848 2724 2901 sensibus
2767 2853 2990 2915 patente
3024 2847 3091 2900 ab
3129 2846 3511 2915 omnipotente

1910 2933 2017 2987 Deo
2047 2937 2110 2987 ad
2134 2935 2465 2991 illudendmn
2507 2938 2713 2991 homini
2744 2937 3037 2992 formatum
3067 2953 3188 2992 esse
3217 2934 3504 2991 dicemus?

1905 3024 2199 3081 Consncvit
2234 3028 2398 3097 igitur
2431 3045 2586 3084 sacra
2614 3028 2897 3099 Scriptura
2926 3031 3091 3085 etiam
3136 3039 3308 3082 totum
3344 3044 3505 3082 Inuu-

1908 3118 2059 3183 dum,
2086 3131 2138 3173 et
2161 3137 2554 3190 nonnunquam
2593 3140 2844 3193 magnam
2880 3124 3160 3177 hominum
3198 3120 3504 3176 multitudi-

182 3224 367 3295 μικρά
403 3222 546 3293 μετὰ
595 3221 874 3291 μεγάλων.
943 3220 1092 3272 Ἐκεῖ
1139 3218 1300 3272 πλοῖα
1349 3216 1799 3287 διαπορεύονται,

1909 3229 2029 3268 nem
2060 3215 2194 3268 mari
2226 3230 2568 3285 comparare.
2599 3219 2861 3284 Quocirca
2890 3231 3142 3271 mensura
3183 3215 3297 3285 pari
3335 3213 3508 3282 Spiri-

178 3318 408 3390 δράκων
436 3310 594 3379 οὗτος
624 3314 684 3368 ὃν
736 3313 979 3377 ἔπλασας
1012 3312 1306 3383 ἐμπαίζειν
1367 3310 1539 3381 αὐτῷ.
1584 3329 1600 3361 ι
1642 3310 1803 3363 Ποῖον

175 3412 294 3485 γὰρ
329 3407 476 3463 εἷναί
506 3424 688 3477 φαμεν
744 3409 803 3460 ὲν
863 3409 928 3477 τῇ
969 3404 1203 3475 αἰσθητῇ
1237 3403 1484 3474 θαλάσσῃ
1534 3402 1628 3456 τὸν
1672 3401 1802 3473 δρά-

177 3520 356 3557 κοντα
414 3499 809 3566 πεπλασμένον
860 3500 940 3561 είς
986 3498 1049 3551 τὸ
1105 3496 1470 3567 ἐμπαίξεσθαι
1523 3495 1675 3566 παρᾶ
1703 3495 1799 3549 τοῦ

179 3596 413 3649 πάντων
444 3592 779 3666 κρατοῦντος
827 3589 998 3654 Θεοῦ;
1060 3588 1223 3651 Ἕθος
1257 3588 1321 3656 δὴ
1353 3586 1447 3640 οὖν
1474 3589 1587 3651 τοῖς
1632 3589 1799 3658 ἱεροῖς

180 3687 497 3757 Γράμμασι
522 3685 617 3738 καὶ
637 3685 817 3737 πάντα
835 3683 925 3735 τὸν
944 3682 1148 3750 κόσμον
1171 3679 1471 3743 θαλάσσαις
1494 3679 1798 3750 ἐξομοιοῦν,

182 3782 281 3835 καὶ
314 3780 524 3849 πολλὴν
553 3776 860 3848 ἀνθρώπιον
889 3775 1001 3829 ἔσθ’
1040 3777 1129 3829 ὅτε
1165 3773 1398 3844 πληθύν,
1444 3776 1567 3827 Ὅτι
1616 3774 1799 3827 τοίνυν

188 3871 290 3942 ῑσῳ
323 3870 521 3942 μέτρῳ
567 3868 1032 3940 διανεμηθήσεται
1084 3866 1238 3938 παρὰ
1259 3865 1396 3919 Θεοῦ
1431 3868 1464 3936 ἡ
1500 3864 1594 3919 τοῦ
1626 3863 1800 3919 Πνεύ-

188 3983 360 4035 ματος
388 3965 555 4037 χάρις
583 3967 698 4027 τοῖς
723 3981 784 4017 τε
811 3962 873 4027 ἐξ
905 3961 1128 4033 Ἰσραὴλ
1160 3960 1514 4017 πιστεύσασι.
1550 3960 1645 4011 καὶ
1679 3960 1796 4021 τοίς

188 4058 242 4123 ἐξ
271 4056 472 4121 ἐθνῶν,
537 4054 873 4124 ὑπεμφαίνει
930 4054 1106 4122 λέγων
1156 4054 1286 4125 περὶ
1332 4050 1428 4105 τοῦ
1476 4050 1668 4113 ὓδατος
1700 4048 1799 4102 τοῦ

184 4147 479 4212 ζωοποιοῦ,
511 4148 587 4212 ὡς
634 4147 977 4214 ἐξελεύσεται
1013 4147 1074 4200 τὸ
1098 4148 1273 4217 ἥμισυ
1309 4144 1410 4212 μὲν
1433 4146 1515 4205 εἰς
1544 4143 1645 4212 τὴν
1698 4141 1797 4195 θά-

182 4237 395 4293 λασσαν
429 4238 532 4310 τὴν
556 4237 804 4310 πρώτην,
833 4238 967 4292 τὸδὲ
997 4238 1186 4309 ἕτερον
1219 4238 1391 4309 ἥμισυ
1436 4238 1516 4299 εἰς
1566 4234 1667 4304 τὴν
1702 4233 1798 4287 θάο

180 4331 394 4386 λασσαν
436 4330 537 4401 τὴν
568 4329 830 4401 ἐσχάτην.
880 4331 1170 4384 Θάλασσαν
1202 4329 1259 4383 δὲ
1318 4326 1543 4400 πρώτην
1594 4325 1795 4395 ὀνομάο

182 4424 264 4491 ζει
290 4425 386 4478 τὸν
425 4423 667 4495 Ίσραήλ’
701 4423 939 4494 ἐσχάτην
970 4423 1027 4477 δὲ
1073 4422 1171 4494 τὴν
1220 4422 1329 4475 τῶν
1387 4423 1504 4491 μετ’
1548 4419 1795 4482 ἐκείνους

180 4515 640 4569 πεπιστευκότων
669 4513 903 4585 πληθὺν,
932 4513 1182 4566 τουτέστι
1245 4514 1313 4565 τὰ
1355 4511 1503 4580 ἔθνη.
1543 4510 1652 4564 Καὶ
1678 4508 1796 4563 οὔτι

1904 3314 1994 3360 tus
2033 3306 2270 3372 gratiam
2304 3310 2655 3363 distributum
2692 3310 2754 3363 iri
2782 3310 2872 3374 iis,
2901 3310 2990 3379 qui
3025 3325 3087 3361 ex
3125 3307 3295 3362 Israel
3323 3305 3507 3363 credi-
3574 3291 3581 3303 ’

1905 3398 2084 3452 derint
2132 3400 2282 3453 etiis
2313 3401 2404 3469 qui
2436 3417 2499 3454 ex
2551 3403 2828 3471 gentibus,
2885 3402 3126 3457 ostendit
3179 3401 3385 3466 dicens,
3440 3400 3509 3455 de

1905 3504 2043 3558 aqua
2069 3493 2218 3544 vitali
2258 3509 2607 3563 egressnrnm
2649 3497 2932 3551 dimidium
2961 3498 3180 3566 quidem
3240 3496 3293 3549 in
3351 3510 3503 3550 mare

1903 3581 2171 3647 primum,
2207 3582 2439 3637 alterunt
2488 3585 2771 3639 dimidium
2836 3590 2888 3641 itt
2958 3602 3113 3641 mare
3172 3595 3502 3641 extretnum.

1902 3671 2051 3728 Mare
2078 3675 2309 3744 primum
2361 3678 2604 3732 nominat
2655 3678 2842 3744 Israel,
2893 3687 3195 3734 extremum
3261 3677 3506 3732 multitu-

1902 3766 2103 3833 dinem,
2133 3784 2254 3837 qme
2280 3778 2399 3838 pust
2430 3770 2582 3823 illmn
2618 3770 2777 3824 fidem
2804 3782 2889 3825 est
2927 3771 3255 3839 amplexata,
3312 3780 3502 3839 gentes

1901 3859 2129 3913 scilicet.
2189 3859 2296 3914 Nec
2334 3862 2566 3916 dicimus
2609 3863 2855 3915 divisum
2898 3878 3022 3917 esse
3081 3862 3345 3931 Spiritum
3376 3876 3502 3916 sano

1900 3962 2073 4014 ctum,
2105 3963 2161 4008 et
2193 3953 2245 4007 in
2278 3956 2526 4023 utrisque
2578 3955 2956 4022 imperfectum
2989 3954 3126 4019 fore,
3169 3955 3295 4023 quia
3341 3953 3503 4007 diuti-

1902 4044 2048 4098 dimn
2082 4045 2281 4100 dicitur
2311 4064 2325 4100 :
2359 4048 2527 4116 absit;
2559 4048 2649 4101 sed
2676 4048 2996 4116 prophetam
3033 4047 3163 4101 illud
3192 4046 3372 4115 potius
3403 4047 3503 4101 in—

1902 4139 2086 4192 dicare
2119 4138 2256 4193 velle
2316 4141 2657 4208 putabimus,
2711 4140 2999 4210 aequaliter
3039 4139 3272 4210 gratiam
3318 4138 3403 4192 his
3448 4145 3511 4194 ei

1900 4231 2005 4285 illis
2032 4231 2365 4300 impertitum
2396 4233 2482 4288 iri.
2529 4233 2661 4287 Nam
2690 4234 2926 4288 medium
2956 4240 3010 4287 et
3035 4232 3270 4287 medium
3304 4231 3355 4284 in
3381 4232 3509 4300 part

1900 4330 1955 4377 et
1982 4322 2175 4394 aequali
2212 4323 2597 4379 liberalitatem
2629 4335 2683 4378 et
2705 4322 3078 4395 aequalitatem
3113 4326 3283 4393 ipsam
3310 4322 3503 4395 decla-

1901 4421 2006 4467 rat.
2035 4412 2355 4484 Perpetuam
2378 4425 2559 4470 autem
2581 4432 2704 4472 esse
2731 4417 2962 4487 gratiam
2981 4426 3036 4471 et
3060 4418 3115 4470 in
3133 4432 3295 4471 omne
3324 4431 3501 4471 :evutn

1907 4512 2242 4572 mansuram,
2278 4524 2382 4562 non
2412 4509 2628 4566 difﬁcile
2657 4522 2740 4565 est
2767 4511 2951 4565 videre
2973 4526 3039 4567 ex
3062 4525 3129 4565 eo
3153 4511 3296 4580 quod
3337 4509 3494 4563 addi-

181 4605 285 4661 πού
315 4623 526 4676 φαμεν,
557 4605 634 4668 ὡς
672 4604 1003 4676 μεμέρισται
1048 4604 1109 4657 τὸ
1142 4603 1368 4673 Πνεῦμα
1399 4603 1461 4657 τὸ
1494 4602 1675 4671 ἅγιον,
1701 4602 1797 4655 καὶ

1907 4612 1992 4655 tnr
2024 4621 2038 4657 :
2078 4623 2097 4655 ι
2141 4601 2277 4669 Quia
2318 4604 2369 4657 in
2396 4613 2608 4670 aestate,
2638 4615 2692 4660 et
2715 4605 2768 4661 in
2795 4621 2924 4661 vere
2956 4606 3039 4660 sic
3067 4604 3191 4667 erit,
3220 4623 3239 4656 ι
3268 4604 3371 4658 hoc
3394 4608 3507 4670 est,

184 4699 373 4762 ἀτελὲς
402 4700 462 4750 ἐν
484 4696 772 4766 ἑκατέροις
798 4695 974 4761 ἔσται,
1001 4695 1089 4750 διά
1114 4712 1198 4749 τοι
1218 4696 1280 4748 τὸ
1311 4695 1483 4765 ἥμισυ
1512 4692 1794 4762 λέγεσθαι,

186 4792 386 4847 πολλοῦ
414 4807 481 4857 γε
512 4790 609 4844 καὶ
638 4789 738 4843 δεῖ-
775 4788 1081 4860 οἰησόμεθα
1107 4788 1164 4841 δὲ
1193 4788 1417 4858 μᾶλλον,
1451 4788 1631 4840 ἐκεῖνο
1670 4785 1795 4855 βού-

184 4884 373 4938 λεσθαι
400 4881 497 4936 τὸν
527 4883 818 4952 προφήτην
871 4879 1195 4952 ύποδηλοῦν,
1223 4880 1299 4944 ὡς
1332 4881 1390 4932 ὲν
1444 4878 1649 4950 ἰσότητι
1696 4875 1796 4945 τῆς

188 4975 410 5048 χάριτος
442 4978 475 5043 ἡ
504 4973 737 5045 διανομὴ
766 4972 978 5037 τούτοις
1002 4990 1063 5026 τε
1112 4973 1386 5037 κάκείνοις
1416 4971 1794 5051 ὲκνεμηθήσε-

190 5087 288 5125 τιι.
326 5069 401 5123 Τὸ
428 5068 541 5138 γάρ
566 5067 739 5138 ἣμισυ
790 5067 885 5134 καὶ.
940 5068 1138 5138 ἣμισυ,
1180 5065 1282 5135 τῆς
1340 5066 1671 5135 ἰσοστάθμου
1708 5080 1798 5133 φι-

188 5159 439 5232 λοτιμίας
489 5160 588 5212 καὶ
635 5159 737 5229 τῆς
800 5159 1045 5227 ἰσότητος
1068 5158 1222 5212 ἔσται
1262 5158 1620 5229 σημαντικόν.
1670 5157 1795 5210 Ὅτι

184 5250 233 5305 δὲ
261 5250 529 5324 διηνεκὴς
555 5252 589 5321 ἡ
627 5251 809 5321 χάρις,
858 5250 949 5304 καὶ
974 5250 1117 5306 κατὰ
1149 5249 1330 5304 πάντα
1368 5248 1560 5318 καιρὸν
1597 5250 1628 5319 ἡ
1664 5246 1795 5318 μέθ-

187 5341 313 5405 εξις,
375 5339 774 5411 ἀταλαίπωρον
830 5339 979 5405 ἰδεῖν,
1033 5339 1143 5394 ἀπὸ
1211 5339 1302 5393 τού
1359 5342 1529 5407 φάναι
1588 5339 1791 5402 πάλιν,

189 5452 204 5483 ι
247 5436 375 5488 Ὅτι
418 5434 517 5487 καὶ
563 5434 623 5486 ὲν
666 5432 848 5501 θέρει,
902 5433 995 5486 καὶ
1047 5433 1107 5485 ἐν
1166 5430 1291 5503 ἔαρι
1343 5431 1496 5485 ἔσται
1541 5431 1787 5497 ούτως.ὶ

195 5527 394 5582 ’ἰστέον
422 5526 511 5591 δὲ,
571 5526 656 5580 ὃτι
720 5525 845 5580 ἀντὶ
876 5526 994 5591 τοῦ,
1046 5526 1117 5580 ἐν
1165 5526 1318 5596 ἔαρι,
1353 5526 1411 5580 τὸ
1436 5526 1506 5579 ἐν
1549 5524 1793 5596 χειμῶνι

186 5622 314 5691 φησι
346 5621 464 5674 τῶν
508 5615 783 5691 Ἐὕραίων
831 5623 864 5692 ἡ
903 5619 1134 5685 ἐκδοσις.
1165 5621 1362 5675 Ἔσται
1383 5619 1447 5692 δὴ
1492 5615 1608 5686 οὖν,
1636 5621 1793 5691 φησι,

247 5803 294 5833 θ’
328 5801 492 5859 «ιο-ιιι.
537 5816 632 5865 vtt,
666 5800 753 5855 58.
833 5801 879 5831 "°
907 5799 1038 5854 Ibid.
1073 5800 1185 5855 59..
1240 5800 1285 5831 ⁷¹
1318 5800 1418 5853 lsa.
1455 5815 1526 5863 xi,
1560 5800 1610 5852 9.

1690 5799 1733 5830 ⁷³
1762 5798 1894 5855 Dan.
1930 5797 2108 5868 vnﬂ,
2135 5801 2188 5855 5.

1903 4710 2143 4771 semper,
2164 4695 2321 4749 Scias
2350 4695 2532 4759 velim,
2577 4712 2675 4766 pro
2706 4712 2821 4751 vere
2864 4696 3156 4752 llebrteam
3206 4694 3504 4749 editionem

1904 4788 2103 4858 legere,
2136 4789 2191 4842 in
2230 4790 2418 4844 hieme.
2461 4789 2568 4845 Sed
2615 4789 3006 4845 inconveniens
3066 4804 3173 4843 non
3238 4795 3341 4851 est,
3405 4800 3505 4855 pro

1904 4882 2073 4935 hieme
2101 4881 2268 4953 803
2292 4881 2456 4937 etiam
2488 4897 2577 4935 ver
2616 4882 2799 4936 dicere
2850 4882 3151 4937 secundum
3177 4877 3321 4933 LXX
3351 4878 3506 4932 Scri-

1906 4983 2120 5040 pturant
2176 4989 2189 5027 :
2250 4973 2301 5024 in
2345 4972 2523 5026 medio
2575 4972 2777 5043 quippe
2825 4971 2973 5027 velut
3026 4972 3203 5043 spatio
3260 4972 3503 5026 acierum

1905 5065 2137 5119 duarum
2182 5065 2345 5118 situm
2376 5073 2478 5127 est,
2515 5066 2645 5119 utsi
2676 5066 2799 5133 quis
2831 5066 2995 5121 etiam
3040 5066 3215 5134 ipsum
3263 5063 3507 5119 hiberum
3548 5085 3555 5091 -

1906 5158 2223 5227 tempestati
2258 5159 2518 5223 ascribat,
2558 5158 2689 5214 nihil
2737 5159 3119 5229 improbabile,
3162 5168 3253 5213 aut
3287 5172 3315 5210 a
3354 5165 3510 5210 recto

1905 5252 2142 5306 alienum
2167 5254 2238 5307 sit
2269 5250 2535 5307 facturus.
2562 5250 2717 5319 Quod
2751 5252 2798 5309 si
2825 5252 2948 5323 quis
2981 5261 3036 5307 et
3064 5251 3169 5306 alio
3217 5248 3376 5305 modo
3412 5249 3503 5301 in-

1915 5343 2163 5414 telligere
2189 5342 2444 5409 voluerit,
2489 5344 2630 5414 quod
2669 5343 2734 5399 de
2768 5360 2906 5415 aqua
2945 5344 3047 5401 sub
3084 5341 3498 5410 intelligentiam

1906 5438 2139 5493 cadente
2173 5438 2396 5507 dicitur,
2428 5452 2643 5509 nempe,
2667 5439 2810 5507 quod
2845 5457 2865 5492 ι
2894 5435 3503 5509 egredietnrdimidimn

1904 5529 2023 5597 ejus
2054 5529 2107 5584 in
2138 5544 2288 5583 mare
2306 5530 2568 5600 prinnnn,
2595 5538 2652 5585 et
2674 5530 2957 5585 dimidium
2989 5528 3108 5599 ejus
3136 5529 3186 5583 in
3222 5541 3369 5581 mare
3404 5541 3505 5581 e‘.t~

1906 5628 2161 5688 tremum,
2199 5629 2255 5678 et
2287 5622 2341 5677 in
2371 5632 2558 5679 testate
2589 5629 2749 5691 atque
2778 5638 2906 5679 vere
2922 5622 3001 5680 sic
3017 5622 3176 5690 erit,»
3201 5619 3361 5678 talem
3377 5633 3511 5674 ver-

2269 5801 2314 5833 "
2337 5800 2481 5857 Psal.
2508 5799 2741 5870 cntﬁii,
2763 5801 2857 5855 26.
