4098 6464
589 298 702 354 955

1593 299 1652 355 5.
1697 297 1971 355 CYRiLLl
2010 299 2481 357 ALEXANDRINI
2520 303 2843 363 ARCHIEP.

3773 307 3882 364 256

589 419 783 476 borum
809 418 1035 475 istorum
1075 433 1296 476 sensum
1341 419 1576 490 accipiet
1601 437 1616 476 :
1638 419 1790 477 Mare
1822 420 2060 491 primum
2089 437 2185 477 no-

2294 426 2437 480 κατὰ
2465 427 2536 481 τά
2567 427 2728 493 αὐτὰ,
2770 426 2864 481 xui
2913 424 3177 490 ὡσαύτως
3226 426 3261 497 ἠ
3296 424 3405 480 τῶν
3436 424 3645 496 νοητῶν
3674 424 3886 482 ὑδάτων

592 511 764 565 minat
786 509 852 564 ad
879 511 1145 567 orientem
1172 510 1405 567 fortasse
1429 512 1622 577 situm,
1653 512 1793 567 ultra
1819 520 1980 568 terra:
2015 515 2180 570 latius

590 618 747 671 oras;
794 613 1152 669 extremum,
1210 605 1278 660 ad
1339 615 1619 660 extremos
1666 606 1968 661 occidentis
2022 606 2177 661 lines.

597 693 753 749 Velut
772 698 916 748 enim
944 696 1135 750 facient
1163 705 1220 751 et
1249 696 1574 765 principium
1602 697 1774 761 orbis,
1802 698 2067 751 orientem
2082 698 2181 751 de-

594 787 715 840 llnit
749 806 763 840 :
794 796 1034 841 mstatem
1077 798 1276 849 autem,
1311 788 1529 855 opinor,
1568 789 1774 843 calidas
1808 796 1865 844 et
1913 788 2181 844 australes

595 879 783 929 untmli
842 888 1021 944 partes
1068 890 1268 933 vocat:
1301 896 1395 934 νιιι·
1444 880 1794 947 aquilonfares
1839 891 1895 935 et
1934 881 2180 951 frigidas.

598 973 689 1024 Sic
719 973 864 1024 enim
897 972 1114 1028 divinus
1149 973 1313 1025 David
1348 984 1585 1042 quatuor
1632 974 1733 1026 sub
1775 972 1913 1026 (mlo
1957 973 2180 1027 climata

597 1062 907 1131 signiﬁcare
960 1064 1169 1127 volens,
1206 1064 1272 1116 ad
1315 1064 1480 1118 Deum
1513 1064 1904 1118 exclamabat:
1946 1082 1966 1115 ι
1999 1062 2185 1119 Estn-

598 1165 704 1209 tcm
731 1166 786 1208 et
816 1170 910 1209 ver
932 1164 987 1208 ttt
1020 1157 1299 1225 plasmasti
1333 1173 1395 1210 ea
1431 1156 1499 1210 ⁷⁸.
1541 1174 1560 1209 ι
1610 1156 1674 1209 Et
1708 1156 1900 1210 iterum
1926 1174 1940 1211 :
1967 1175 1986 1208 ι
2017 1155 2187 1225 Aqui-

597 1246 774 1300 lonem
801 1258 857 1300 et
883 1263 1034 1302 mare
1070 1259 1123 1302 ιιι
1155 1251 1355 1303 creasti
1390 1249 1457 1302 ⁷⁸.
1522 1266 1543 1299 ι
1589 1247 1768 1317 inquit
1816 1263 1967 1317 ergo,
2018 1249 2186 1319 Egre-

596 1339 778 1392 tlietur
811 1353 949 1406 aqua
985 1339 1105 1393 viva
1134 1342 1437 1410 :equaliter,
1473 1349 1528 1394 et
1550 1341 1601 1393 in
1628 1341 1742 1408 pari
1775 1340 1948 1409 gratia
1987 1341 2038 1393 itt
2070 1355 2187 1394 ma-

597 1446 656 1484 re
689 1430 920 1498 primum
948 1440 1003 1486 et
1041 1433 1095 1485 in
1125 1444 1458 1497 extremum,
1514 1433 1616 1487 ltoc
1669 1440 1771 1496 est,
1828 1433 1883 1487 in
1921 1433 2183 1489 orientem

596 1523 1024 1588 etoccidentem,
1052 1536 1107 1579 et
1138 1528 1189 1578 in
1214 1533 1405 1580 aestate
1438 1535 1492 1578 et
1527 1524 1579 1578 iu
1609 1539 1758 1590 vere,
1794 1524 1897 1579 ltoc
1920 1532 2002 1579 est
2031 1526 2182 1590 item,

598 1616 651 1668 in
683 1625 927 1670 austrum
962 1627 1015 1670 et
1043 1617 1370 1686 aquilonem.
1423 1616 1737 1686 Replebitur
1773 1617 1917 1671 enim
1951 1616 2184 1671 mundus

2288 516 2468 588 χύσις,
2498 520 2556 572 ἐν
2606 518 2836 589 χειμῶνί
2886 535 2946 572 τε
2977 518 3073 572 xui.
3119 519 3177 572 ἐν
3204 515 3373 589 θέρει,
3417 518 3688 585 τουτέστι,
3743 521 3887 576 κατὰ

2290 610 2469 664 πάντα
2497 611 2708 683 καιρόν.
2729 613 2907 666 Λυπεί
2927 611 2984 664 δὲ
3012 610 3162 664 οὐδὲν
3196 610 3293 664 xui
3317 610 3441 664 ἀντὶ
3473 609 3566 663 τοῦ
3593 610 3887 680 χειμῶνος

2289 701 2350 755 τὸ
2380 703 2485 771 ἔαρ
2516 706 2712 767 εἰπεῖν,
2752 704 2892 758 κατὰ
2927 703 3024 773 τὴν
3043 702 3153 757 τῶν
3211 702 3617 774 Ἑϐδομήκοντα
3643 704 3888 774 γραφήν*

2291 795 2471 846 κεῖται
2498 796 2607 865 γὰρ
2629 795 2705 857 ὡς
2729 796 2787 848 ἐν
2822 794 3132 866 μεταιχμίῳ
3160 792 3429 864 χειμῶνός
3460 809 3518 845 τε
3543 793 3639 845 xui
3669 793 3888 864 θέρους,

2291 884 2433 939 ὥστε
2467 886 2569 940 κᾶν
2601 888 2734 950 εἴτις
2761 887 2891 939 αὐτὸ
2910 889 3022 950 τοῖς
3054 886 3150 939 τοῦ
3182 885 3450 956 χειμῶνος
3475 885 3727 957 ἀπονέμῃ
3760 901 3885 936 και-

2295 980 2427 1049 ροῖς,
2456 979 2548 1032 τὸν
2585 979 2678 1032 τοῦ
2713 979 2940 1043 εἰκότος,
2970 979 3003 1050 ἢ
3044 980 3136 1032 xui
3161 979 3336 1050 ὀρθῶς
3368 978 3606 1048 ἔχοντος,
3636 977 3737 1031 οὐκ
3770 976 3891 1029 ἁδι-

2293 1071 2452 1140 κήσει
2477 1070 2656 1139 λόγον.
2700 1070 2762 1123 Ei
2795 1072 2852 1124 δὲ
2882 1072 2945 1141 δή
2997 1088 3080 1134 τις
3129 1069 3372 1141 βούλοιτο
3419 1075 3514 1123 καὶ
3544 1069 3666 1123 xufl‘
3696 1070 3890 1139 ἕτερον

2295 1160 2536 1212 συνιέναι
2567 1160 2767 1231 τρόπον
2788 1160 2850 1213 τὸ
2875 1160 3004 1230 περὶ
3052 1160 3148 1213 τοῦ
3184 1160 3376 1231 νοητοῦ
3436 1160 3731 1230 λεγόμενον
3758 1158 3890 1212 ὕδα-

2292 1268 2402 1315 τος,
2427 1250 2504 1315 ὼς
2544 1271 2563 1303 ι
2590 1251 2935 1316 ἐξελεύσεται
2962 1252 3023 1306 τὸ
3055 1253 3227 1323 ἥμισυ
3255 1252 3421 1306 αὑτοῦ
3452 1254 3531 1317 εἰς
3557 1254 3658 1324 τὴν
3693 1252 3890 1305 θάλασ-

2294 1359 2393 1395 σαν
2414 1342 2512 1413 τὴν
2546 1342 2793 1415 πρώτην,
2824 1345 2921 1399 xui
2946 1346 3008 1399 τὸ
3029 1347 3201 1417 ἥμισυ
3232 1343 3398 1398 αὑτοῦ
3438 1345 3519 1408 είς
3546 1345 3646 1414 τὴν
3684 1344 3891 1398 θάλασο

2293 1451 2392 1488 σαν
2424 1433 2522 1505 τὴν
2571 1436 2829 1507 ἐσχάτην,
2878 1437 2974 1492 xui
3026 1439 3084 1491 ἐν
3113 1438 3286 1509 θέρει,
3332 1436 3430 1490 xui
3467 1439 3524 1488 ἐν
3550 1435 3694 1507 ἔαρι,
3732 1436 3888 1491 ἔσται

2289 1521 2454 1587 οὕτω,
2489 1540 2507 1575 ι
2550 1525 2812 1595 τοιαύτην
2866 1526 2992 1580 τινὰ
3037 1526 3131 1579 τοῦ
3184 1527 3550 1598 προκειμένου
3602 1526 3888 1597 περίνοιαν

2291 1615 2609 1693 είσδέίξεται⁸
2633 1617 2921 1672 Θάλασσαν
2950 1618 3051 1689 μὲν
3084 1619 3194 1691 γὰρ
3219 1618 3476 1690 ὀνομάζει
3503 1618 3752 1690 πρώτην,
3786 1618 3889 1691 τὴν

594 1709 1021 1795 ‹·1ιιιι·ῑειιιιιιὶ1›υε
1052 1725 1147 1779 per
1168 1709 1467 1774 Christum,
1495 1720 1552 1764 et
1581 1709 1922 1779 permanebit
1961 1709 2185 1765 omnino

2294 1708 2424 1778 πρὸς
2453 1707 2537 1779 ἠὼ
2590 1710 2731 1780 τάχα
2788 1728 2892 1764 που
2927 1712 3208 1782 κειμένην,
3261 1711 3360 1782 τὴν
3426 1711 3685 1764 ἐπέκεινά
3742 1728 3890 1781 φημι

598 1804 800 1855 «torium
828 1802 879 1853 in
915 1801 981 1854 iis
1011 1803 1098 1869 qui
1156 1802 1488 1871 acceperint.
1517 1800 1691 1867 Tunc,
1728 1811 1857 1856 tunc
1891 1818 1910 1851 ι
1943 1802 2047 1855 erit
2072 1800 2182 1856 Do-

598 1888 776 1943 minus
806 1890 856 1943 in
891 1906 1070 1960 regem
1098 1906 1263 1960 super
1315 1907 1532 1945 omnem
1584 1901 1807 1949 terram.
1847 1910 1867 1944 ι
1923 1891 2037 1946 Sub
2067 1892 2185 1961 ipso

597 1982 743 2033 enim
776 1982 891 2035 solo
907 1983 1131 2046 erimus,
1171 1993 1226 2037 et
1254 1984 1367 2051 ipse
1400 1984 1772 2039 dominabitur
1811 1985 2003 2039 deletis
2033 1986 2184 2055 peni-

596 2085 680 2127 tus
696 2073 1030 2143 principibus
1058 2076 1435 2129 mundisazcnli
1458 2074 1855 2145 ltttjus,ctomni
1881 2077 2184 2146 principatu

593 2180 870 2232 perverso,
904 2178 959 2221 et
989 2169 1273 2239 tyrannide
1302 2165 1490 2222 conira
1529 2184 1627 2222 nos
1653 2170 2022 2239 triumpltatis,
2067 2169 2185 2237 ipso

594 2257 795 2311 Satana
820 2274 941 2311 cum
964 2261 1257 2313 virtutibus
1287 2259 1402 2324 ejus
1435 2258 1681 2328 malignis
1708 2260 2014 2331 proﬂigato.

2289 1802 2580 1873 τερμάτων
2603 1803 2701 1872 τῆς
2735 1803 2863 1874 ὅλης
2892 1805 3016 1875 γῆς,
3066 1804 3304 1874 ἐσχάτην
3350 1820 3417 1873 γε
3484 1805 3591 1877 μὴν
3621 1804 3720 1875 τὴν
3752 1803 3892 1874 προς

2292 1892 2486 1955 αὐταῖς
2512 1887 2633 1956 ταῖς
2657 1893 2898 1964 ἐτπέρας
2936 1896 3231 1965 ἐσχατιαῖς.
3265 1897 3566 1967 Πρόσωπον
3594 1898 3704 1968 γὰρ
3724 1897 3892 1950 οἱονεί

2294 2001 2431 2048 πως,
2475 1986 2571 2039 xui
2593 1985 2766 2056 ἀρχὴν
2798 1985 3040 2057 ὁρίζεται
3091 1988 3190 2056 τῆς
3214 1989 3543 2058 οἰκουμένης
3565 1991 3665 2059 τὴν
3690 1991 3891 2042 ἀνατοο

2292 2073 2412 2146 Mli”
2447 2073 2605 2147 θέρος
2645 2074 2721 2139 δὲ,
2764 2071 2920 2145 οἶμαι
2968 2093 3094 2143 που,
3122 2076 3192 2129 τὰ
3225 2075 3425 2147 θερμὰ,
3482 2079 3578 2131 xui
3615 2078 3766 2131 νότια
3791 2082 3897 2148 τῆς

2291 2163 2615 2234 οἰκουμένης
2648 2164 2912 2218 ἀποκαλεῖ
2943 2166 3109 2238 μέρη,
3152 2166 3252 2239 ἔαρ
3300 2168 3358 2222 δὲ
3409 2169 3573 2222 πάλιν
3604 2170 3671 2222 τὰ
3705 2169 3901 2241 βόρειά

2290 2273 2350 2310 τε
2373 2258 2467 2310 καὶ
2495 2257 2701 2328 ψυχρά.
2745 2256 2905 2312 υΰτω
2937 2259 3046 2330 γὰρ
3071 2263 3101 2313 ὁ
3129 2260 3419 2325 Θεσπέσιος
3472 2262 3638 2317 Δαϐὶδ
3664 2263 3734 2315 τά
3768 2261 3899 2316 τέσ-

595 2369 736 2425 σαρα
788 2352 889 2422 τῆς
944 2353 1034 2406 ὑπ’
1110 2352 1342 2423 οὐρανὸν
1399 2352 1643 2421 κλίματα
1713 2352 1959 2422 σημῆναι
2010 2350 2213 2414 θέλων,
2255 2346 2522 2416 ἁνεφὼνει
2564 2347 2697 2417 πρὸς
2748 2347 2899 2401 Θεόν·
2947 2368 2966 2399 ι
2999 2350 3190 2418 Θέρος,
3258 2352 3355 2404 xui
3403 2350 3505 2422 ἐαρ
3550 2353 3616 2407 σὺ
3647 2352 3895 2413 ἔπλασας

591 2447 755 2500 αὑτά.
792 2467 810 2499 ι
841 2448 952 2501 Καὶ
976 2446 1167 2511 πάλιν,
1206 2466 1224 2499 ι
1264 2448 1369 2501 Τὸν
1404 2447 1625 2520 βορρᾶν,
1659 2447 1754 2501 xui
1778 2446 1876 2516 τὴν
1900 2444 2179 2498 θάλασσαν
2221 2444 2286 2497 σὺ
2322 2442 2565 2504 ἔκτισας.
2606 2461 2625 2493 ι
2684 2441 3054 2506 Ἐξελεύσεται
3122 2443 3186 2515 δὴ
3257 2439 3372 2508 οὖν,
3408 2445 3574 2515 φημὶ,
3629 2445 3692 2499 τδ
3746 2444 3898 2516 ὕδωρ

592 2539 656 2593 τὸ
695 2539 806 2603 ζῶν
844 2543 902 2592 ἐν
965 2540 1191 2609 ἰσότητι,
1240 2541 1333 2593 xui
1397 2540 1751 2612 ίσομοιρούσῃ
1804 2542 1989 2609 χάριτι
2019 2537 2102 2600 εἴς
2160 2552 2222 2588 τε
2259 2536 2361 2605 τὴν
2394 2534 2671 2588 θάλασσαν
2735 2536 2835 2606 τὴν
2887 2535 3137 2608 πρώτην,
3169 2537 3265 2591 xui
3303 2538 3404 2609 μέν
3453 2556 3538 2591 τοι
3568 2538 3665 2592 xui
3689 2540 3770 2602 είς
3792 2537 3896 2610 τὴν

595 2632 854 2703 ἐσχάτην,
912 2637 1209 2697 τουτέστιν,
1247 2636 1327 2698 είς
1375 2634 1450 2687 ἕω
1501 2652 1561 2686 τε
1605 2636 1700 2687 xui
1739 2634 1910 2695 δύσιν,
1946 2634 2039 2685 xui
2092 2632 2151 2683 ἐν
2191 2630 2361 2702 θέρει,
2391 2630 2486 2683 xui
2517 2631 2577 2683 ἐν
2628 2630 2773 2700 ἐαρι,
2803 2633 3053 2684 τουτέστι
3087 2632 3270 2697 πάλιν,
3305 2634 3385 2697 είς
3406 2633 3500 2687 τὸν
3538 2634 3689 2688 νότον
3709 2651 3770 2687 τε
3798 2630 3928 2688 καὶ·

596 2726 676 2786 είς
704 2723 927 2794 βορρᾶν.
976 2725 1454 2794 Ἑμπλησθήσεται
1494 2726 1604 2796 γὰρ
1634 2727 1667 2793 ἡ
1698 2725 1789 2777 ὑπ’
1830 2722 2058 2795 οὐρανὸν
2088 2722 2197 2775 τῶν
2236 2722 2325 2774 διὰ
2356 2723 2594 2792 Χριστοῦ
2622 2724 3005 2794 χαρισμάτων,
3078 2725 3407 2795 ἐναπομενεῖ
3432 2724 3489 2778 δὲ
3523 2725 3746 2792 πάντως
3775 2732 3897 2791 τοῖς

595 2815 854 2870 λαϐοῦσιν
887 2819 920 2887 ἡ
950 2816 1149 2888 δωρεά.
1178 2819 1311 2873 Τότε
1336 2820 1424 2891 δὴ,
1464 2821 1587 2872 τότε
1620 2838 1639 2869 ι
1668 2819 1823 2872 ἕσται
1852 2819 2055 2886 Κύριος
2104 2819 2186 2881 είς
2235 2818 2481 2890 ,βασιλέα
2513 2818 2608 2871 ἐπὶ
2640 2820 2822 2871 πᾶσαν
2855 2817 2953 2888 τὴν
3025 2818 3147 2887 γῆν.
3192 2837 3210 2870 ι
3268 2819 3392 2871 Ύπ“
3433 2818 3584 2891 αὐτῷ
3623 2819 3733 2887 γάρ
3764 2821 3895 2875 ἐσύσ

598 2914 738 2986 μεθα
772 2912 937 2984 μόνῳ,
973 2914 1066 2965 xui
1095 2913 1257 2978 αὐτὸς
1283 2914 1545 2987 κατάρξει
1590 2914 1701 2968 τῶν
1763 2915 1901 2967 ὅλων
1972 2914 2413 2985 κατηρτημένων
2477 2915 2559 2977 είς
2620 2914 2770 2968 Etan
2834 2913 2944 2967 τῶν
3007 2912 3473 2984 κοσμοκρατόρων
3535 2912 3630 2965 τοῦ
3689 2913 3898 2969 αἱῶνο;

594 3009 808 3069 τούτου,
838 3009 931 3062 xui
957 3008 1177 3082 ἁπάσης
1221 3012 1398 3082 ἀρχῆς
1472 3013 1716 3082 πονηρᾶς
1772 3010 2304 3080 τεθριαμϐευμένης,
2377 3011 2473 3063 xui
2532 3009 2634 3080 τῆς
2695 3008 2818 3063 καθ’
2858 3007 3019 3080 ἡμῶν
3070 3007 3408 3071 πλεονεξίας,
3471 3005 3900 3077 ἐπιϐεϐλημένων

595 3101 760 3154 αὐτοῦ
787 3118 847 3153 τε
871 3099 964 3153 τοῦ
996 3102 1211 3154 Σατανᾶ
1257 3102 1352 3155 xui
1396 3101 1504 3154 τῶν
1561 3103 1657 3155 σὺν
1701 3101 1849 3172 αὐτῷ
1897 3101 2181 3171 δυνάμεων
2222 3101 2498 3173 πονηρῶν.

673 3189 835 3245 νειμ.
866 3190 955 3255 10,
996 3191 1080 3243 ll.
1120 3189 1186 3242 In
1217 3191 1303 3244 die
1350 3190 1444 3242 illa
1474 3195 1575 3243 erit
1621 3191 1878 3244 Dominus
1939 3208 2098 3256 unus,
2136 3201 2182 3243 et

2374 3192 2478 3245 Ἐν
2494 3188 2571 3259 τῇ
2599 3190 2789 3260 ἡμέρᾳ
2825 3189 3029 3261 ἐκείνῃ
3058 3190 3232 3243 ἔσται
3272 3191 3491 3259 Κύριος
3539 3185 3648 3257 εἷς,
3700 3188 3799 3245 καὶ
3824 3190 3898 3245 τὸ

599 3301 784 3338 nomen
812 3283 924 3354 ejus
950 3301 1131 3348 unum,
1149 3283 1463 3336 circumiens
1487 3299 1688 3336 omnem
1713 3293 1992 3349 terram,et
2012 3275 2217 3337 deiter?

598 3391 710 3431 mm
738 3394 769 3429 ι
800 3376 947 3430 ana
982 3393 1145 3447 usque
1176 3376 1432 3431 Rentinon
1469 3378 1538 3429 ad
1576 3389 1815 3430 austrum
1860 3375 2184 3431 Jerusalem.

605 3470 772 3523 ﬂama
800 3472 1053 3522 antemln
1090 3469 1205 3523 loco
1255 3469 1583 3539 permanebit
1638 3485 1670 3521 a
1704 3481 1856 3537 porta
1908 3469 2188 3538 Benjantiu

597 3576 760 3631 nsque
786 3564 854 3614 ad
881 3561 1055 3614 locum
1088 3574 1256 3629 porta:
1287 3563 1497 3629 primae,
1526 3578 1689 3632 usque
1717 3565 1785 3615 ad
1803 3571 1986 3632 portae
2015 3578 2188 3632 angu-

599 3652 793 3717 lorum,
809 3664 854 3706 et
883 3670 1044 3724 neque
1065 3654 1135 3706 ad
1165 3655 1358 3707 turrim
1377 3652 1658 3707 Anamnel.
1678 3652 1851 3723 Usque
1866 3657 1933 3708 ad
1957 3654 2192 3708 torcula-

601 3746 682 3799 ria
716 3746 848 3813 regis
867 3745 1174 3798 habitabant
1208 3746 1260 3798 in
1281 3762 1363 3809 ea,
1386 3755 1433 3798 et
1456 3748 1735 3801 anathema
1763 3763 1866 3801 non
1889 3749 1987 3802 eri:
2021 3748 2187 3812 ultra,

607 3851 655 3892 et
684 3839 944 3892 habitabit
975 3836 1274 3892 Jerusalem
1309 3840 1650 3908 conﬁdenter.

2293 3284 2482 3354 ὄνομα
2508 3284 2696 3337 αὑτοῦ
2723 3282 2813 3346 ἐν,
2833 3282 3079 3337 κυκλῶν
3106 3284 3223 3349 τὴν
3243 3282 3383 3352 γῆν,
3406 3282 3506 3337 καὶ
3533 3282 3648 3351 τὴν
3671 3283 3902 3352 ἔρημον

2291 3376 2412 3432 ἀπὸ
2451 3375 2618 3431 Γαϐὰ
2643 3376 2754 3441 ἕως
2792 3374 3049 3444 Ῥεμνὼν
3070 3376 3222 3429 κατὰ
3247 3376 3430 3428 νότον
3481 3374 3898 3446 Ἰερουσαλήμ.

2304 3469 2491 3539 Ῥαμὰ
2551 3468 2618 3522 δὲ
2673 3468 2773 3522 ἐπὶ.
2834 3469 3024 3522 τόπου
3081 3467 3286 3537 μενεῖ,
3335 3467 3455 3521 ἀπὸ
3517 3467 3632 3535 τῆς
3692 3469 3903 3536 πύλης

2291 3562 2577 3631 Βενιαμίν
2620 3561 2731 3626 ἕως
2772 3560 2879 3615 τοῦ
2932 3562 3121 3615 τόπου
3172 3559 3285 3629 τῆς
3327 3562 3530 3628 πύλης
3570 3560 3683 3630 τῆς
3737 3562 3901 3631 πρώ-

2292 3670 2422 3718 της,
2457 3652 2571 3718 ἕως
2622 3652 2736 3719 τῆς
2777 3653 2982 3719 πύλης
3038 3649 3162 3704 τῶν
3194 3649 3441 3721 γωνιῶν,
3474 3651 3572 3707 καὶ
3622 3652 3737 3719 ἕως
3783 3654 3906 3708 τοῦ

2293 3746 2527 3814 πύργου
2588 3744 2953 3814 Ἀναμουήλ.
3005 3744 3161 3809 Ἕως
3210 3743 3331 3797 τῶν
3375 3746 3731 3811 ὐποληνίων
3789 3747 3905 3800 τοῦ

2289 3836 2598 3903 ,βασιλέως
2635 3834 3113 3902 κατοικήσουσιν
3148 3836 3221 3889 ἐν
3251 3835 3429 3905 αὐτῇ,
3484 3836 3585 3890 καὶ
3621 3836 3904 3908 ἀνάθεμα

2294 3929 2604 3983 οὐκέσται
2649 3929 2760 3995 ἔτι,
2812 3928 2909 3983 καὶ
2949 3927 3297 3998 κατοικήσει
3341 3929 3743 4001 Ἰερουσαλὴμ
3790 3946 3897 3985 πε-

2293 4023 2605 4088 ποιθότως.

2366 4114 2484 4169 PZ'.
2525 4113 2767 4186 Ἀσαφὴς
2794 4113 2882 4168 ἀεί
2906 4113 3023 4178 πώς
3047 4114 3165 4169 ἐστι
3184 4114 3293 4168 τῶν
3327 4113 3500 4183 ἁγίων
3534 4115 3841 4186 προφητῶν
3873 4119 3906 4170 ὁ

2291 4208 2469 4277 λόγος,
2493 4210 2587 4261 xui
2625 4206 2804 4273 τοῦτο,
2861 4204 3036 4278 οἶμαι,
3075 4207 3254 4276 σοφῶς
3318 4206 3693 4276 διοικουμένου
3733 4207 3902 4274 Θεοῦ,

2296 4301 2383 4354 ἴνα
2418 4298 2492 4370 μὴ
2525 4298 2811 4369 προκέοιτο
2841 4297 2909 4350 τὰ
2938 4298 3071 4366 ἆγια
3103 4301 3215 4362 τοῖς
3237 4299 3384 4352 κυσίο
3429 4300 3567 4370 μήτε
3600 4299 3713 4370 μὴν
3743 4301 3908 4373 παρὰ

604 4399 781 4454 neque
804 4397 933 4444 vere
983 4382 1153 4454 805.
1204 4388 1441 4454 pretiosa
1507 4387 1800 4456 margarita
1849 4396 1976 4439 ante
2028 4389 2185 4454 pedes

2294 4392 2405 4453 τοῖς
2433 4388 2576 4442 συῶν
2600 4387 2758 4440 ποσὶν
2806 4388 3096 4458 ἀτημελῶς
3131 4387 3484 4460 ἐρριμμένος,
3518 4389 3547 4440 ὁ
3596 4389 3907 4461 πολύτιμος

603 4490 891 4544 porcorum
936 4475 1297 4544 negligentius
1338 4475 1599 4546 proiecta,
1633 4476 2185 4532 contumeliosissime

2294 4477 2511 4549 άληθῶς
2532 4476 2937 4549 περιυϐρίζοιτο
2964 4477 3331 4550 μαργαρίτης.
3351 4478 3497 4548 Πλὴν
3513 4477 3909 4533 ἀποκαλύπτει

600 4567 952 4624 t-enculeetur
983 4566 1053 4619 τ’.
1091 4586 1110 4619 ι
1142 4565 1528 4623 Verumtamen
1589 4567 1841 4621 Christus
1886 4567 1940 4620 in
1991 4567 2185 4637 spiritu

2294 4570 2529 4643 Χριστὸς
2562 4572 2621 4624 ἐν
2642 4568 2914 4639 πνεύματι
2933 4571 3046 4633 τοῖς
3084 4569 3256 4634 ἀξίοις
3291 4569 3393 4639 τὴν
3414 4568 3636 4638 γνῶσιν,
3670 4570 3769 4624 xui
3799 4571 3910 4635 τὰς

601 4661 783 4732 ilignis
834 4659 1200 4730 cognitionem
1230 4660 1456 4727 revelat,
1490 4668 1545 4714 et
1575 4658 1739 4713 futuri
1783 4658 1970 4713 stnculi
2008 4660 2184 4713 virtu-

2294 4661 2389 4716 τοῦ
2425 4661 2707 4733 μέλλοντος
2732 4659 2927 4724 αἰῶνος
2959 4659 3221 4733 δυνάμεις
3255 4661 3580 4733 καθίστησιν
3619 4664 3907 4734 ἐναργεῖς.

602 4769 683 4810 tes
709 4769 805 4810 seu
846 4753 1211 4808 beatitudines
1245 4752 1581 4808 manifestat.
1613 4749 1979 4804 lnl‘ormanlur
2003 4760 2184 4805 autem

2308 4753 2701 4810 Ἀνατυποῦται
2751 4753 2808 4806 δέ
2853 4754 2930 4817 ὡς
2961 4753 3165 4808 ἐπίπαν
3186 4754 3243 4807 ἐν
3276 4771 3339 4823 γε
3376 4757 3490 4820 τοῖς
3522 4755 3806 4825 αἰσθητοῖς
3834 4758 3914 4811 τά

599 4864 737 4922 pene
767 4862 983 4918 semper
1018 4849 1069 4902 in
1125 4846 1209 4903 his
1293 4862 1414 4917 qua:
1472 4844 1727 4899 sensibus
1789 4842 2182 4913 percipiuntur,

2294 4847 2655 4920 κεκρυμμένα
2683 4845 2778 4900 xui
2810 4845 2996 4918 νοητά,
3031 4847 3125 4901 xui
3146 4847 3314 4900 οἱονεὶ
3358 4847 3518 4918 σῶμα
3549 4846 3658 4900 τῶν
3688 4849 3917 4916 ἀφανε-

598 4941 813 4998 occulta
845 4951 900 4996 et
922 4941 988 4997 ad
1046 4940 1459 5012 intelligentiam
1496 4937 1851 5007 pertinentia,
1888 4945 1942 4991 et
1993 4950 2183 4991 eorum

2297 4940 2505 5012 στέρων
2531 4940 2601 4993 τά
2632 4938 2850 5010 ἐμφανῆ
2880 4938 3110 5009 γίνεται.
3150 4940 3296 5008 Ἔφη
3353 4939 3556 5005 τοίνυν,
3586 4939 3671 4993 ὅτι
3699 4957 3719 4990 ι
3755 4939 3917 4994 Κατ’

600 5052 720 5106 tnta:
753 5043 1028 5104 aspectum
1055 5045 1299 5091 nostrum
1315 5032 1546 5101 fugiunt,
1563 5046 1627 5085 ea
1655 5047 1773 5099 quae
1800 5031 1853 5085 in
1881 5030 2069 5084 oculos
2091 5044 2185 5082 no-

2298 5032 2512 5104 ἐκείνην
2533 5032 2632 5103 τὴν
2659 5032 2893 5103 ἡμέραν,
2936 5050 2956 5084 ι
3020 5031 3189 5103 ἤγουν
3212 5030 3304 5084 τὸν
3327 5030 3539 5103 καιρὸν,
3574 5029 3916 5100 μετατεθει-

600 5139 742 5184 stros
774 5129 1078 5194 incurrunt,
1113 5129 1267 5198 quasi
1299 5140 1499 5193 corpus
1524 5125 1679 5179 liunt.
1709 5124 1801 5177 Ait
1828 5123 2012 5192 igitur,
2041 5140 2061 5173 ι
2094 5121 2185 5176 Illa

2300 5124 2476 5193 μένων
2504 5123 2612 5178 τῶν
2638 5123 2763 5178 καθ’
2787 5124 2933 5194 ἡμᾶς
2961 5124 3043 5187 εἰς
3089 5122 3385 5193 καινότητα
3427 5120 3596 5191 ζωῆς,
3649 5121 3915 5175 ἁνεστοι-

600 5223 740 5285 die”
778 5220 827 5275 id
855 5231 957 5287 est,
991 5223 1081 5276 illo
1113 5232 1378 5289 tempore,
1414 5218 1571 5272 nobis
1606 5217 1660 5271 in
1715 5218 2010 5269 novitatem
2065 5214 2185 5268 vitat

2294 5215 2593 5288 χειωμὲνης
2613 5216 2670 5270 δὲ
2709 5215 2804 5269 xui
2826 5214 2997 5285 αὐτῆς
3018 5214 3117 5284 τῆς
3144 5213 3375 5277 κτίσεως
3397 5214 3479 5276 είς
3514 5212 3576 5266 τὸ
3606 5211 3843 5281 ἄμεινον
3871 5212 3913 5284 ἢ

602 5314 898 5377 translatis,
932 5317 1155 5384 ipsaque
1208 5323 1458 5366 creatura
1494 5312 1548 5365 itt
1581 5319 1784 5366 statum
1816 5310 2000 5380 priore
2034 5309 2185 5363 nobi-

2294 5311 2443 5381 πρὶν,
2489 5310 2686 5363 Ἔσται
2731 5308 2939 5379 Κύριος
2987 5304 3090 5371 εἷς,
3124 5306 3221 5361 xui
3265 5306 3327 5360 τὺ
3372 5305 3546 5376 ὄνομα
3599 5302 3767 5358 αὑτοῦ
3811 5305 3903 5372 ἓν,

603 5409 792 5463 ίῖοιιεηι
834 5409 1149 5470 reformata,
1186 5405 1303 5460 fore
1353 5405 1640 5459 Dominum
1680 5419 1872 5468 unum,
1908 5413 1961 5456 ct
1993 5416 2185 5456 nomen

2294 5401 2524 5458 κυκλοῦν
2554 5402 2735 5455 πᾶσαν
2764 5399 2863 5472 τὴν
2888 5400 3011 5471 γῆν.
3043 5395 3154 5453 Ἦν
3190 5400 3288 5471 μὲν
3319 5399 3431 5471 γάρ
3475 5399 3581 5462 ἀεὶ,
3617 5397 3714 5452 xui
3749 5395 3906 5463 ἔστι,

2290 5495 2385 5549 xui
2414 5494 2565 5547 ἕσται
2590 5492 2795 5562 Κύριος
2816 5485 2916 5554 εἷς.
2936 5492 2963 5544 ὁ
2990 5490 3150 5558 φύσει
3184 5507 3241 5543 τε
3269 5491 3363 5545 xui
3387 5488 3604 5561 άληθῶς
3618 5489 3728 5542 τῶν
3749 5487 3910 5543 ὅλων

601 5500 717 5565 t-jus
749 5516 940 5563 unum,
971 5496 1302 5552 circumiens
1349 5511 1565 5552 omnem
1617 5507 1841 5550 terram.
1903 5493 2035 5549 Erat
2069 5495 2191 5562 qui-

602 5591 747 5654 t’cm,
781 5597 835 5644 et
863 5597 968 5654 est,
1005 5596 1059 5643 et
1088 5587 1194 5644 erit
1223 5602 1436 5659 semper
1461 5602 1602 5642 unus
1647 5585 1927 5654 Dominus,
1995 5595 2185 5638 natura

2294 5586 2444 5649 Θεὸς,
2484 5586 2579 5638 xui
2610 5583 2962 5657 παρενεγκὼν
2984 5585 3063 5648 εἰς
3087 5584 3148 5638 τὸ
3180 5578 3409 5638 εἶναιτὰ
3436 5582 3536 5636 οὐκ
3569 5581 3699 5637 ὄντα
3735 5581 3905 5642 ποτέ,

671 4109 828 4166 CVII.
871 4110 1097 4182 Semper
1138 4111 1251 4167 fere
1298 4119 1474 4166 tectus
1501 4118 1553 4164 et
1593 4113 1858 4166 obscurus
1899 4120 1982 4166 est
2055 4127 2190 4167 san-

601 4216 810 4258 morum
848 4205 1233 4273 prophetarum
1279 4218 1483 4271 sermo,
1515 4201 1676 4272 idque
1710 4220 1738 4257 a
1781 4205 1891 4259 Deo
1918 4205 2192 4273 sapienter

603 4292 978 4351 administrari
1004 4304 1160 4359 puto,
1194 4307 1261 4345 ne
1300 4301 1487 4348 sancta
1517 4296 1746 4348 canibus
1777 4304 2187 4364 proponantur;

689 5773 898 5831 πὶΡσιιΙ.
935 5791 1129 5842 Lxxm,
1169 5777 1248 5831 l7.
1328 5774 1541 5830 "Paul.
1586 5789 1851 5841 unum,
1895 5773 1976 5829 l5.
2054 5774 2097 5803 τ⁶
2131 5771 2177 5825 Μ

2294 5794 2321 5825 ι.
2362 5788 2455 5838 Vit,
2490 5772 2542 5824 Ct.
