4098 6522
280 451 391 508 257
1115 453 1665 514 COMMENTARIUS
1704 456 1769 513 ΙΝ
1810 457 1848 511 Ζ

1957 456 2217 516 HARIAM
2253 460 2697 521 PRUPHETAM.
3471 471 3578 533 253

292 574 519 645 Ἐπειδὴ
547 572 603 626 δὲ
631 573 950 644 πεπλάνηκε
1005 576 1105 645 τὴν
1138 577 1229 630 ὑπ’
1269 577 1497 648 οὐρανὸν
1528 578 1558 631 ό
1590 579 1688 649 τῆς
1716 580 1853 651 ἁμαε

1957 628 1964 641 ,
1991 590 2048 634 ct
2078 597 2205 637 vere
2236 585 2616 639 universorum
2645 588 2807 652 Deus,
2838 591 2933 656 qui
2970 604 3091 657 quae
3132 590 3424 660 aliquando
3473 608 3579 647 non

274 669 404 733 τίας
438 669 693 741 εὑρετὴς,
722 669 1002 723 τουτέστιν
1055 671 1085 723 ὁ
1135 668 1402 735 Σατανᾶς,
1459 674 1540 734 είς
1566 671 1758 742 ψευδῆ,
1790 690 1853 727 κα

1987 682 2164 736 erant,
2194 684 2249 728 ut
2269 688 2455 730 essent
2480 676 2679 732 effecit.
2710 679 2812 733 Ast
2839 680 2926 734 ubi
2960 682 3167 748 peccati
3199 683 3452 738 inventor
3476 682 3579 738 Sa-

276 760 517 831 βέδηλον
547 761 804 833 λατρείαν
833 763 881 815 οἱ
908 761 1129 816 δείλαιοι
1184 762 1737 834 παρακεκομίσμεθα,
1791 782 1853 817 κα

1990 772 2147 819 lanas
2178 766 2440 820 mundum
2466 770 2700 832 seduxit,
2744 771 2811 823 ad
2834 770 3029 825 falsum
3053 783 3107 825 et
3135 774 3408 842 impurmu
3459 773 3578 831 cul-

272 852 633 924 διετελοῦμεν
665 857 722 907 ἐν
777 855 970 925 κόσμῳ
999 853 1194 924 τυφλοὶ
1253 856 1348 909 καὶ
1401 857 1596 927 μωροὶ,
1661 856 1853 929 κυρίου

1987 867 2098 911 tum
2124 858 2365 914 infelices
2388 861 2628 924 deducti,
2659 866 3015 919 manebamus
3046 865 3096 918 in
3130 866 3333 920 mundo
3363 866 3494 921 ρξερί
3517 879 3578 921 et

276 946 644 1018 ὀνομάζοντες
672 949 799 1011 τοὺς
824 948 1262 1019 πεπλανηκότας,
1290 950 1383 1001 καὶ
1421 949 1481 1002 τὸ
1505 950 1602 1020 τῆς
1633 949 1853 1022 θεότητο

1987 950 2142 1018 fatui,
2171 953 2422 1010 dominos
2453 957 2796 1012 nominantes
2839 959 3181 1024 seductores,
3230 970 3286 1013 et
3317 959 3571 1013 divinita-

279 1038 450 1110 ὄνομα
478 1042 596 1101 τοῖς
625 1041 959 1113 ἀκαθάρτοις
987 1040 1237 1110 δαίμοσιν
1279 1042 1704 1112 ἐπιφημίζοντες
1734 1046 1851 1114 ἅμα

1987 1044 2056 1099 tis
2091 1060 2285 1101 nomen
2342 1046 2637 1104 imnmndis
2670 1050 3005 1105 daemonibus
3062 1052 3225 1105 stulte
3269 1050 3574 1109 attribuen-

275 1133 409 1196 θῶς.
448 1133 599 1203 Πλὴν
626 1134 1043 1205 παρῳχηκότος,
1076 1131 1169 1186 καὶ
1201 1134 1281 1195 εἰς
1313 1134 1487 1205 πέραν
1517 1134 1619 1205 ἤδη
1651 1134 1853 1205 ἣκοντο

1984 1145 2085 1191 tes.
2113 1137 2381 1193 Caeterum
2428 1141 2519 1195 ubi
2551 1143 2895 1206 prmterierit,
2922 1153 2976 1196 et
3014 1141 3126 1211 jam
3162 1145 3228 1197 ad
3276 1144 3438 1195 linem
3473 1143 3571 1197 de-

268 1224 373 1279 τοῦ
394 1225 665 1298 παρόντος
695 1225 909 1290 αἰῶνος,
934 1226 1055 1278 τότε
1084 1226 1171 1298 δὴ,
1196 1226 1315 1280 τότε
1346 1227 1438 1279 καὶ
1458 1226 1853 1298 φρενοδλαόεία

1983 1227 2197 1279 venerit
2223 1228 2480 1282 ateculum
2501 1245 2759 1298 praesens,
2785 1241 2932 1295 tunc,
2963 1243 3087 1286 tunc
3118 1235 3264 1288 omni
3298 1235 3571 1291 dementia

267 1316 501 1388 ἀπάσης
521 1318 580 1384 ἐξ
609 1319 641 1388 ἡ
653 1316 768 1387 μῶν
798 1317 1166 1391 ἐξῃρημένης,
1196 1318 1523 1389 τεθειμένων
1554 1319 1610 1371 δὲ
1637 1319 1737 1390 ἤδη
1768 1321 1853 1372 τῶ⁴

1981 1331 2009 1370 a
2048 1320 2205 1374 nobis
2234 1320 2414 1375 ablata
2469 1332 2526 1377 et
2573 1324 2810 1381 inimicis
2850 1326 2950 1379 sub
2971 1328 3132 1394 pedes
3182 1326 3387 1383 Christi
3440 1344 3568 1398 pro-

265 1409 489 1482 ἐχθρῶν
525 1411 631 1463 ὑπὸ
665 1411 831 1474 πόδας
858 1410 1121 1483 Χριστοῦ,
1164 1411 1367 1481 Κύριος
1400 1406 1479 1474 εἷς
1508 1410 1660 1466 ἔσται
1689 1412 1853 1465 λοιπὸε

1979 1410 2188 1476 stratis,
2225 1410 2484 1467 Dominus
2516 1428 2656 1467 unus
2684 1414 2943 1487 deinceps
2987 1417 3091 1469 erit
3146 1432 3310 1486 super
3347 1434 3565 1473 onmem

262 1504 366 1557 ἐπὶ
395 1506 583 1558 πᾶσαν
614 1503 712 1574 τὴν
744 1504 869 1573 γῆν,
904 1503 1117 1567 οὐδενὸς
1167 1504 1262 1557 ἀπ’
1297 1503 1462 1557 αὑτοῦ
1514 1503 1613 1576 τὴν
1641 1506 1741 1575 τῆς
1774 1522 1853 1558 κυι

1981 1512 2204 1568 terram,
2232 1505 2560 1558 dominicam
2594 1506 2824 1575 gloriam
2863 1507 3079 1560 nemine
3125 1507 3202 1561 illi
3257 1508 3561 1563 auferente.

262 1596 528 1665 ριότητος
576 1594 917 1666 ἁρπάζοντος
951 1593 1129 1660 δόξαν.
1189 1596 1391 1668 Κύριος
1440 1596 1498 1650 δὲ
1543 1598 1638 1650 καὶ
1671 1598 1853 1669 ἑτέρως

1976 1591 2097 1648 Alia
2148 1609 2364 1663 quoque
2389 1589 2603 1651 ratiOne
2656 1596 2908 1652 Christus
2943 1599 3048 1651 erit
3093 1616 3233 1653 unus
3282 1602 3563 1666 Dominus,

257 1682 345 1752 εἷς
391 1686 550 1741 ἔσται
571 1689 825 1759 Χριστὸς,
871 1687 1261 1761 άπρακτούσης
1297 1689 1395 1759 μὲν
1419 1691 1598 1761 πάσης
1625 1691 1853 1760 ἐπιγείοι

1976 1697 2225 1742 cessante
2252 1687 2398 1742 omni
2437 1704 2623 1760 regno,
2659 1700 2879 1746 terreno
2899 1693 3130 1758 scilicet,
3162 1702 3217 1746 et
3237 1693 3309 1747 illi
3339 1695 3437 1748 soli
3464 1698 3563 1749 im-

260 1778 575 1851 βασιλείας,
601 1779 696 1832 καὶ
752 1777 901 1850 αὐτῷ
951 1778 1016 1850 δὴ
1067 1780 1161 1835 καὶ
1217 1780 1365 1852 μόνῳ
1394 1782 1455 1834 τὸ
1486 1783 1626 1837 κατὰ
1651 1783 1853 1837 πάντωγ

1974 1779 2127 1848 peric
2162 1780 2329 1835 totius
2374 1784 2560 1836 mundi
2602 1794 2942 1840 consecrato.
3001 1786 3133 1841 Tale
3176 1789 3305 1856 quid
3354 1787 3563 1843 dictum

259 1873 476 1945 κράτος
522 1872 873 1943 ἅνατιθείσης
938 1872 1039 1942 τῆς
1098 1873 1190 1927 ὑπ’
1221 1875 1469 1945 οὐρανόν.
1524 1877 1670 1947 Ἔφη
1727 1877 1784 1930 δέ
1816 1894 1847 1930 τ

1977 1880 2158 1925 exstat
2189 1887 2217 1925 a
2259 1874 2669 1942 sapientissimo
2704 1876 2950 1933 Daniele.
2982 1879 3261 1933 Enarrans
3293 1881 3437 1935 enim
3478 1881 3561 1934 vi-

256 1965 511 2019 τοιοῦτον
543 1966 638 2019 καὶ
663 1966 691 2019 ὁ
718 1966 1030 2034 σοφώτατος
1058 1967 1277 2038 Δανιήλ.
1322 1969 1563 2040 Ἀφηγού
1572 1987 1732 2040 μενος
1761 1968 1853 2043 γὰρ

1974 1962 2205 2029 sionem,
2259 1965 2435 2034 inquit
2470 1982 2486 2021 :
2527 1986 2546 2020 ι
2581 1967 3046 2034 Quemadmodum
3108 1972 3312 2038 vidisti,
3353 1975 3563 2040 rcx,de

254 2058 392 2123 τοὺς
412 2059 526 2111 τῶν
550 2059 801 2131 ὁράσεων
818 2059 1078 2130 τρόπους,
1104 2061 1289 2132 φησίν·
1321 2079 1340 2113 ι
1371 2062 1467 2115 Ὃν
1497 2063 1699 2133 τρόπον
1727 2058 1853 2126 εἶδες

1975 2061 2158 2107 monte
2197 2054 2498 2110 abscissum
2534 2057 2765 2128 lapidem
2802 2061 2920 2115 sine
2963 2077 3146 2126 manu,
3182 2072 3400 2131 testam,
3446 2063 3559 2118 fer-

254 2153 342 2203 ξτι
365 2151 481 2205 ἀπὸ
507 2151 667 2223 δρους
684 2152 896 2223 ἐτμήθη
923 2150 1073 2216 λίθος
1096 2153 1225 2207 ἄνευ
1262 2154 1468 2226 χειρὸς,
1495 2154 1590 2207 καὶ
1608 2153 1853 2208 ἐλέπτυνε

1974 2159 2115 2209 rttm,
2153 2160 2249 2212 res,
2298 2158 2582 2218 argentum
2632 2158 2686 2205 et
2734 2166 2927 2205 aurum
2962 2154 3358 2210 comminuere.
3419 2156 3560 2212 Deus

251 2244 352 2296 τὸν
386 2242 680 2315 ὄστρακον,
712 2243 804 2296 τὸν
832 2243 1072 2316 σίδηρον,
1100 2245 1191 2299 τὸν
1228 2245 1451 2316 χαλκὸν,
1486 2246 1579 2299 τὸν
1605 2246 1853 2318 ἄργυρον

1973 2251 2201 2304 magnus
2232 2249 2357 2293 nota
2390 2238 2521 2294 fecit
2556 2242 2669 2313 regi
2726 2258 2845 2312 qua:
2878 2255 3094 2314 oportet
3128 2246 3242 2301 ﬁeri
3272 2259 3395 2317 post
3418 2250 3557 2316 haec,

248 2338 352 2391 τὸν
382 2337 609 2409 χρυσόν.
662 2336 723 2388 '0
753 2335 885 2401 Θεὸς
912 2336 940 2388 ὁ
973 2337 1147 2407 μέγας
1185 2337 1450 2410 ἐγνώρισε
1620 2338 1863 2409 βασιλεῖ,

247 2429 286 2483 ἃ
315 2430 405 2484 δεῖ
427 2428 681 2497 γενέσθαι
710 2428 849 2499 μετὰ
879 2428 1073 2493 ταῦτα,
1104 2430 1199 2482 καὶ
1222 2428 1476 2501 ἀληθινὸν
1504 2430 1566 2483 τὸ
1593 2430 1861 2492 ἐνύπνιον,

249 2524 357 2574 καὶ
396 2521 564 2591 πιστὴ
597 2522 630 2591 ἡ
660 2520 950 2593 σύγκρισις
974 2520 1160 2575 αὐτοῦ.
1187 2541 1205 2574 ι
1241 2521 1451 2576 Οὐκοῦν
1482 2517 1564 2585 εἷς
1587 2522 1738 2576 ἔσται
1771 2522 1865 2576 καὶ

253 2614 451 2683 μόνος,
504 2614 600 2666 καὶ
634 2613 917 2684 πληρώσει
970 2614 1070 2684 τῆς
1120 2613 1313 2667 ἑαυτοῦ
1348 2613 1507 2685 δόξης
1568 2614 1669 2686 τὴν
1702 2614 1864 2683 ἁγίαν

250 2706 440 2769 πόλιν,
470 2704 720 2759 τουτέστι
775 2706 876 2775 τὴν
908 2704 1104 2777 νοητὴν
1151 2705 1525 2777 Ἰερουσαλὴμ,
1561 2702 1631 2778 ἦς
1680 2706 1740 2760 τὸ
1774 2702 1865 2759 εὖ·

252 2815 350 2872 ρος
372 2798 471 2851 καὶ
502 2796 677 2869 μῆκος
704 2797 779 2861 ὡς
808 2799 867 2850 ἐν
889 2796 1046 2868 τύπῳ
1077 2797 1240 2851 πάλιν
1257 2800 1322 2869 τῇ
1349 2798 1578 2869 ἑπιγείῳ
1591 2798 1862 2852 δείκνυσιν

260 2890 648 2963 Ἰερουσαλήμ.
699 2887 956 2960 Ῥεμμὼν
988 2889 1044 2943 δὲ
1098 2889 1162 2960 δὴ
1218 2890 1393 2961 πέτρα
1430 2890 1515 2954 τίς
1549 2892 1687 2954 ἐστι,
1720 2890 1863 2945 κατὰ

247 2982 352 3055 τὴν
388 2981 573 3036 νοτίαν
602 2981 828 3052 ἔρημον.
879 2979 1088 3035 Οὐκοῦν
1118 2982 1178 3034 τὸ
1208 2982 1307 3051 μὲν
1340 2978 1498 3053 εὖρος
1518 2982 1621 3052 τῆς
1661 2983 1861 3054 Ἰερου-

251 3073 463 3146 σαλὴμ,
497 3073 607 3128 ἀπὸ
634 3072 785 3127 Γαῦὰ
807 3072 912 3138 ἕως
955 3073 1232 3145 Ῥεμμών.
1277 3075 1551 3146 Ὁρίζεται
1581 3075 1639 3129 δὲ
1680 3076 1775 3129 καὶ
1799 3077 1860 3129 τὸ

250 3168 432 3237 μῆκος
461 3164 607 3219 οὕτω
642 3164 838 3234 λέγων*
891 3183 911 3217 ι
957 3165 1088 3219 Ἀπὸ
1108 3166 1208 3238 τῆς
1245 3166 1419 3237 πύλης
1444 3167 1698 3237 Βενιαμὶν
1753 3167 1860 3231 ἕως

244 3260 350 3329 τῆς
374 3257 557 3321 πύλης
581 3257 680 3329 τῆς
705 3258 929 3328 πρώτης
958 3259 1063 3322 ἓως
1094 3258 1203 3311 τῶν
1257 3259 1443 3313 πυλῶν
1475 3260 1585 3314 τῶν
1606 3261 1820 3328 γωνιῶν
1839 3303 1853 3326 ,

1969 2339 2024 2383 et
2056 2344 2240 2383 verum
2272 2333 2565 2396 somnium,
2613 2344 2668 2389 et
2703 2333 2880 2391 ﬁdelis
2909 2340 3225 2407 conjectura
3276 2340 3397 2410 ejus
3427 2341 3497 2397 ⁷⁷.
3527 2359 3554 2397 s

1968 2418 2156 2488 itaque
2180 2438 2319 2478 unus
2362 2434 2418 2479 et
2467 2425 2617 2482 solus
2663 2428 2789 2495 erit,
2829 2430 2920 2497 qui
2971 2431 3141 2500 gloria
3178 2448 3274 2487 sua
3314 2445 3554 2489 sanctam

1968 2513 2248 2569 civitatem
2275 2517 2539 2586 implebit,
2590 2520 2691 2575 hoc
2725 2531 2833 2587 est,
2887 2523 3281 2593 intclligibilem
3328 2525 3554 2584 Jerusa-

1966 2605 2095 2672 lem,
2135 2608 2288 2677 cujus
2321 2609 2656 2667 latitudinem
2685 2622 2741 2667 et
2782 2613 3175 2683 longitudinem
3229 2634 3447 2673 rursum
3496 2630 3557 2675 ut

1967 2698 2020 2752 in
2072 2710 2199 2771 typo
2232 2717 2327 2771 per
2375 2713 2692 2759 terrestrem
2736 2704 3040 2761 Jerusalem
3082 2710 3342 2763 ostendit.
3381 2710 3549 2765 Rem-

1968 2807 2095 2846 mon
2129 2809 2294 2861 porro
2326 2804 2479 2864 petra
2514 2798 2760 2865 qua-dam
2793 2809 2879 2853 est
2905 2800 2958 2853 in
2983 2801 3275 2855 solitudine
3298 2803 3548 2857 australi.

1965 2881 2133 2952 Igitur
2171 2885 2399 2941 latitudo
2457 2890 2674 2958 quidem
2721 2888 3022 2946 Jerusalem
3081 2907 3112 2946 a
3172 2892 3320 2948 Gaba
3377 2910 3551 2965 usque

1968 2977 2262 3033 Remmon.
2319 2979 2517 3035 Delituit
2548 2983 2709 3036 etiam
2757 2983 3147 3053 longitudinem
3202 2986 3287 3040 his
3329 2988 3543 3044 verbis:

1970 3085 1990 3120 ι
2025 3072 2067 3124 Α
2095 3080 2248 3140 porta
2274 3069 2553 3141 Beniamin
2573 3088 2745 3141 usque
2772 3074 2839 3128 ad
2862 3086 3072 3144 portam
3094 3076 3348 3143 primam,
3375 3093 3548 3147 usque

1965 3164 2032 3217 ad
2069 3174 2253 3232 portas
2287 3164 2626 3233 angulorum,
2660 3174 2715 3218 et
2749 3181 2919 3236 usque
2950 3168 3017 3221 ad
3044 3168 3235 3221 turrim
3266 3169 3544 3230 Anameel,

1964 3270 2134 3325 usque
2162 3256 2231 3309 ad
2285 3256 2579 3310 toreularia
2635 3258 2801 3325 regis.
2844 3277 2863 3309 ›
2899 3256 3059 3312 Porta
3108 3270 3288 3314 autem
3349 3261 3544 3330 prima,

242 3350 348 3405 καὶ
378 3350 489 3413 ἕως
525 3348 622 3402 τοῦ
670 3349 884 3419 πύργου
924 3350 1216 3423 ’Δναμεὴλ,
1274 3352 1381 3415 ἓως
1404 3352 1514 3406 τῶν
1549 3352 1853 3425 ὑποληνίων

1960 3355 2014 3400 et
2073 3357 2229 3415 porta
2281 3346 2601 3416 angulorum
2660 3357 2818 3402 erant
2868 3348 3264 3422 Hierosolymis
3313 3353 3394 3407 sic
3446 3366 3548 3419 ap-

241 3443 346 3497 τοῦ
378 3441 667 3512 βασιλέως.
705 3461 724 3494 ι
762 3441 911 3513 Πύλη
940 3441 997 3495 δὲ
1041 3441 1256 3514 πρώτη,
1288 3443 1384 3497 καὶ
1436 3443 1543 3515 μὴν
1575 3446 1671 3498 καὶ
1710 3444 1853 3515 πύλη
1891 3506 1894 3510 λ

240 3535 470 3605 γωνιῶν
529 3533 675 3589 οὕτω
725 3536 872 3598 τινὲς
916 3530 1060 3605 ἦσαν
1117 3534 1260 3589 κατὰ
1302 3533 1658 3607 Ἰερουσαλὴμ
1720 3535 1858 3588 ώνο-

243 3626 557 3699 μσμέναι·
608 3627 708 3681 καὶ
746 3625 956 3699 πύργος
989 3626 1045 3680 δὲ
1072 3621 1142 3699 ἦν
1178 3627 1455 3697 Ἀναμεὴλ
1482 3626 1853 3698 καλούμενος,

245 3719 377 3791 μεθ’
409 3719 471 3774 ὃν
493 3719 658 3785 εὐθὺς
711 3720 808 3775 καὶ
857 3718 928 3774 τὰ
960 3719 1227 3791 ὑπολήνια
1252 3718 1348 3772 τοῦ
1383 3718 1666 3790 βασιλέως·
1699 3720 1855 3774 τόποι

236 3810 305 3865 δὲ
330 3801 484 3864 οὗτοι
516 3808 617 3881 τῆς
680 3808 1040 3881 Ἰερουσαλὴμ
1066 3809 1130 3863 τὸ
1169 3809 1344 3880 μῆκος
1373 3808 1450 3875 ὡς
1479 3811 1536 3862 ὲν
1567 3809 1724 3881 τύπῳ
1751 3827 1854 3864 κα-

240 3903 709 3975 τασημαίνοντες.
767 3902 982 3974 Ὠσπερ
1027 3901 1135 3975 γὰρ
1189 3901 1409 3956 ἐκέλευε
1463 3901 1542 3973 τῷ
1598 3903 1854 3975 μακαρίῳ

241 3999 513 4071 προφήτῃ
553 3994 813 4069 Ἰεζεχιὴλ
842 3995 873 4049 ὁ
900 3995 1011 4050 τῶν
1047 3997 1185 4051 ὅλων
1222 3996 1356 4062 Θεὸς
1387 3998 1718 4067 άναμετρείν
1752 4013 1852 4050 κα·-

238 4089 413 4162 λάμῳ
437 4089 532 4143 τὸν
562 4084 733 4157 οἷκον,
766 4088 892 4161 τῇδέ
954 4104 1014 4141 τε
1044 4088 1208 4142 κάκεῖ
1238 4087 1541 4160 διᾴττοντα,
1574 4085 1854 4157 ὑπεμφαί-

239 4201 378 4247 νων,
405 4184 493 4238 ὅτι
528 4182 720 4237 πολλαὶ
747 4181 909 4253 μοναὶ
949 4180 1104 4253 παρὰ
1154 4180 1234 4252 τῷ
1271 4180 1414 4253 Θεῷ,
1463 4178 1638 4251 μυρία
1659 4194 1721 4231 τε
1751 4179 1854 4234 ὅσα

235 4277 357 4331 τῶν
387 4276 565 4344 ἁγίων
616 4274 1033 4345 ὲνδιαιτήματαο
1086 4273 1232 4327 οὕτω
1285 4290 1377 4345 μοι
1426 4276 1658 4333 κάνθάδε
1705 4280 1855 4333 δοκεῖ

236 4368 339 4423 διὰ
360 4369 545 4421 τόπων
579 4365 948 4438 ὑπεμφαίνειν
996 4360 1158 4437 εὖρός
1185 4382 1246 4418 τε
1277 4366 1375 4420 κα)⁸
1403 4369 1599 4438 μῆκος,
1629 4370 1720 4425 καὶ
1754 4387 1853 4425 κα.

235 4460 557 4532 ταγράφειν
597 4460 735 4529 ἡμῖν
793 4457 895 4530 τὴν
943 4458 1141 4530 νοητὴν
1176 4458 1552 4530 Ἰερουσαλὴμ,
1604 4462 1850 4516 τουτέστι

235 4553 347 4624 τὴν
394 4551 729 4623 Ἐκκλησίαν
770 4548 1034 4622 Χριστοῦ,
1084 4548 1223 4621 πρὸς
1278 4548 1337 4603 ὃν
1387 4551 1534 4605 καὶὸ
1564 4550 1851 4618 θεσπέσιος

252 4646 493 4709 Ἡσαΐας
522 4642 812 4714 ἁνεφώνει,
833 4642 1030 4713 λέγων·
1072 4661 1091 4695 ι
1125 4641 1403 4697 Πλάτυνον
1431 4643 1522 4696 τὸν
1548 4643 1713 4698 τόπον
1747 4644 1848 4716 τῆς

1961 3439 2172 3507 pellataa
2206 3456 2221 3491 :
2254 3439 2423 3493 turris
2445 3445 2564 3493 erat
2592 3438 2855 3493 Anamecl
2882 3440 3046 3504 dicta,
3077 3451 3201 3509 post
3229 3458 3392 3510 quam
3434 3452 3548 3497 sta-

1960 3534 2055 3587 tim
2071 3531 2440 3601 sequebantur
2458 3532 2751 3587 torcnlaria
2773 3533 2915 3602 regis
2933 3551 2946 3588 :
2963 3548 3082 3602 qua:
3097 3532 3262 3605 805
3281 3533 3393 3589 loca
3417 3534 3546 3591 Hie-

1959 3627 2243 3697 rosolyime
2277 3624 2671 3695 longitudinem
2701 3636 2764 3678 ut
2788 3625 2841 3678 in
2868 3636 2992 3695 typo
3023 3626 3358 3691 signiﬁcant.
3391 3626 3547 3683 Sicut

1955 3717 2102 3773 enim
2128 3716 2404 3771 mandavit
2423 3718 2582 3772 beato
2609 3715 2886 3786 propheta:
2899 3713 3236 3772 Ezechieli"
3263 3718 3545 3773 universo.

1956 3825 2075 3865 rum
2105 3809 2244 3863 Deus
2274 3808 2482 3864 calamo
2510 3809 2691 3864 metiri
2743 3809 2982 3874 domum,
3032 3809 3139 3863 huc
3186 3809 3314 3864 illuc
3350 3824 3544 3878 porre-

1955 3909 2123 3967 ctam,
2169 3901 2564 3955 subosleudens
2622 3901 2821 3955 multas
2864 3914 2985 3955 esse
3029 3901 3343 3956 mansiones
3396 3904 3537 3972 apud

1957 3992 2149 4057 Deum,
2180 4001 2236 4046 et
2267 3991 2433 4045 multa
2464 3990 2634 4046 millia
2683 3990 3114 4047 diversoriorum
3163 4008 3262 4064 pro
3293 3993 3497 4048 sanctis
3523 4008 3538 4047 :

1955 4086 2029 4142 ita
2061 4086 2193 4140 mihi
2246 4093 2299 4140 et
2344 4086 2434 4141 hic
2457 4085 2674 4139 videtur
2704 4099 2802 4150 per
2838 4083 3081 4140 locorum
3111 4085 3455 4140 latitudinem
3487 4095 3542 4140 et

1955 4177 2350 4249 longitudinem
2388 4176 2651 4231 insinuari
2684 4185 2740 4230 et
2772 4175 3012 4230 describi
3035 4177 3189 4231 nobis
3213 4162 3538 4243 Jerusalem,

1952 4285 2113 4342 quam
2167 4270 2376 4324 ratione
2421 4279 2473 4322 et
2523 4267 2854 4338 cogitatione
2897 4268 3433 4337 comprehendimus,
3487 4269 3537 4322 id

1951 4372 2038 4418 est
2062 4361 2361 4417 Ecclesiam
2398 4360 2626 4424 Christi,
2653 4360 2740 4415 cui
2785 4369 2841 4415 et
2872 4359 3090 4414 divinus
3125 4359 3291 4414 Isaias
3333 4359 3540 4414 clama-

1952 4455 2043 4510 bat
2077 4469 2091 4508 :
2125 4473 2143 4505 ι
2180 4454 2352 4507 Dilata
2379 4453 2552 4509 locum
2595 4451 2813 4507 teutorii
2843 4451 2941 4516 tui,
2981 4460 3036 4506 et
3075 4451 3370 4506 aulaeorum
3415 4462 3537 4507 tuo-

1955 4565 2072 4604 rum
2104 4567 2118 4603 :
2151 4548 2276 4619 ligo,
2318 4562 2386 4602 ne
2429 4561 2643 4617 parcas,
2683 4544 2948 4616 protende
3002 4542 3274 4600 fusticulos
3312 4553 3453 4609 tuos,
3486 4555 3543 4599 et

1951 4643 2138 4698 clavos
2183 4639 2429 4697 contorta
2479 4640 2678 4703 adhuc,
2736 4639 2805 4692 ad
2849 4638 3127 4692 dexteram
3178 4646 3233 4692 et
3286 4636 3354 4692 ad
3403 4637 3540 4693 sini—

239 4736 459 4810 σκηνῆς
496 4754 615 4802 σου,
650 4737 746 4791 καὶ
777 4735 886 4789 τῶν
909 4734 1151 4791 αύλαιῶν
1185 4751 1301 4801 σου,
1331 4734 1522 4805 πῆξον,
1556 4734 1633 4806 μὴ
1658 4737 1844 4810 φείσῃ,

1957 4744 2118 4790 stram
2138 4733 2303 4788 dilata
2338 4733 2410 4788 ".
2437 4751 2459 4785 ι
2488 4729 2774 4785 Dilalatam
2796 4744 2927 4800 ergo
2952 4740 3199 4784 sanctam
3235 4727 3537 4793 civitatein,

239 4832 530 4904 μάκρυνον
553 4829 626 4883 τὰ
670 4828 1030 4901 σχοινίσματά
1054 4843 1179 4894 σου,
1227 4828 1324 4881 καὶ
1353 4827 1481 4891 τοὺς
1529 4828 1844 4894 πασσάλους

238 4944 340 4981 σου
373 4927 712 4997 κατίσχυσον
733 4924 837 4989 ἔτι,
869 4924 950 4987 είς
977 4923 1046 4977 τὰ
1074 4920 1227 4987 δεξιὰ
1255 4922 1350 4976 καὶ
1375 4922 1453 4986 είς
1478 4921 1549 4975 τὰ
1577 4922 1844 4993 ἀριστερὰ

235 5017 580 5073 ὲκπέτασον.
616 5034 636 5067 ι
665 5012 1146 5085 Κατευρυνθεῖσαν
1182 5010 1247 5081 δὴ
1276 5005 1369 5064 οὖν
1400 5009 1502 5080 τὴν
1536 5009 1700 5079 ἁγίαν
1742 5009 1842 5062 πό-

230 5112 346 5178 λιν,
389 5110 490 5164 καὶ
539 5110 622 5172 είς
655 5107 832 5180 μῆκος
884 5105 948 5159 τὸ
969 5104 1144 5178 ταύτῃ
1188 5102 1400 5171 πρέπον
1434 5102 1839 5174 ἐκτεινομένην,

232 5201 668 5270 κατοικήσουσιν
697 5198 748 5250 οἱ
780 5196 949 5266 ἆγιοι,
980 5194 1077 5249 καὶ
1105 5194 1207 5246 οὑκ
1227 5190 1402 5257 ἔσται,
1448 5193 1634 5263 φησὶν,
1666 5211 1684 5244 ι
1706 5193 1841 5247 ἀνά-

232 5294 297 5349 Os
307 5310 389 5365 μα
415 5291 520 5358 ἔτι,
544 5308 563 5341 a
585 5289 855 5354 τουτέστι,
886 5288 1008 5341 κατ’
1039 5285 1229 5340 οὐδένα
1248 5284 1449 5355 τρόπον
1477 5282 1843 5356 ἀλλοτριωθῆ-

234 5402 400 5440 σεται
435 5382 596 5438 Θεοῦ·
629 5381 856 5453 βεϐαίαν
878 5378 989 5451 γὰρ
1018 5379 1155 5450 αὐτῇ
1184 5378 1454 5448 χαριεῖται
1482 5374 1583 5447 τὴν
1620 5377 1841 5447 ἀγάπη-

233 5497 349 5545 σιν,
390 5477 488 5532 καὶ
517 5477 618 5531 οὐκ
649 5474 719 5531 ἂν
749 5475 1040 5528 ἐκπέσοιεν
1066 5471 1148 5525 ἔτι
1181 5470 1320 5543 πρὸς
1360 5469 1422 5523 τὸ
1477 5468 1841 5540 προσκρούειν

228 5571 387 5643 Θεῷ,
435 5567 814 5642 ἀνῃρημένης,
868 5566 945 5630 ὼς
989 5564 1147 5635 ἔφην,
1203 5560 1306 5631 τῆς
1364 5558 1638 5630 ἁμαρτίας
1666 5561 1747 5624 εἰς
1782 5561 1845 5615 τδ

233 5662 532 5726 παντελὲς,
560 5661 659 5715 καὶ
686 5657 783 5713 τοῦ
825 5656 1187 5730 τιειρόιζρντος¹
1205 5651 1439 5707 Σατανᾶ.
1465 5651 1540 5706 Οὐ
1557 5651 1667 5722 γὰρ
1690 5650 1843 5706 ἔσται

230 5760 357 5813 ἐκεῖ
378 5756 541 5823 λέων,
566 5752 689 5808 οὐδὲ
714 5753 824 5808 τῶν
856 5750 1062 5823 θηρίων
1091 5748 1197 5804 τῶν
1221 5744 1475 5819 πονηρῶν
1503 5744 1655 5801 οὐδὲν
1679 5746 1739 5798 οὐ
1768 5746 1845 5817 μὴ

1951 4837 2006 4883 et
2033 4827 2084 4881 iu
2120 4826 2509 4897 longitudinem
2534 4824 2884 4893 proportione
2912 4822 3217 4878 latitudinis
3255 4832 3538 4875 extensaui

1951 4919 2275 4976 habitabant
2315 4916 2510 4981 sancti,
2553 4925 2608 4971 et
2640 4930 2745 4969 non
2787 4915 2912 4977 erit,
2954 4914 3155 4985 inquit,
3194 4932 3213 4966 ι
3246 4914 3536 4968 anathema

1950 5008 2185 5079 amplius
2220 5025 2234 5062 :
2273 5025 2294 5060 ι
2329 5006 2433 5061 hoc
2465 5014 2571 5074 est,
2598 5004 2746 5060 nullo
2780 5005 2943 5060 modo
2973 5021 3004 5060 a
3035 5006 3147 5060 Deo
3190 5003 3534 5069 alieuahitur,

1950 5101 2199 5159 stabilem
2229 5099 2374 5154 enim
2408 5099 2458 5155 ei
2493 5098 2815 5154 charitatem
2852 5098 3132 5169 largietur,
3161 5113 3262 5153 nec
3290 5099 3429 5153 ultra
3458 5098 3540 5153 la-

1950 5196 2148 5251 bentur
2174 5200 2234 5247 ut
2262 5191 2430 5247 Deum
2467 5189 2771 5255 oll'endant,
2816 5198 3060 5262 peccato,
3090 5201 3152 5245 ut
3193 5191 3325 5255 dixi,
3357 5202 3413 5245 et
3442 5190 3539 5246 Sa~

1953 5295 2079 5342 lana
2110 5293 2379 5339 tentatore
2407 5297 2631 5354 prorsus
2657 5283 2912 5339 sublatis.
2956 5281 3070 5337 Non
3117 5282 3262 5336 enim
3307 5284 3413 5337 erit
3466 5282 3537 5338 ibi

1951 5379 2058 5445 leo,
2089 5392 2191 5433 nec
2219 5376 2325 5431 ulla
2368 5375 2636 5430 malarum
2662 5374 2965 5429 bestiarum
2991 5372 3058 5427 ad
3088 5372 3232 5428 illam
3257 5373 3536 5439 ascendet,

1950 5483 2055 5525 nec
2080 5468 2385 5523 invenietur
2407 5467 2500 5522 ibi.
2535 5484 2555 5519 ι
2601 5464 2937 5521 Habitabant
2964 5456 3108 5519 enim
3125 5464 3481 5520 conﬁdenter.
3514 5482 3535 5517 ι

1952 5561 2219 5628 Quoniam
2247 5571 2430 5615 autem
2460 5560 2730 5616 insertum
2759 5567 2842 5612 est
2875 5574 2891 5612 :
2927 5576 2945 5609 ι
2986 5556 3152 5611 ﬂama
3176 5572 3307 5611 vero
3340 5557 3393 5611 in
3420 5557 3540 5612 loco

1950 5653 2316 5723 permanebit,
2356 5672 2376 5706 ι
2406 5667 2620 5708 rursum
2672 5649 2806 5706 illud
2863 5648 3096 5703 dicimus
3150 5663 3370 5704 sensum
3418 5664 3536 5708 ver-

1953 5748 2147 5802 borum
2175 5756 2441 5818 quantum
2484 5745 2540 5802 in
2576 5746 2737 5802 nobis
2766 5752 2856 5802 ρει
2887 5742 3333 5812 interpretantes.
3370 5743 3538 5798 Ruina

306 5935 359 5969 "
396 5934 536 5989 Dan.
579 5949 638 5999 ιι,
669 5934 758 5989 45.
837 5933 884 5965 ⁷⁸
926 5918 1124 5988 Ezccli.
1161 5946 1247 5993 XL,
1275 5927 1333 5982 6!
1367 5942 1519 6000 seqq.
1596 5928 1642 5960 "
1673 5926 1777 5984 lsa.
1803 5938 1912 5993 LlV,
1941 5924 1996 5994 2,
2023 5925 2079 5982 5.
