4098 6472
614 412 724 473 959

1625 407 1683 464 S.
1727 406 2008 465 CYRlLLl
2051 402 2520 463 ALEXANDRISI
2558 400 2859 458 ARCIIIEP

3787 398 3896 455 9.ῧῦ

616 525 931 599 oppidulum
952 533 1057 589 est,
1092 527 1209 583 sive
1238 528 1407 586 vicus,
1447 537 1568 577 sors
1604 524 1990 578 contribulium
2038 522 2192 575 Aser.

2302 519 2477 589 ἀναϐῇ
2503 520 2589 570 ἐπ’
2618 517 2808 589 αὐτὴν,
2840 516 2949 569 οὐδ’
2979 516 3039 569 οὐ
3075 516 3148 586 μὴ
3183 515 3381 586 εὕρεθῇ
3407 516 3538 568 ἐκεῖ.
3573 532 3590 566 ι
3617 515 3897 585 Κατοική-

619 618 686 672 Et
714 626 801 671 est
829 616 933 670 alia
970 617 1192 684 insuper
1235 615 1406 669 Rama
1425 613 1995 683 Nephthalimitarum.
2033 612 2200 683 Igitur

618 720 846 765 sanctus
875 711 1132 779 propheta
1167 717 1258 761 aut
1286 708 1476 761 harum
1508 706 1669 762 unius
1698 714 1792 760 aut
1842 705 2065 762 alterius
2098 705 2202 760 Ra-

619 816 704 855 ma
745 800 1010 854 meminit.
1041 798 1132 852 Ait
1165 810 1397 863 namque
1433 812 1447 849 :
1490 814 1509 846 ¢
1547 793 1659 849 Vox
1696 795 1750 847 in
1794 794 1963 847 Rama
2015 794 2195 847 audita

614 900 719 957 est,
756 892 1094 953 lamentatio,
1127 900 1179 943 et
1219 888 1400 951 ﬂetus,
1431 896 1488 941 et
1521 887 1777 956 gemitus.
1827 884 2029 938 Rachel
2078 885 2191 952 plo-

616 1002 743 1039 rans
771 999 937 1052 super
970 984 1097 1035 ﬁliis
1131 983 1266 1045 suis,
1293 989 1349 1035 et
1398 980 1568 1033 noluit
1599 978 1891 1037 consolari.
1921 979 2045 1046 quia
2082 992 2195 1031 non

619 1086 747 1131 sunt
773 1077 841 1129 '°.
882 1076 1028 1128 »11ορ
1059 1086 1236 1128 actum
1277 1087 1398 1126 esse
1433 1072 1485 1125 in
1518 1071 1795 1126 Bethleem
1825 1079 2058 1133 constat,
2091 1068 2197 1123 lie-

617 1176 749 1222 rode
818 1167 1048 1237 juhente
1109 1165 1350 1218 infantes
1401 1164 1454 1216 in
1517 1179 1579 1217 ea
1631 1173 1873 1231 repertos
1920 1161 2093 1215 occidi
2124 1161 2191 1214 δι.

610 1258 782 1312 Rama
815 1275 945 1327 ergo
969 1268 1130 1311 vocat
1152 1254 1482 1319 Jerusalem,
1516 1257 1657 1322 quod
1696 1255 1745 1306 in
1772 1255 1883 1322 ipsa
1907 1253 2019 1329 jam
2039 1264 2194 1321 capta

612 1353 781 1406 multa
818 1352 987 1403 fuerit
1034 1349 1374 1409 lamentatio,
1404 1362 1564 1413 quam
1616 1346 1876 1415 propheta
1929 1342 2196 1397 Jcremias

610 1446 766 1513 quasi
801 1445 1212 1513 lacrymantetn,
1238 1451 1290 1495 et
1316 1454 1479 1506 super
1503 1438 1627 1492 ﬁliis
1648 1439 1874 1509 perditis
1900 1436 2195 1506 eiulantem

613 1536 937 1589 introluxit.
975 1536 1064 1586 Ait
1092 1533 1236 1586 enitn
1277 1549 1291 1584 :
1335 1549 1353 1582 ι
1385 1529 1613 1583 Plorans
1644 1529 1888 1597 plorabat
1927 1529 1978 1581 in
2015 1539 2189 1590 nocte.

614 1637 668 1681 et
707 1627 968 1696 lncrymae
992 1625 1115 1692 ‘ejus
1158 1625 1208 1676 in
1253 1623 1491 1677 maxillis
1523 1621 1639 1688 ejus
1670 1622 1735 1674 ⁸³.
1773 1640 1791 1673 ι
1825 1621 1893 1675 Ει
1925 1622 2050 1689 quid
2083 1621 2196 1690 plo-

613 1716 810 1771 rabat?
846 1735 864 1767 ι
907 1716 1156 1782 Virgines
1191 1727 1323 1765 mea:
1348 1720 1403 1765 et
1430 1710 1661 1780 juvenes
1708 1711 1813 1763 mei
1845 1709 2099 1762 abierunt
2139 1709 2191 1761 in

610 1810 1002 1877 captivitatem,
1043 1807 1092 1858 in
1124 1805 1303 1873 gladio
1326 1814 1382 1855 et
1419 1804 1471 1855 in
1506 1800 1649 1854 fame
1674 1800 1945 1862 occidisti,
2000 1798 2054 1852 in
2106 1799 2194 1851 die

608 1902 703 1956 irae
736 1911 839 1953 tune
863 1898 1081 1963 roxisti,
1109 1914 1212 1950 non
1242 1894 1531 1963 pepercisti
1556 1893 1622 1947 ⁸⁸.
1658 1911 1677 1943 ι
1715 1894 1791 1946 Ac
1810 1893 1854 1944 si
1876 1891 1999 1960 quis
2023 1890 2188 1944 etiam
2224 1875 2265 1930 Β

608 1993 675 2047 de
702 1990 970 2059 Spirituali
1003 1988 1327 2053 Jerusalem,
1362 1986 1413 2039 id
1447 1996 1551 2049 est,
1582 1985 1824 2039 Ecclesia
1863 2000 2047 2039 vocem
2082 1985 2192 2038 Ita-

608 2098 695 2137 ma
727 2098 871 2136 nunc
904 2082 1132 2147 positam
1164 2095 1289 2134 esse
1320 2078 1574 2144 senserit,
1606 2092 1704 2132 nos
1729 2078 1780 2131 id
1807 2077 1962 2131 valde
1997 2077 2193 2144 proba.

608 2190 751 2229 mus.
791 2174 941 2227 Multi
979 2173 1279 2226 enimsunt
1317 2170 1509 2225 ﬂentes
1538 2172 1590 2223 iu
1632 2170 1903 2234 ecclesiis,
1935 2169 2102 2240 806
2138 2177 2194 2223 et

607 2270 791 2323 IriSIes
820 2265 1117 2321 secundum
1150 2266 1343 2328 Deum,
1369 2279 1488 2331 qua:
1520 2263 1740 2333 quidem
1775 2263 1989 2316 tristitia
2026 2280 2045 2312 ‹
2073 2276 2190 2331 ρω-

606 2360 888 2414 ttitentiatn
927 2359 979 2410 in
1012 2358 1244 2411 salutem
1279 2355 1531 2411 stabilem
1568 2363 1827 2423 operatur
1853 2354 1920 2406 ⁸⁵.
1969 2371 1987 2404 ι
2025 2352 2190 2407 Com-

608 2453 829 2506 mendat
882 2451 1017 2505 tales
1061 2451 1226 2502 etiam
1258 2450 1377 2518 ipse
1411 2447 1705 2501 Christus:
1743 2464 1762 2496 (
1803 2445 1955 2498 Beati
1993 2445 2082 2513 qui
2107 2444 2190 2497 lu-

603 2553 755 2613 gent,
780 2543 1034 2611 quoniam
1086 2542 1187 2609 ipsi
1239 2539 1662 2593 consolabuntur
1685 2537 1754 2590 ⁸⁵.
1802 2554 1820 2586 ι
1857 2536 1924 2590 Et
1952 2536 2147 2588 iterum
2175 2551 2188 2586 :

611 2656 631 2687 ι
667 2634 815 2688 Beati
858 2634 950 2701 qui
1000 2647 1142 2685 nunc
1185 2628 1350 2693 ﬂetis,
1391 2629 1515 2697 quia
1548 2628 1791 2681 ridehitis
1819 2626 1887 2681 ⁸⁸.
1922 2646 1940 2678 ι
1972 2626 2189 2693 ﬂuam-

604 2730 814 2790 ohrem,
845 2725 1091 2795 quamvis
1125 2726 1292 2776 ltama
1328 2738 1357 2774 a
1397 2722 1656 2791 prepheta
1685 2721 1897 2773 dicatur
1924 2718 2186 2781 Ecclesia,

602 2821 768 2874 etiam
798 2820 881 2873 sic
916 2816 1332 2872 verisimihtudo
1359 2815 1686 2868 servabitur.
1718 2810 2102 2867 Verumtamen
2136 2811 2189 2863 in

603 2912 721 2964 loco
777 2926 1089 2964 mansuram
1145 2910 1258 2976 ait,
1311 2909 1414 2963 hoc
1451 2921 1568 2972 est,
1617 2922 1722 2960 non
1785 2905 2047 2973 agitatum
2100 2903 2190 2956 iri.

603 3002 847 3057 Firmata
881 3003 1049 3066 enim,
1095 3010 1150 3055 ut
1196 3001 1330 3065 dixi,
1362 3009 1417 3055 et
1472 2997 1767 3053 immobilis
1813 3004 1896 3050 est
1947 2994 2187 3049 Ecclesia

599 3093 828 3148 Christi.

2304 626 2459 663 σουσι
2481 608 2591 679 γὰρ
2613 606 2972 669 πεποιθότως.
3003 624 3023 657 ι
3053 603 3274 675 Ἐπειδὴ
3300 604 3357 656 δὲ
3389 602 3628 657 τέθειται
3660 601 3892 672 μεταξὺ,

2306 719 2327 753 ι
2378 700 2557 771 Ῥαμὰ
2576 700 2632 752 δὲ
2669 698 2764 752 ἐπὶ
2789 698 2954 751 τόπου
2987 700 3159 768 μενεῖ,
3191 715 3209 748 ι
3270 694 3434 748 πάλιν
3462 694 3639 747 ἐκεῖνό
3666 712 3852 764 φαμεν
3878 738 3893 757 ,

2300 793 2398 857 τὰς
2432 793 2540 846 τῶν
2571 792 2949 864 προκειμένων
2994 790 3227 856 ἐννοίας,
3257 789 3329 852 ὡς
3375 788 3476 851 ἔνι,
3504 787 3885 858 διερμηνεύον-

2298 903 2411 948 τες.
2463 886 2643 956 Ῥαμὰ
2690 885 2915 956 πολίχνη
2945 886 3024 948 τίς
3058 887 3228 947 ἐστιν,
3281 884 3397 954 ἤτοι
3444 880 3635 951 κώμη,
3688 882 3896 952 κλῆρος

2298 978 2355 1032 δὲ
2384 981 2497 1042 τοῖς
2531 981 2596 1031 ἐκ
2629 979 2800 1047 φυλῆς
2840 979 3031 1049 Ἀσήρ.
3074 979 3183 1031 Καὶ
3216 976 3378 1047 ἑτέρα
3409 977 3545 1047 πρὸς
3578 976 3751 1047 ταύτῃ
3782 976 3897 1028 τῶν

2256 1090 2268 1101 ·
2298 1070 2363 1122 ὲκ
2388 1069 2560 1138 φυλῆς
2592 1068 2931 1137 Νεφθαλείμο
2977 1068 3347 1137 διαμέμνηται
3382 1066 3437 1118 δὲ
3466 1066 3560 1119 καὶ
3604 1066 3892 1136 προφήτης

2299 1161 2453 1229 ἅγιος
2483 1160 2516 1232 ἢ
2546 1159 2749 1213 τούτων
2771 1162 2921 1230 μιᾶς,
2944 1161 3111 1231 ἤγουν
3134 1159 3327 1229 ἑτέρας
3358 1158 3557 1227 Ῥαμά.
3581 1158 3729 1227 Ἔφη
3758 1162 3891 1227 γὰρ,

2297 1254 2379 1306 ὅτι
2415 1273 2432 1304 ι
2461 1252 2618 1323 Φωνὴ
2654 1253 2711 1308 ὲν
2739 1252 2921 1322 Ῥαμὰ
2947 1251 3217 1321 ἠκούσθη,
3253 1251 3451 1322 θρῆνος
3484 1251 3578 1304 καὶ
3610 1250 3894 1319 κλαυθμὸς

2298 1346 2392 1400 καλ⁵
2423 1346 2654 1417 ὀδυρμὸς
2712 1344 2902 1408 πολύς.
2951 1345 3153 1416 Ῥαχὴλ
3203 1345 3614 1414 ἀποκλαιομένη
3651 1343 3742 1396 ἐπὶ
3778 1345 3894 1405 τοῖς

2298 1439 2437 1501 υἱοῖς
2467 1437 2659 1507 αὐτῆς,
2700 1439 2795 1490 καὶ
2836 1438 2935 1490 οὐκ
2972 1437 3131 1507 ἤθελε
3171 1436 3615 1507 παρακληθῆναι,
3656 1436 3736 1488 ὅτι
3789 1436 3893 1488 οὒκ

2298 1530 2424 1583 εἰσί.
2472 1548 2491 1582 ι
2529 1530 2701 1582 Τοῦτο
2720 1530 3040 1601 πεπρᾶχθαι
3071 1530 3249 1600 φαμὲν
3277 1530 3418 1583 κατὰ
3445 1530 3544 1599 τὴν
3597 1527 3845 1599 Βηθλεὲμ
3869 1566 3890 1595 ,

2309 1622 2549 1696 Ἡρώδου
2569 1625 2998 1694 προστεταχότος
3019 1624 3086 1677 τὰ
3104 1626 3159 1677 ἐν
3181 1625 3319 1695 αὐτῇ
3342 1623 3667 1693 φονεύεσθαι
3688 1622 3889 1694 βρέφη.

2308 1714 2491 1785 Ῥαμὰ
2521 1716 2699 1771 τοίνυν
2727 1717 2982 1786 ὀνομάζει
3012 1717 3113 1787 τὴν
3142 1716 3446 1787 Ὶερουσαλὴ
3457 1735 3514 1787 μ,
3536 1716 3707 1769 διάτοι
3742 1716 3801 1769 τὸ
3830 1718 3892 1769 ἐν

2297 1810 2437 1879 αύτῇ
2467 1808 2635 1863 πολὺν
2680 1809 2934 1878 γενέσθαι
2964 1809 3057 1862 ἐπὶ
3115 1811 3182 1879 τῇ
3223 1808 3422 1861 ἁλώσει
3465 1808 3682 1879 θρῆνον·
3712 1810 3894 1861 εἶσκε-

2295 1900 2490 1971 κόμικε
2515 1901 2623 1970 γάρ
2658 1900 2828 1970 αὐτὴν
2867 1902 2896 1952 ὁ
2930 1901 3216 1971 προφήτης
3267 1899 3539 1970 Ἱερεμίας
3606 1900 3892 1970 μονονουχὶ

2293 1990 2638 2063 δακρύουσαν
2667 2009 2725 2045 τε
2751 1993 2844 2045 καὶ
2890 1995 3004 2056 τοῖς
3044 1992 3195 2056 ἰδίοις
3252 1992 3591 2045 ἀπολωλόσιν
3647 1991 3893 2061 ὲποιμώυ

2295 2079 2495 2145 ζουσαν
2526 2083 2753 2146 τέκνοις.
2793 2082 2941 2153 Ἔφη
2991 2083 3136 2153 γὰρ,
3183 2084 3266 2137 ὅτι
3320 2102 3337 2135 ι
3378 2083 3657 2135 Κλαίουσα
3702 2082 3892 2136 ἔκλαιε

2297 2176 2474 2235 νυκτὶ,
2501 2175 2596 2228 καὶ
2629 2175 2697 2228 τὰ
2741 2175 2950 2239 δάκρυα
2982 2177 3152 2246 αὐτῆς
3181 2176 3273 2229 ἐπὶ
3326 2176 3437 2229 τῶν
3473 2179 3735 2245 σιαγόνων
3787 2177 3889 2229 αύ-

2296 2270 2414 2340 τῆς.
2452 2288 2470 2320 ι
2504 2269 2616 2322 Καὶ
2678 2268 2761 2333 τίς
2808 2264 2875 2340 ἦν
2919 2269 2947 2321 ὁ
2996 2269 3227 2339 θρῆνος;
3264 2289 3282 2321 ι
3329 2269 3599 2340 Παρθένοι
3631 2288 3753 2340 μου,
3791 2269 3891 2323 καὶ

2293 2360 2566 2413 νεανίσκοι
2594 2376 2695 2430 μου
2728 2359 3105 2431 ἐπορεύθησαν
3152 2362 3208 2413 ὲν
3247 2361 3615 2430 αἰχμαλωσίᾳ,
3646 2363 3702 2412 ὲν
3750 2363 3890 2431 ῥομο-

2294 2451 2451 2521 φαίξι,
2489 2451 2582 2504 καὶ
2609 2452 2665 2502 ὲν
2695 2449 2840 2520 λιμῷ
2871 2450 3220 2514 ἀπέκτεινας,
3256 2451 3314 2511 ὲν
3348 2450 3533 2521 ἡμέρᾳ
3584 2449 3755 2517 ὀργῆς
3791 2466 3887 2500 σου

2293 2541 2719 2612 ἐμαγείρευσας,
2754 2542 2854 2594 οὐκ
2905 2543 3129 2611 ἐφείσω.
3174 2561 3193 2594 ι
3235 2542 3298 2594 Εἰ
3331 2541 3387 2593 δὲ
3436 2542 3499 2611 δή
3535 2558 3614 2603 τις
3643 2539 3888 2609 βούλοιτο

2297 2636 2433 2687 κάπὶ
2468 2635 2565 2701 τῆς
2620 2635 2817 2705 νοητῆς
2866 2634 3243 2705 Ἰερουσαλὴμ,
3298 2634 3566 2698 τουτέστι,
3615 2632 3717 2701 τῆς
3763 2632 3889 2683 Tac-

2293 2724 2522 2793 κλησίας
2547 2724 2819 2777 τεθεῖσθαι
2872 2726 2971 2796 τὴν
3001 2726 3214 2795 κλῆσιν,
3264 2725 3443 2794 Ῥαμά
3471 2743 3528 2776 τε
3556 2723 3724 2795 αὐτὴν
3750 2721 3887 2775 ὠνο-

2296 2816 2502 2885 μάσθαι
2552 2816 2691 2881 νυνὶ,
2754 2817 2934 2888 φαμὲν
2984 2818 3066 2870 ὅτι
3120 2818 3213 2871 καὶ
3251 2817 3399 2888 μάλα
3462 2816 3635 2888 ὀρθῶς
3673 2816 3886 2884 ὁλόγος

2293 2906 2427 2977 ἔχει.
2456 2908 2649 2962 Πολλοὶ
2695 2908 2802 2981 γὰρ
2852 2911 2902 2961 οἱ
2951 2910 3232 2975 κλαίοντες
3273 2913 3331 2962 ὲν
3416 2909 3757 2981 ἐκκλησίαις,
3792 2909 3885 2963 καὶ

2292 3001 2392 3068 τὴν
2419 3000 2559 3054 κατὰ
2588 3001 2720 3054 Θεὸν
2769 3001 2983 3071 ἔχοντες
3030 3002 3229 3071 λύπην,
3275 3003 3398 3073 ἥτις
3430 3022 3447 3053 ί
3479 3004 3766 3073 μετάνοιαν
3805 3004 3885 3066 εἰς

2295 3093 2569 3164 σωτηρίαν
2616 3094 3036 3166 ἀμεταμέλητον
3081 3095 3501 3166 κατεργάζεται.
3532 3114 3551 3147 ι
3599 3093 3885 3165 Ἀποδὲχε-

601 3203 694 3239 ται
721 3185 849 3248 τοὺς
880 3184 1153 3249 τοιούτους
1184 3184 1280 3238 καὶ
1305 3183 1465 3247 αὐτὸς
1485 3184 1514 3235 ὁ
1536 3181 1795 3253 Χριστὸς,
1819 3179 1962 3234 οὕτω
1990 3179 2185 3249 λέγων’
2234 3200 2252 3233 t
2288 3185 2567 3255 Μακάριοι
2601 3187 2651 3240 οἱ
2715 3187 3063 3252 πενθοῦντες,
3086 3190 3171 3242 ὅτι
3233 3190 3389 3244 αὐτοὶ
3426 3190 3887 3261 παρακληθήσον-

600 3295 714 3333 ται.
753 3295 773 3329 ι
806 3278 915 3330 Καὶ
942 3276 1122 3331 πάλιν·
1159 3294 1178 3328 l
1209 3277 1488 3347 Μακάριοι
1531 3277 1583 3328 οἱ
1634 3273 1916 3338 κλαίοντες
1948 3274 2065 3341 νῦν,
2108 3275 2188 3329 ὅτι
2261 3276 2416 3330 αὐτοὶ
2487 3279 2819 3347 γελάσονται.
2854 3299 2872 3332 ι
2921 3281 3131 3336 Οὐκοῦν
3192 3283 3296 3337 κᾶν
3349 3285 3397 3337 εἰ
3445 3284 3655 3352 λέγοιτο
3703 3282 3887 3354 Ῥαμὰ

602 3373 689 3427 διὰ
721 3372 816 3442 τῆς
845 3369 939 3423 τοῦ
970 3372 1252 3442 προφήτου
1296 3371 1480 3439 φωνῆς
1528 3370 1562 3438 ὴ
1608 3368 1925 3439 Ἐκκλησία,
1968 3370 2187 3440 φορέσει
2227 3374 2322 3426 καὶ
2387 3374 2530 3443 οὕτω
2551 3376 2610 3428 τὸ
2644 3375 2870 3428 πιθανὸν
2923 3378 2953 3429 ὁ
3007 3376 3184 3445 λόγος.
3217 3378 3364 3449 Πλὴν
3427 3379 3519 3433 ἐπὶ
3545 3380 3710 3432 τόπου
3752 3379 3887 3451 φησὶ

608 3466 781 3534 μενεῖ,
817 3462 1117 3527 τουτέστιν,
1178 3462 1241 3515 οὐ
1265 3461 1680 3533 σαλευθήσεται.
1717 3460 2068 3533 Ἐρήρεισται
2129 3460 2258 3533 γὰρ,
2301 3465 2378 3528 ὡς
2413 3465 2584 3535 ἔφην,
2624 3467 2720 3520 καὶ⁹
2764 3465 2911 3520 ἔστιν
2966 3468 3262 3540 ἁκλόνητος
3305 3471 3341 3542 ἡ
3398 3469 3693 3540 Ἐκκλησία
3748 3470 3884 3540 Χρι-

605 3554 753 3610 στοῦ.

680 3648 842 3704 Vsus.
888 3649 974 3704 12.
1016 3647 1085 3703 Et
1124 3650 1237 3703 hac
1271 3649 1367 3702 erit
1401 3649 1558 3702 ruina
1592 3663 1696 3719 qua
1729 3646 1981 3717 percutiet
2012 3646 2192 3701 Domi-

2368 3644 2479 3701 Kal
2520 3646 2672 3713 αὕτη
2721 3645 2894 3699 ἔσται
2942 3646 2981 3713 ὴ
3031 3646 3280 3713 πτῶσις,
3319 3644 3398 3713 ἣν
3443 3650 3619 3717 κόψει
3667 3652 3886 3720 Κύριος

607 3759 702 3797 nus
749 3759 925 3796 omnes
969 3743 1222 3810 populos,
1268 3742 1562 3811 quicunque
1607 3740 1966 3794 militaverunt
2007 3748 2194 3794 contra

604 3834 922 3890 Jerusalem.
955 3831 1241 3887 Tabescent
1280 3849 1465 3887 carnes
1501 3848 1708 3898 eorum,
1742 3833 2000 3887 stantium
2036 3846 2194 3900 super

601 3928 756 3991 pedes
793 3940 948 3989 suos,
985 3931 1034 3978 ει
1078 3923 1216 3978 oculi
1253 3934 1436 3977 eorum
1475 3923 1703 3992 deﬂuent
1739 3924 1804 3976 de
1839 3922 2191 3993 foraminibus

604 4034 808 4085 eorum,
838 4025 887 4069 et
921 4016 1105 4085 lingua
1137 4030 1317 4069 eorum
1351 4017 1573 4069 tabescet
1608 4015 1661 4067 in
1694 4029 1781 4067 ore
1812 4013 2065 4079 ipsarum.

675 4279 852 4337 CVlll.
896 4297 914 4331 ι
955 4279 1275 4334 Pressuram
1308 4278 1361 4333 in
1396 4279 1501 4334 hoc
1531 4279 1736 4333 mundo
1768 4281 2035 4335 habebitis
2059 4281 2126 4345 ⁸⁷,
2164 4297 2183 4332 ι

603 4374 658 4429 in
703 4388 763 4429 se
805 4371 1156 4427 credentibus
1194 4369 1448 4426 Christus
1493 4371 1766 4441 pradixit.
1806 4370 2187 4427 Verumtamen

603 4465 669 4520 ad
706 4463 959 4518 ﬁduciam
994 4478 1095 4519 eos
1124 4463 1311 4531 erigit,
1347 4462 1556 4516 utiliter
1584 4463 1923 4531 subjungens
1962 4481 1975 4518 :
2020 4481 2037 4514 ι
2081 4463 2188 4517 Sed

602 4557 887 4620 conlidite,
923 4569 1023 4625 ego
1057 4555 1162 4609 vici
1201 4556 1467 4609 mundum
1483 4553 1552 4607 ⁸⁸.
1596 4571 1616 4605 ι
1658 4553 1817 4608 Dedit
1848 4556 1993 4607 enim
2031 4555 2189 4611 nobis

606 4666 627 4700 ε
671 4648 887 4703 calcare
929 4662 1092 4717 super
1128 4656 1414 4717 serpentes
1455 4655 1510 4700 et
1551 4648 1899 4714 scorpiones.
1934 4656 1989 4700 et
2025 4663 2188 4717 supra

599 4754 817 4794 omnem
848 4741 1099 4793 virtutem
1133 4739 1343 4793 inimici
1367 4738 1436 4791 ⁸⁸.
1475 4756 1494 4790 ι
1529 4737 1633 4793 Sed
1665 4739 1755 4806 qui
1788 4747 1915 4793 sunt
1944 4741 2187 4807 scorpio-

600 4847 720 4897 nes,
746 4842 802 4887 et
827 4834 1046 4900 quinam
1071 4831 1389 4900 serpentes?
1418 4829 1553 4884 Num
1579 4830 1831 4885 videlicet
1860 4832 2188 4887 detestandae

600 4935 654 4977 et
683 4935 925 4979 cruenta:
953 4924 1336 4995 pestiferorum
1367 4925 1701 4990 daemonum,
1729 4933 1782 4977 et
1810 4936 2029 4980 sanctos
2059 4940 2185 4995 per-

600 5017 939 5084 sequentium
979 5015 1267 5080 cohortes,
1306 5030 1429 5084 quae
1461 5016 1625 5068 etiam
1663 5015 1927 5070 ministra:
1962 5015 2181 5071 fuerunt
2212 4999 2256 5055 D

598 5122 824 5163 summa:
852 5108 1075 5161 insaniae
1097 5108 1385 5176 spirituum
1416 5107 1469 5160 in
1500 5107 1602 5161 hoc
1626 5110 1850 5171 mundo,
1875 5108 1965 5176 qui
1993 5116 2048 5163 et
2074 5109 2178 5162 hoc

599 5198 911 5252 universum
963 5198 1337 5264 circumeunt,
1384 5197 1591 5253 sanctis
1639 5198 1989 5253 multifariam
2042 5199 2176 5253 insi.

599 5290 830 5354 diantes',
856 5290 1103 5357 quamvis
1128 5303 1223 5356 per
1246 5289 1521 5345 Christum
1549 5291 1888 5359 triumphati,
1913 5293 2002 5360 qui
2031 5292 2177 5345 cruci

598 5396 710 5434 sua:
738 5383 1160 5451 chirographum
1194 5392 1381 5436 contra
1416 5396 1515 5436 nos
1544 5379 1711 5435 aiﬁxit
1733 5382 1801 5449 9°,
1836 5392 1893 5436 ut
1924 5399 2021 5438 nos
2054 5383 2174 5437 illo-

601 5489 718 5526 rmn
746 5475 1023 5527 dominatu
1054 5474 1349 5529 liberaret?
1374 5476 1555 5540 Quare
1574 5475 1830 5544 quoniam
1852 5474 2170 5538 Jerusalem,

599 5580 718 5634 qtae
745 5574 829 5619 est
860 5564 1097 5620 Ecclesia
1127 5565 1219 5621 Dei
1248 5567 1484 5622 viventis
1505 5567 1575 5632 ",
1604 5567 1937 5622 eontidenter
1963 5569 2173 5622 habita-

2295 3736 2526 3803 πάντας
2575 3736 2721 3802 τοὺς
2775 3737 2965 3802 λαοὺς
2986 3779 3000 3805 ,
3065 3738 3201 3794 ὅσοι
3244 3741 3738 3812 ἐπεστράτευσαν
3783 3746 3883 3798 ἐπὶ

2304 3828 2712 3900 Ἰερουσαλήμ.
2780 3828 3154 3896 Tauricos-tat.
3223 3835 3284 3887 al
3352 3832 3577 3901 σάρκες
3633 3835 3837 3889 αὐτῶν
3865 3876 3881 3901 ,

2291 3922 2639 3989 ἑστηκότων
2664 3920 2866 3975 αὐτῶν
2895 3920 2993 3975 ἐπὶ
3030 3921 3174 3987 τοὺς
3199 3923 3393 3989 πόδας
3438 3925 3656 3991 αὐτῶν,
3691 3929 3791 3981 καὶ
3831 3933 3881 3984 οι

2302 4013 2598 4083 ὀφθαλμοὶ
2621 4011 2822 4068 αὐτῶν
2852 4012 3191 4083 ρυήσονται
3219 4014 3288 4067 ἐκ
3324 4014 3441 4068 τῶν
3473 4015 3641 4070 ὀπῶν
3659 4017 3880 4083 αὐτῶν,

2292 4105 2391 4159 καὶ
2431 4106 2470 4173 ἡ
2511 4103 2765 4175 γλῶσσα
2797 4102 2999 4158 αὐτῶν
3037 4105 3365 4172 τακήσεται
3390 4106 3463 4160 ἐν
3491 4105 3570 4172 τῷ
3626 4110 3880 4178 στόματι

2290 4196 2512 4252 αὐτῶν.

2362 4287 2488 4342 PH'.
2529 4307 2547 4340 ι
2576 4286 2767 4358 Θλίψιν
2799 4288 2949 4353 ἕξετε
2973 4289 3033 4343 ὲν
3076 4289 3154 4360 τῷ
3202 4290 3418 4361 κόσμῳ,
3454 4310 3473 4344 ›
3524 4295 3640 4355 τοῖς
3668 4296 3748 4358 εις
3779 4295 3879 4348 αὖ-

2290 4381 2381 4435 τὸν
2421 4380 2746 4434 πίστεύσασι
2767 4379 3202 4453 προπεφώνηκεν
3235 4385 3265 4437 ό
3311 4383 3567 4454 Χριστός.
3608 4384 3759 4455 Πλὴν
3786 4386 3880 4439 εύ-

2292 4470 2691 4542 θαρσεστέρους
2725 4471 2999 4539 ἀποτελεῖ,
3029 4473 3318 4545 χρησίμως
3348 4475 3608 4544 ἐνεγκὼν
3646 4496 3667 4529 ι
3719 4477 3879 4532 Ἀλλὰ

2291 4565 2562 4635 θαρσεῖτε,
2598 4561 2709 4631 ἐγὼ
2742 4564 3006 4634 νενίκηκα
3033 4566 3125 4620 τὸν
3179 4568 3403 4639 κόσμον.
3441 4587 3461 4621 ι
3523 4570 3738 4624 Δέδωκε
3768 4571 3880 4642 γάρ

2291 4656 2423 4726 ἡμῖν
2456 4672 2476 4706 ι
2516 4656 2709 4707 πατεῖν
2741 4654 2932 4708 ὲπάνω
2959 4655 3155 4726 ὄφεων,
3183 4658 3278 4713 καὶ
3311 4658 3609 4730 σκορπίων,
3645 4661 3742 4715 καὶ
3784 4662 3879 4714 ἐπὶ

2293 4746 2475 4800 πᾶσαν
2507 4747 2607 4815 τὴν
2634 4744 2864 4816 δύναμιν
2890 4747 2984 4801 τοῦ
3014 4748 3233 4820 ἐχθροῦ.
3285 4770 3304 4803 ι
3349 4752 3506 4815 Τίνες
3524 4752 3582 4805 δὲ
3608 4753 3659 4805 οί
3711 4770 3879 4824 σκορ⁸

2290 4837 2428 4902 πίοι,
2465 4838 2558 4891 καὶ
2590 4837 2734 4901 τίνες
2762 4840 2813 4890 οἱ
2842 4839 3027 4908 beate;
3059 4836 3138 4894 TH
3162 4840 3404 4912 δηλονότι
3430 4843 3498 4895 τὰ
3521 4845 3746 4914 μυσαρὰ
3781 4845 3879 4896 καὶ

2292 4929 2552 5001 μιαιφόνα
2578 4932 2836 5001 τάγματα
2869 4932 2978 4987 τῶν
3003 4933 3299 5005 ἀλιτηρίων
3328 4934 3621 5005 δαιμόνων,
3652 4936 3749 4988 καὶ
3770 4934 3882 4988 τῶν

2282 5021 2588 5076 διωκόντων
2617 5023 2826 5092 ἁγίους.
2883 5023 2932 5076 οἳ
2983 5025 3077 5079 καὶ
3127 5026 3416 5095 γεγόνασιν
3472 5027 3741 5098 ὑπουργοὶ
3778 5030 3880 5096 τῆς

2283 5111 2522 5181 ἀκράτου
2557 5113 2754 5182 μανίας
2782 5113 2890 5167 τῶν
2934 5115 2994 5166 ἐν
3054 5114 3246 5186 κόσμῳ
3304 5116 3653 5187 πνευμάτων,
3713 5116 3751 5170 ἃ
3785 5117 3879 5169 καὶ

2282 5202 2401 5255 τόδε
2431 5203 2493 5255 τὸ
2527 5204 2747 5274 σύμπαν
2805 5210 3129 5277 περινοστεῖ,
3177 5207 3534 5281 πολυτρόπως
3566 5213 3677 5270 τοῖς
3701 5208 3880 5277 ἁγίοις

2286 5295 2723 5361 ἐπιϐουλεύοντα,
2752 5299 2929 5352 καίτοι
2955 5300 3433 5371 τεθριαμϐευμένα
3465 5301 3553 5355 διὰ
3611 5301 3875 5370 Χριστοῦ,

2285 5388 2736 5458 προσηλώσαντος
2763 5389 2841 5459 τῷ
2889 5391 3003 5462 ἰδίῳ
3057 5392 3277 5464 σταυρῷ
3308 5395 3369 5446 τὸ
3414 5394 3535 5448 καθ’
3565 5394 3723 5463 ἡμῶν
3763 5411 3874 5465 χει·

2251 5482 2578 5552 ¹ιρόγραιρον,
2599 5481 2686 5535 ἵνα
2701 5483 2796 5552 τῆς
2813 5484 3034 5539 ἐκείνων
3052 5486 3199 5555 qui;
3221 5486 3505 5558 ἀπαλλάξῃ
3533 5487 3877 5551 πλεονεξίας;

2280 5572 2492 5629 υύκοῦν
2527 5574 2713 5644 ἐπειδὴ
2739 5578 3085 5646 κατοικήσειν
3116 5575 3221 5648 ἔφη
3262 5578 3601 5644 πεποιθότως
3629 5578 3731 5651 τὴν
3771 5578 3881 5633 ἰε-

671 5750 717 5837 ξο
740 5765 934 5837 torem.
963 5783 1112 5835 ικιι,
1133 5768 1221 5822 l5.
1283 5767 1326 5799 ⁸¹
1358 5768 1542 5821 Matth.
1564 5785 1625 5833 η,
1654 5768 1844 5825 16-18.
1910 5772 1955 5803 υ
1989 5772 2188 5828 Tltren-

2292 5776 2329 5827 Β.
2408 5774 2453 5805 ⁸³
2492 5775 2827 5837 lltitl.18'.tt.
2855 5779 2943 5833 ΕΗ.
3022 5782 3066 5812 ⁸⁵
3092 5779 3130 5832 ll
3157 5781 3277 5833 Cor.
3313 5796 3384 5835 νη
3431 5782 3517 5836 10.
3593 5782 3639 5814 ⁸⁸
3672 5782 3880 5837 Matth.

603 5851 653 5898 v,
680 5836 733 5887 5.
808 5836 850 5865 δε
890 5835 1015 5892 Luc.
1060 5854 1133 5903 Vl,
1165 5837 1256 5892 2|.
1334 5839 1376 5871 ⁸⁷
1411 5838 1568 5894 Joau.
1595 5856 1706 5907 xw,
1738 5843 1827 5897 55.
1904 5845 1946 5875 ⁸³
1980 5845 2112 5899 lhid.
2190 5862 2192 5874 ι

2292 5861 2402 5900 .uc.
2450 5861 2502 5902 ιι,
2548 5848 2626 5900 ιν.
2705 5848 2751 5878 νο
2783 5850 2986 5905 ευιοεε.
3015 5868 3075 5918 ιι,
3117 5848 3198 5904 ιι.
3279 5858 3320 5884 αι
3364 5835 3553 5907 t'l‘nu.
3597 5868 3681 5920 ιιι,
3715 5835 3805 5908 ιδ.
