4098 6470
289 436 399 492 9.61
1147 430 1703 490 COMMENTARIUS
1743 428 1808 486 IN
1853 426 2262 488 ZACHARIAM
2305 433 2751 491 PROPHETAM.
3508 433 3611 489 2ϋέ

286 552 588 628 ρουσαλὴμ
615 595 630 620 ,
672 554 795 625 ἥτις
845 552 993 607 ἐστὶν
1046 552 1347 625 Ἐκκλησία
1383 553 1519 606 Θεοῦ
1573 551 1795 618 ζῶντος,
1836 547 1893 623 ἧι

2015 559 2192 605 turam
2231 553 2386 618 dixit,
2426 554 2731 623 licebatque
2760 553 2888 624 jure
2906 556 3125 625 ,optimo
3159 555 3264 610 hoc
3298 556 3606 614 confectum

285 648 348 702 δὲ
402 647 469 721 δὴ
522 645 705 707 τοῦτο,
759 648 854 701 καὶ
899 647 1040 718 μάλα
1100 646 1298 717 ὀρθῶς,
1345 645 1893 717 ἁποπερανθήσεσθαι

2008 644 2075 699 iri
2111 660 2335 713 sperare
2365 647 2595 701 sublatis
2627 648 2893 713 hostibus,
2922 657 2974 705 et
3003 647 3213 702 eversis
3248 648 3317 702 iis
3351 650 3444 717 qui
3485 666 3605 705 eam

288 740 606 812 προσδοκᾷν
646 738 1062 810 ἀναιρουμένων
1094 736 1329 809 ἐχθρῶν,
1365 738 1460 789 καὶ
1491 735 1602 788 τῶν
1633 734 1893 788 εἰωθότων

1997 740 2259 809 persequi
2285 750 2707 803 consueverant,
2733 744 3043 795 necessario
3066 750 3119 796 et
3146 743 3264 796 haec
3288 744 3445 796 nobis
3471 759 3600 799 uar-

282 833 515 886 διώκειν
546 832 721 903 αὐτὴν
755 831 1285 903 ἀνατετραμμὲνων,
1330 829 1637 898 ἀναγκαίαν
1666 830 1893 881 ποιεῖται

2007 840 2111 884 rat.
2154 829 2333 900 inquit
2368 838 2512 885 enim
2554 850 2568 887 :
2613 852 2632 885 ι
2678 832 2802 887 Hice
2843 836 2949 888 erit
2989 836 3142 887 ruina
3194 850 3301 905 qua
3338 838 3601 904 perciuict

288 931 384 982 καὶ
410 925 625 980 τούτων
655 927 789 995 ἡμῖν
818 925 919 996 τὴν
974 925 1275 995 ἀφήγησιν.
1317 943 1335 976 ι
1365 922 1513 995 Αὕτη
1574 922 1684 993 γάρ
1714 924 1896 987 ἔσται,

291 1022 477 1091 φησὶν,
511 1021 546 1091 ἡ
574 1019 806 1082 πτῶσις,
832 1020 899 1091 ἦν
922 1018 1077 1089 κόψει
1108 1018 1314 1092 Κύριος
1334 1019 1544 1081 πάντας
1564 1017 1688 1080 τοὺς
1712 1016 1896 1079 λαοὺς,

284 1116 403 1168 ὅσοι
434 1114 891 1186 ἐπεστράτευσαν
914 1112 1008 1166 ἐπὶ
1053 1110 1436 1186 Ἰερουσαλήμο
1470 1112 1524 1164 αἱ
1561 1110 1764 1181 σάρκες
1799 1109 1899 1161 αύ-

282 1207 395 1262 τῶν
413 1208 917 1279 κατατακήσονται,
937 1206 1302 1278 ἑκρυήσονται
1331 1206 1388 1259 δέ
1419 1204 1510 1258 καὶ
1538 1202 1895 1274 οἰόφοαλμοὶ,

284 1301 705 1373 συντηκομένης
761 1303 857 1355 καὶ
922 1299 1195 1372 γλώττης.
1241 1319 1259 1351 ι
1310 1298 1368 1351 ὐ
1427 1298 1528 1370 μὲν
1558 1296 1668 1370 γὰρ
1717 1296 1898 1361 κοινὸς

276 1388 466 1459 οὗτος,
504 1393 600 1447 καὶ
654 1394 718 1447 ἑκ
771 1393 873 1465 τῆς
924 1392 1140 1463 φύσεως
1184 1391 1415 1454 θάνατος
1468 1391 1627 1462 τήκει
1659 1390 1759 1461 μὲν
1795 1387 1898 1453 τάς

277 1487 555 1541 ἁπάντων
613 1486 845 1557 σάρκας,
915 1485 1010 1539 καὶ
1060 1484 1348 1555 ἀποκείρει
1404 1482 1740 1553 ὀφθαλμοὺς,
1800 1481 1897 1535 καὶ

278 1577 564 1647 γλώσσας·
613 1579 899 1632 πάνδεινον
932 1578 1010 1643 δὲ,
1072 1578 1166 1632 καὶ
1193 1578 1292 1650 τῆς
1323 1577 1404 1639 εἰς
1437 1574 1590 1646 λῆξιν
1650 1573 1896 1646 ἡκούσης

277 1673 581 1742 συμφορᾶς
634 1671 720 1743 εἴη
778 1671 845 1725 ἂν
874 1670 1104 1733 εἰκότως
1142 1669 1203 1723 τὸ
1231 1667 1475 1735 ζώντων,
1502 1667 1597 1721 καὶ
1640 1666 1896 1722 ἑστώτων

276 1762 363 1817 in
401 1764 638 1833 τακῆναι
679 1764 777 1834 μέν
815 1762 1049 1835 σάρκας,
1098 1764 1191 1816 καὶ
1214 1763 1478 1833 ἀπορρεῖν
1534 1761 1891 1832 ὀφθαλμοὺς,

275 1855 613 1921 κολάζεσθαι
633 1857 690 1909 δὲ
714 1856 806 1911 καὶ
830 1856 1096 1926 γλώττας.
1117 1852 1191 1909 Εὖ
1209 1854 1265 1908 δὲ
1286 1855 1354 1925 δὴ
1385 1854 1591 1926 σφόδρα
1612 1853 1681 1908 τὰ
1711 1854 1891 1908 τοιάδε

276 1950 670 2022 συμϐήσεσθαι
701 1967 835 2020 φησι
861 1952 975 2014 τοῖς
1006 1948 1237 2020 θεομισῆ
1274 1948 1369 2003 καὶ
1396 1949 1674 2019 ἐπάρατον
1692 1948 1891 2019 ἐπιτη-
1921 1928 1967 1985 Β

273 2041 511 2096 δεύσασι
541 2041 708 2114 ζωήν.
752 2040 1276 2113 Εἱσπραχθήσονται
1297 2038 1405 2111 γὰρ
1428 2040 1602 2104 δίκας,
1628 2040 1725 2111 οὐχ
1748 2039 1893 2111 ὑπέρ

273 2151 345 2203 γε
390 2134 553 2205 μόνον
584 2133 695 2187 τῶν
729 2135 809 2197 είς
832 2133 1026 2202 ἁγίους
1059 2134 1244 2196 αὐτοῖς
1294 2132 1854 2203 πεπλημμελημὲνων
1874 2148 1889 2164 ο

274 2225 426 2279 ἀλλὰ
454 2226 551 2278 καλ⁸
582 2224 725 2297 ὑπὲρ
751 2219 819 2299 ἧς
856 2226 1159 2298 ἐσχήκασιν
1212 2227 1270 2277 ἑν
1322 2223 1458 2295 τῷδε
1483 2223 1560 2294 τῷ
1584 2224 1776 2295 κόσμῳ
1810 2239 1896 2294 φι-

272 2318 606 2389 λοσαρκίας·
636 2318 671 2391 ἢ
697 2318 793 2371 καὶ
818 2317 1041 2387 γέγονεν
1062 2317 1247 2381 αὐτοῖς
1278 2318 1427 2371 αἰτία
1444 2316 1538 2370 τοῦ
1564 2318 1702 2388 μήτε
1728 2333 1894 2387 προσ-

271 2410 529 2479 ήκασθαι
560 2408 656 2480 τὴν
686 2409 894 2475 πίστιν,
940 2409 1079 2480 μήτε
1114 2407 1221 2480 μὴν
1248 2407 1465 2462 ἑλέσθαι
1498 2409 1599 2479 ζῇν
1626 2407 1889 2474 εὐσεϐῶς,

271 2501 380 2554 καὶ
403 2499 507 2569 τῆς
539 2502 597 2553 ἐν
627 2498 853 2571 Χριστῷ
906 2498 1187 2563 πολιτείας
1244 2499 1533 2569 ἀγαπῆσαι
1563 2497 1661 2570 τὴν
1706 2497 1889 2565 δόξαν.

274 2591 554 2659 Γεγόνασι
588 2589 687 2659 μὲν
709 2589 841 2661 γάρ,
876 2589 953 2653 ώς
980 2589 1141 2661 ἔφην,
1198 2590 1626 2653 ἀπονενευκότες
1672 2590 1893 2654 ἀτόπως

271 2687 361 2749 είς
412 2684 683 2747 ἐκτύπους
743 2683 958 2755 ἡδονάς
991 2684 1260 2754 ἐσχήκασι
1310 2683 1366 2737 δὲ
1407 2685 1504 2737 καὶ
1553 2685 1638 2753 ἐφ’
1674 2685 1893 2756 ἑκάστῳ

269 2777 389 2833 τῶν
416 2777 720 2849 ὁρωμένων
743 2776 1063 2848 ἐπιθυμίαν,
1102 2777 1390 2848 μονονουχὶ
1417 2777 1613 2847 χανδὸν
1636 2777 1891 2831 ἐκπίνον-

270 2888 388 2935 τες.
437 2870 747 2942 Ἦκόνησαν
797 2870 856 2923 δὲ
901 2871 997 2924 καὶ
1024 2869 1272 2939 γλῶτταν
1311 2870 1453 2924 κατὰ
1487 2868 1750 2941 Χριστοῦ,
1790 2869 1888 2922 καὶ

268 2962 385 3018 τῶν
412 2962 581 3035 ἱερῶν
596 2962 698 3033 τῆς
726 2963 1059 3034 Ἐκκλησίας
1075 2962 1366 3033 δογμάτων
1388 2962 1609 3015 ἀνοσίαν
1634 2961 1892 3031 πεποίην-

270 3071 364 3109 ται
394 3054 497 3127 τὴν
521 3055 887 3126 κατάρρησιν.
923 3055 1165 3119 Εἰκότως
1204 3054 1268 3124 δὴ
1308 3050 1402 3108 οὖν
1448 3055 1531 3118 εἰς
1569 3055 1784 3126 σάρκας
1830 3069 1891 3106 τε

270 3150 370 3203 καὶ
402 3148 742 3221 ὀφθαλμοὺς,
796 3150 893 3203 καὶ
942 3148 1192 3218 γλώττας
1236 3148 1336 3219 τὴν
1361 3147 1518 3220 δίκην
1561 3148 1882 3218 ἐσχήκασιν.

2005 920 2265 977 Dominus
2312 936 2504 978 omnes
2550 924 2817 994 populos,
2866 927 3180 995 quicunque
3226 927 3605 980 militaverunt

2005 1024 2194 1068 contra
2221 1015 2523 1070 Jerusalem
2554 1035 2566 1070 :
2594 1031 2790 1071 carnes
2815 1032 3004 1071 eorum
3038 1018 3342 1082 tabescenl,
3371 1027 3425 1071 et
3453 1018 3600 1073 oculi

2002 1122 2194 1161 eorum
2226 1108 2487 1173 detinent,
2516 1111 2676 1163 simul
2710 1112 3022 1164 tabescente
3049 1113 3253 1181 lingua.
3287 1131 3308 1163 ι
3339 1110 3604 1165 Commu-

2002 1202 2088 1256 nis
2130 1203 2275 1256 enim
2318 1204 2453 1267 ista,
2500 1213 2554 1257 et
2601 1203 2869 1257 naturalis
2916 1219 3061 1257 mors
3099 1206 3341 1257 omnium
3381 1202 3602 1272 quidem

2002 1310 2194 1351 carnes
2217 1295 2493 1361 tabefacit,
2520 1307 2573 1351 et
2597 1297 2775 1352 oculis
2797 1304 2960 1364 atque
2982 1296 3183 1366 linguis
3204 1295 3422 1363 spoliat,
3446 1309 3604 1349 acer-

2000 1389 2283 1444 bissimum
2318 1397 2500 1444 autem
2529 1399 2585 1444 et
2612 1388 3149 1444 calamitosissimum
3179 1404 3287 1443 nun
3323 1388 3601 1442 immerito

2000 1483 2199 1548 fuerit,
2244 1485 2544 1539 viventium
2586 1492 2641 1538 et.
2683 1485 2947 1539 stantium
2992 1485 3171 1537 adhuc
3215 1497 3409 1537 carnes
3447 1483 3602 1537 tabe-

1999 1592 2189 1644 scere;
2224 1587 2279 1633 et
2316 1577 2571 1634 excidere
2610 1577 2830 1643 oculos,
2865 1586 2919 1632 et
2954 1577 3131 1647 puniri
3173 1577 3408 1646 linguas.
3444 1574 3599 1629 Talia

1999 1679 2180 1725 autem
2211 1668 2323 1724 Deo
2352 1684 2574 1724 exosam
2608 1679 2665 1725 et
2693 1670 3085 1723 exsecrandum
3113 1669 3282 1720 vitam
3314 1676 3599 1721 consecta-

1997 1765 2070 1819 tis
2095 1775 2357 1819 eventura
2389 1763 2681 1818 admodum
2712 1764 2881 1834 probe
2909 1763 3064 1816 dicit.
3090 1762 3260 1833 807
3288 1760 3601 1830 Reposcen-

1999 1866 2088 1913 tur
2117 1859 2262 1914 enim
2299 1873 2519 1928 poenas,
2557 1873 2666 1911 non
2701 1856 2873 1911 solum
2909 1872 3100 1911 eorum
3136 1871 3258 1923 quas
3290 1855 3343 1908 in
3380 1862 3599 1908 sanctos

1994 1952 2423 2016 commiserunt,
2466 1952 2559 2004 sed
2604 1951 2768 2003 etiam
2814 1950 2978 2004 studii
3027 1963 3210 2004 rerum
3253 1945 3595 2013 carnalium,

1993 2058 2101 2114 quo
2134 2044 2185 2098 in
2220 2044 2323 2098 hoc
2353 2041 2561 2096 mundo
2592 2040 2891 2112 ﬂagrarent
2927 2061 2941 2096 :
2971 2055 3093 2110 qua:
3128 2041 3257 2095 item
3293 2038 3398 2092 illis
3430 2050 3597 2093 causa

1993 2133 2097 2189 fuit
2135 2150 2233 2189 cur
2267 2149 2441 2205 neque
2479 2134 2638 2190 ﬁdem
2683 2135 3072 2198 admitterent,
3111 2147 3289 2201 neque
3335 2134 3596 2202 pietatem

1993 2225 2203 2291 colere,
2241 2234 2299 2278 et
2334 2224 2559 2296 gloriam
2594 2225 2720 2279 vitae
2757 2223 2809 2277 in
2849 2224 3068 2278 Christo
3105 2223 3331 2292 diligere
3366 2220 3591 2275 vellent.

1993 2317 2414 2373 Declinaverunt
2438 2317 2604 2383 enim,
2631 2327 2690 2371 ut
2715 2316 2850 2379 dixi,
2872 2316 2939 2370 ad
2967 2313 3237 2370 absurdas
3262 2313 3596 2383 voluptates,

1992 2414 2049 2460 et
2095 2420 2433 2475 quaecunque
2475 2406 2766 2470 videbant,
2815 2421 2913 2460 ore
2961 2404 3149 2459 hiante
3190 2402 3598 2473 quodammodo

1993 2499 2322 2567 appetebant
2357 2513 2421 2554 ac
2455 2498 2846 2569 deglutiebaut.
2881 2497 3165 2552 Acueruut
3197 2497 3344 2551 enim
3383 2495 3598 2564 linguas

1992 2604 2184 2650 contra
2219 2594 2537 2660 Christum,
2574 2602 2630 2649 et
2662 2608 2819 2648 sacra
2853 2592 3111 2647 Ecclesiae
3144 2591 3398 2660 dogmata
3434 2587 3599 2659 impie

1993 2696 2341 2756 carpserunt.
2365 2686 2495 2741 Jure
2522 2688 2688 2755 igitur
2711 2686 2766 2741 in
2794 2699 2981 2749 carne,
3004 2692 3060 2738 et
3088 2682 3284 2748 oculis,
3313 2692 3367 2736 et
3395 2680 3598 2752 linguis

1992 2793 2212 2848 ptenam
2257 2788 2637 2847 susceperunt.
2683 2778 3156 2845 Quemadmodum
3203 2774 3351 2829 enim
3399 2788 3595 2840 aquam

1990 2872 2394 2943 redargutionis
2426 2874 2621 2929 bibens
2656 2871 2874 2937 mulier,
2914 2880 2969 2925 et
3001 2867 3257 2939 pejerans
3295 2868 3348 2920 in
3386 2864 3597 2919 feruore

1988 2966 2336 3036 puniehatur,
2363 2965 2453 3020 ubi
2482 2974 2538 3019 et
2566 2965 2774 3019 crimen
2805 2961 3187 3017 fornicationis
3208 2957 3595 3025 committitur;

1987 3059 2064 3113 ait
2089 3060 2355 3129 siquidem
2384 3076 2398 3113 :
2433 3076 2452 3110 ι
2482 3058 2787 3126 Rumpetur
2806 3065 2864 3111 et
2886 3055 3101 3110 decidet
3128 3052 3307 3106 femur
3328 3049 3448 3119 ejus
3465 3048 3538 3113 ",
3570 3067 3590 3100 ι

1994 3152 2209 3218 eodem,
2246 3153 2460 3222 opinor,
2505 3151 2665 3205 modo
2703 3158 2759 3205 et
2802 3156 3047 3204 sanctam
3087 3145 3368 3200 civitatem
3413 3155 3600 3212 perse-

270 3242 500 3313 Ὠσπερ
538 3241 650 3312 γὰρ
675 3242 707 3313 ἡ
735 3241 793 3294 τὸ
823 3239 969 3312 ὕδωρ
1018 3240 1114 3295 τοῦ
1155 3239 1392 3311 ἐλεγμοῢ
1446 3238 1679 3295 πίνουσα
1712 3238 1850 3309 γυνὴ
1871 3282 1885 3304 ,

1997 3244 2286 3314 quentibus
2315 3244 2367 3297 in
2400 3256 2599 3308 carne,
2625 3250 2681 3297 et
2709 3240 2911 3305 oculis,
2943 3247 2998 3294 et
3028 3236 3233 3308 linguis
3261 3233 3593 3305 supplicium

269 3335 372 3388 καὶ
396 3332 725 3405 ψευσαμένη
747 3333 839 3387 τὸν
866 3333 1052 3406 ὅρκον,
1086 3334 1168 3396 είς
1203 3332 1378 3404 μηρὸν
1404 3331 1718 3397 ἐκολάζετο,
1754 3336 1887 3406 περὶ

267 3425 334 3480 ὃν
380 3425 633 3495 γίνονται
680 3426 775 3478 καὶ
831 3424 902 3478 τὰ
948 3426 1015 3478 ἐκ
1065 3423 1170 3494 τῆς
1223 3422 1486 3495 πορνείας
1526 3424 1886 3497 ἐγκλήματα,

275 3533 296 3566 ι
341 3513 720 3587 Πρισθήσεται
749 3512 879 3585 γάρ,
911 3513 1069 3586 φησὶ,
1099 3515 1196 3567 καὶ
1226 3514 1571 3570 διαπεσεῖται
1623 3516 1653 3568 ό
1715 3518 1891 3589 μηρὸς

1996 3335 2354 3404 irrogabitur,
2390 3348 2557 3405 penes
2590 3348 2729 3405 quos
2759 3346 3002 3387 amorem
3039 3328 3224 3384 carnis
3258 3336 3316 3382 et
3347 3325 3599 3393 volupta-

2002 3428 2102 3493 tis,
2137 3437 2192 3482 et
2225 3427 2452 3497 insuper
2482 3424 2768 3482 oculorum
2805 3423 3035 3491 delicta,
3071 3429 3125 3477 et
3161 3420 3362 3490 linguae
3399 3418 3601 3474 intem.

1999 3519 2246 3588 perantis
2275 3533 2439 3575 voces
2469 3518 2655 3573 videre
2688 3525 2795 3573 est.

268 3607 477 3679 αὐτ-ἦς’
504 3626 525 3660 ι
558 3606 702 3661 κατὰ
729 3607 822 3662 τὸν
854 3605 992 3672 ἴσον,
1023 3603 1203 3679 οἴμαι,
1258 3608 1462 3679 τρόπον
1506 3609 1603 3662 καὶ
1669 3613 1784 3674 τοῖς
1816 3610 1918 3683 τὴν
1957 3612 2124 3681 ἁγίαν
2144 3610 2404 3666 διώκουσι
2459 3612 2639 3675 πόλιν,
2683 3611 2766 3675 εἰς
2798 3608 3013 3679 σάρκας
3043 3623 3105 3661 τε
3144 3606 3241 3660 καὶ
3262 3602 3600 3673 ὀφθαλμοὺς,

273 3701 375 3755 καὶ
443 3698 703 3770 γλώσσας
758 3702 791 3772 ή
848 3701 1073 3766 κόλασις
1099 3719 1114 3733 ο
1177 3702 1510 3775 φιλοσαρκία
1566 3704 1677 3777 γὰρ
1720 3705 1925 3774 αὐτοῖς,
1999 3708 2308 3779 ἡδυπάθεια
2365 3724 2428 3761 τε
2474 3706 2615 3779 πρὸς
2665 3703 2918 3772 τούτοις,
2977 3703 3075 3775 καὶ
3107 3704 3174 3756 δι’
3231 3698 3502 3771 ὀμμάτων
3532 3696 3603 3751 τά

271 3793 613 3865 ἐγκλήματα
632 3832 650 3859 ,
679 3794 776 3848 καὶ
802 3793 1137 3849 ἀπαιδεύτου
1167 3793 1419 3868 γλώττης
1458 3797 1653 3865 φωναί.

346 3891 464 3945 Καὶ
500 3889 675 3944 ἔσται
712 3890 784 3944 ἐν
810 3888 887 3960 τῇ
937 3890 1132 3960 ἡμέρᾳ
1171 3891 1378 3961 ἐκείνῃ
1428 3893 1724 3961 ἔκστασις
1765 3898 1886 3949 Κυ-

262 3984 413 4056 ρίου
431 3984 671 4054 μεγάλη
697 3981 790 4037 ἐπ’
813 3986 1061 4050 αὐτούς.
1089 3985 1198 4039 Kal
1225 3984 1594 4054 ἐπιλήψεται
1627 3986 1889 4054 ἕκαστος

268 4077 391 4147 τῆς
434 4075 642 4147 χειρὸς
676 4075 784 4131 τοῦ
817 4078 1092 4145 πλησίον
1123 4076 1336 4144 αὑτοῦ,
1378 4077 1477 4132 καὶ
1518 4078 1889 4148 συμπλακῆ-

269 4188 453 4227 σεται
486 4171 528 4240 ἡ
566 4168 699 4240 χεὶρ
732 4170 921 4225 αὑτοῦ
961 4170 1114 4240 πρὸς
1142 4170 1314 4240 χεῖρα
1349 4170 1456 4226 τοῦ
1488 4172 1761 4240 πλησίον
1785 4175 1893 4229 αὐ-

270 4264 410 4322 τοῦ.
438 4263 552 4319 Καὶ
582 4266 616 4318 ό
652 4262 878 4330 Ἰούδας
923 4263 1331 4332 παρατάξεται
1368 4264 1439 4318 ἐν
1470 4265 1887 4337 Ἰερουσαλὴμ,

272 4357 381 4411 καὶ
430 4354 693 4421 συνάξει
733 4356 851 4424 τὴν
894 4357 1081 4426 ἰσχὺν
1113 4355 1360 4411 πάντων
1394 4355 1515 4411 τῶν
1564 4357 1734 4412 λαῶν
1786 4375 1892 4413 κυ-

272 4452 510 4504 κλόθεν
536 4449 820 4519 χρυσίον,
857 4447 957 4502 καὶ
983 4448 1292 4519 ἀργύριον,
1320 4449 1420 4504 καὶ
1449 4450 1775 4521 ἱματισμὸν
1802 4451 1892 4517 εις

273 4540 521 4611 πλῆθος
547 4540 807 4611 σφόδρα.

2075 3890 2239 3944 Vsus.
2277 3887 2376 3952 l5,
2414 3887 2503 3942 14.
2538 3884 2606 3939 Et
2640 3884 2737 3939 erit
2774 3882 2830 3936 in
2865 3882 2953 3936 die
2985 3880 3080 3934 illa
3115 3877 3343 3933 natast“:
3381 3877 3598 3935 Domini

1996 4000 2189 4054 magna
2215 3996 2372 4051 super
2390 3996 2499 4034 eos.
2524 3977 2592 4033 Et
2619 3974 2969 4048 appiehendet
2998 3972 3358 4043 unusquisque
3378 3988 3599 4025 manum

1997 4076 2227 4148 proximi
2261 4074 2380 4140 sui,
2416 4082 2463 4127 et
2504 4068 2865 4141 implicabitur
2896 4084 3088 4121 manus
3125 4065 3239 4136 ejus
3274 4065 3343 4119 ad
3378 4081 3595 4119 utanum

1998 4167 2231 4239 proximi
2259 4167 2365 4221 sui.
2394 4162 2463 4218 Et
2486 4162 2659 4218 ludas
2684 4159 2936 4230 pugnabit
2965 4159 3020 4211 in
3045 4156 3367 4221 Jerusalem,
3392 4164 3443 4210 et
3466 4171 3586 4210 con-

1998 4262 2232 4334 gregabit
2263 4262 2424 4314 robur
2447 4259 2682 4311 onmium
2708 4255 3023 4325 populorum
3051 4265 3144 4321 per
3165 4250 3469 4313 circuitum,
3495 4265 3601 4303 au-

2000 4372 2117 4410 rum
2145 4364 2191 4409 et
2222 4364 2523 4423 argentum,
2551 4361 2597 4404 et
2631 4357 2816 4404 restem
2844 4345 2898 4400 in
2925 4343 3320 4399 multitudinem
3350 4342 3521 4399 valde.

351 4633 477 4688 P9.
522 4633 825 4688 Ἐκστασιν
866 4635 925 4687 ἐν
961 4633 1173 4698 τούτοις
1207 4632 1298 4687 τὸν
1340 4632 1526 4703 φόϐον,
1572 4633 1742 4706 ἤγουν
1789 4633 1891 4707 τὴν

2070 4636 2205 4694 CIX.
2247 4635 2521 4691 Exstasim
2555 4633 2660 4689 hoc
2695 4631 2813 4686 loco
2845 4629 3130 4695 timorem,
3168 4627 3284 4682 sive
3318 4635 3599 4696 stuporem

271 4723 629 4797 κατάπληξιν
679 4723 942 4796 ὀνομάζει
1001 4725 1187 4780 πάλιν.
1242 4726 1382 4779 Κατ’
1437 4725 1618 4779 ἐκεῖνο
1658 4724 1725 4797 δὴ
1772 4720 1889 4790 οὖν,

272 4820 438 4891 φησι,
469 4817 567 4873 τοῦ
602 4817 825 4889 καιροῦ,
859 4818 983 4873 καθ’
1012 4818 1071 4872 δν
1106 4818 1173 4873 ἂν
1203 4816 1468 4890 ἀλλήλους
1498 4817 1814 4890 ἀθροίσειαν
1841 4820 1890 4873 οι

270 4910 381 4981 τῆς
416 4908 746 4981 Ἐκκλησίας
772 4909 980 4981 ἐχθροὶ,
1021 4912 1146 4975 ταῖς
1172 4908 1316 4964 οὕτω
1335 4910 1536 4975 δειναῖς
1558 4910 1893 4965 ὑποπίπτον-

271 5021 380 5068 τας
429 5003 647 5069 δίκαις,
711 5004 1234 5075 καταπλαγήσονται
1294 5004 1394 5074 μὲν
1442 5005 1558 5068 τοῖς
1609 5002 1888 5074 δείμασιν,

270 5099 516 5169 ἀφέντες
552 5098 612 5152 δὲ
655 5097 801 5153 οὕτω
838 5098 1027 5153 λοιπὸν
1076 5099 1139 5153 τὸ
1170 5097 1389 5153 διώκειν
1426 5097 1743 5169 ἀποτολμᾷν
1787 5097 1891 5172 τὴν

272 5193 446 5263 ἁγίαν
482 5192 661 5259 πόλιν,
692 5195 1004 5265 οἰχήσονται
1045 5194 1145 5265 μὲν
1186 5192 1445 5261 φυγάδες,
1479 5192 1577 5246 καὶ
1619 5191 1720 5255 τὰς
1758 5191 1889 5263 παρ’

272 5285 535 5358 ἀλλήλων
561 5284 956 5359 ἐπιζητοῦντες
995 5286 1273 5357 ἀνονήτως
1307 5283 1652 5355 ἐπικουρίας,
1680 5284 1891 5356 οἰκτροί

272 5398 335 5434 τε
370 5379 616 5445 ἑσονται,
646 5379 741 5434 καὶ
768 5379 1224 5452 κατερῤιμμένοι,
1249 5376 1344 5430 καὶ
1369 5376 1475 5430 ὑπὸ
1502 5376 1671 5439 πόδας
1697 5376 1889 5443 ἁγίων.

286 5474 351 5527 '0
397 5472 460 5526 δέ
497 5489 563 5542 γε
596 5471 838 5538 Ἰούδας,
871 5471 1039 5542 φησὶ,
1086 5471 1385 5534 τουτέστιν,
1431 5470 1481 5521 οἱ
1523 5467 1611 5522 διά
1658 5468 1902 5533 πίστεως,

271 5569 381 5641 τῆς
409 5569 491 5633 εἰς
523 5566 763 5640 Χριστὸν
794 5564 1231 5636 δεδικαιωμένοι,
1259 5564 1358 5617 καὶ
1388 5561 1480 5617 τὸν
1514 5560 1705 5632 νοητὸν
1736 5578 1896 5631 περι-

275 5664 550 5735 φέροντες
590 5659 886 5723 Ἰουδαῖον,
930 5659 1028 5712 κα)⁸
1079 5658 1181 5727 τὴν
1224 5657 1283 5709 ἐν
1317 5654 1597 5726 Πνεύματι
1634 5653 1713 5725 τῷ
1754 5654 1896 5727 ἁγίῳ

276 5749 594 5826 περιτομὴν
640 5749 1085 5821 πλουτήσαντες,
1137 5747 1549 5819 παρατάξονται
1595 5748 1652 5801 ὲν
1695 5746 1897 5817 Ἰερου-

349 5933 399 5967 ⁹¹
440 5930 604 5988 Num.
633 5946 688 5998 ν,
715 5931 805 5985 21.
886 5930 931 5960 ’³
957 5927 1115 5982 Rotn.
1156 5942 1212 5992 ιι,
1249 5924 1335 5981 εἶθ.

2001 4747 2222 4787 rursum
2256 4728 2513 4799 appellat.
2541 4725 2640 4781 lllo
2670 4733 2917 4792 tempore
2948 4722 3133 4792 igitur,
3168 4719 3369 4789 inquit,
3398 4732 3507 4788 quo
3540 4733 3599 4771 se

2001 4833 2193 4880 mutuo
2232 4820 2608 4892 aggregabunt
2648 4816 2906 4873 Ecclesiae
2953 4814 3141 4869 hostes
3187 4823 3296 4867 tam
3338 4812 3599 4882 gravibus

1999 4912 2181 4986 pt‘enis
2208 4910 2472 4976 irretitos,
2499 4909 2888 4976 obstupescent
2915 4904 2988 4958 illi
3016 4904 3237 4974 quidem
3268 4902 3597 4969 terroribus,

2001 5006 2193 5062 relicta
2232 5014 2414 5059 autem
2451 5003 2518 5058 de
2554 5008 2755 5056 caetero
2790 4998 3017 5054 audacia
3058 4997 3422 5067 persequendi
3467 5012 3598 5052 sau-

2001 5108 2146 5154 ctam
2187 5096 2486 5161 civitatem,
2530 5093 2789 5150 recedent
2828 5091 3068 5155 exsules,
3110 5099 3165 5145 et
3208 5091 3411 5145 l'rustra
3458 5089 3600 5143 inter

2000 5205 2061 5247 se
2092 5188 2293 5245 auxilia
2320 5185 3050 5258 poscent,‘miserabilesque
3076 5190 3259 5246 erunt,
3293 5190 3347 5235 et
3376 5179 3598 5250 abjecti,

2001 5293 2057 5339 et
2083 5290 2403 5338 sanctorum
2433 5279 2664 5351 pedibus
2692 5277 2947 5348 subjecti.
2972 5273 3140 5331 Judas
3168 5282 3372 5335 autem,
3401 5272 3596 5341 inquit,

2002 5370 2108 5433 hoc
2130 5380 2234 5438 est,
2262 5386 2360 5443 per
2385 5371 2544 5426 [idem
2571 5370 2623 5424 in
2649 5369 2927 5425 Christum
2948 5365 3250 5438 iustificati,
3276 5374 3330 5418 et
3353 5361 3597 5417 Judazum

2002 5480 2165 5537 quem
2193 5474 2373 5520 mente
2400 5459 2697 5527 intuemur,
2725 5460 3200 5521 circumferentes,
3227 5463 3284 5511 et
3309 5455 3595 5510 circumci-

2003 5558 2159 5614 sione
2196 5556 2469 5629 spirituali
2503 5556 2702 5611 divites
2717 5555 2789 5620 ³³,
2825 5551 3138 5624 pugnabunt
3170 5548 3225 5604 in
3259 5545 3594 5613 Jerusalem,

2005 5651 2108 5705 hoc
2141 5658 2245 5716 est,
2279 5647 2670 5719 Oppugnabunt
2705 5645 2910 5708 hostes,
2944 5649 3001 5697 et
3034 5638 3365 5695 adversariis
3397 5637 3599 5692 virtute

2004 5741 2401 5812 praevalebunt,
2441 5737 2829 5795 conculcautes
2861 5749 2955 5791 eos
2990 5742 3049 5788 ut
3085 5731 3430 5801 scorpiones,
3470 5746 3493 5783 ι
3533 5727 3595 5784 Et
