4098 6466
559 412 671 472 263

1565 403 1623 461 S.
1663 404 1936 461 εγιιιιιι
1973 401 2444 459 ,ιιΕΧΑΝοιιιΜ
2483 398 2804 456 ARCIIIEP.

3741 399 3845 459 ΞΜ

556 538 724 595 super
741 521 984 593 aspidem
1008 535 1074 576 ac
1095 519 1407 576 basiliscum
1433 520 1798 584 ambulantes.
1823 520 2138 587 leonemque

2246 515 2466 588 σαλὴμ,
2512 516 2798 579 τουτέστι,
2845 514 3416 586 καταστρατεύσονται
3449 511 3559 567 τῶν
3609 513 3844 585 ἐχθρῶν,

556 625 615 671 et
648 618 942 671 draconem
962 613 1010 647 "
1049 633 1069 665 ι
1109 628 1335 682 prorsus
1372 622 1804 668 contenmeutes.
1844 612 2014 665 Erunt
2050 625 2148 663 au-

559 720 668 764 tem
714 708 953 763 illustres
996 720 1052 763 et
1097 706 1477 766 admirabiles.
1517 705 1687 775 808
1726 720 1794 759 es
1840 702 2145 758 istiusmodi

560 801 837 868 pmlaris
876 798 1209 854 facinoribus
1251 798 1567 850 thesaurum
1612 808 1670 852 ut
1710 812 1929 860 aurum,
1964 804 2022 849 et
2058 809 2148 848 ar-

559 902 780 959 gentum
796 931 812 956 ,
836 901 891 945 et
914 902 1113 945 vestem
1139 892 1431 961 pretiosam
1462 891 1797 961 colligentes.
1824 889 1976 955 Quod
1999 889 2145 942 enim

561 984 859 1052 preplietia:
887 984 1155 1037 sententia
1188 999 1292 1037 non
1325 985 1396 1037 sit
1425 985 1476 1036 in
1511 985 1576 1037 iis
1606 998 1727 1052 qua;
1763 997 1985 1037 sensum
2017 996 2145 1036 cor-

562 1074 714 1143 poris
752 1082 998 1142 tangunt,
1034 1083 1243 1128 certum
1279 1084 1384 1128 est.
1419 1073 1629 1128 Divitiae
1664 1088 1896 1141 namque
1927 1085 2147 1126 sancto-

558 1178 680 1216 rum
728 1178 832 1217 non
878 1173 1006 1217 sunt
1053 1164 1295 1218 interitui
1341 1164 1590 1219 obnoxiae
1633 1176 1688 1217 et
1732 1172 2001 1227 terrente;
2050 1162 2145 1218 sed

558 1268 679 1323 qua:
731 1254 1101 1324 intelliguntur
1141 1264 1385 1318 tantmn,
1430 1263 1486 1308 et
1533 1254 1787 1309 ctelestes
1835 1268 1898 1306 ac
1946 1252 2146 1321 sempi-

563 1358 765 1410 ternae,
798 1362 935 1416 quas
967 1347 1253 1402 animabus
1284 1348 1397 1401 suis
1426 1355 1761 1416 congregant
1790 1346 1881 1415 qui
1916 1346 2143 1407 docent,

559 1451 617 1495 et
648 1441 771 1494 aliis
806 1441 1109 1494 rationibus
1145 1441 1197 1493 in
1236 1440 1474 1495 Ecclesia
1508 1440 1842 1493 clarescunt.
1880 1437 2147 1505 Diripiunt

559 1534 705 1588 enim
743 1534 1146 1600 quodammodo
1183 1533 1349 1586 robur
1383 1531 1626 1586 omnium
1663 1531 1979 1599 pepulerunt
2002 1570 2016 1593 ,
2053 1543 2148 1597 per

562 1623 722 1676 Iidem
750 1623 815 1674 ad
842 1620 1120 1675 Christum
1148 1630 1336 1690 gentes
1362 1621 1662 1689 praecipuas
1687 1620 2038 1674 adducentes.
2056 1618 2148 1671 Sic

559 1714 706 1769 enim
733 1725 785 1768 et
820 1714 931 1783 ipse
961 1713 1096 1767 dixit
1125 1728 1184 1767 se
1215 1712 1506 1783 diripuisse
1534 1728 1662 1767 vasa
1691 1712 1934 1766 fortis”.
1993 1710 2146 1778 Quod

559 1806 605 1858 si
635 1805 757 1872 quis
786 1805 929 1858 dicat
965 1800 1160 1858 Judam
1193 1819 1524 1875 congregare
1556 1804 1719 1859 robur
1775 1804 2016 1858 omnium
2045 1818 2143 1871 po-

2249 606 2797 661 κατανεανιεύσονται
2823 606 2931 659 τῶν
2963 596 3397 675 ἀνθεστηκδτων,
3430 605 3848 675 συμπατοῦντες

2246 698 2323 762 ὡς
2363 700 2693 771 σκορπίους,
2734 718 2753 751 ι
2799 699 2916 753 Ἐπ’
2954 699 3185 761 ἀσπίδα,
3231 696 3329 752 καὶ
3374 698 3686 769 βασιλίσκον
3722 700 3848 753 ἐπι·

2248 790 2547 855 ϐαίνοντες,
2578 791 2791 855 λέοντός
2821 808 2882 844 τε
2912 792 3007 844 καὶ
3036 790 3326 861 δράκοντος
3354 810 3373 842 i
3409 793 3490 854 είς
3521 791 3666 844 ἆπαν
3692 794 3853 863 ηφει-

2247 881 2495 953 δηκότες.
2530 883 2786 936 Ἔσονται
2825 882 2883 936 δὲ
2916 882 3201 954 λαμπροὶ,
3246 883 3343 936 καὶ
3376 882 3805 954 ἀξιοθαύμαστοι
3828 925 3843 949 ,

2247 974 2339 1027 τὸν
2385 976 2450 1027 ἐκ
2496 975 2604 1028 τῶν
2654 975 2917 1029 τοιούτων
2986 974 3432 1047 κατορθωμάτων
3492 975 3846 1042 συλλέγοντες

2248 1066 2480 1120 πλοῦτον
2515 1068 2590 1131 ὡς
2629 1069 2876 1138 χρυσίον,
2922 1068 3018 1121 καὶ
3060 1067 3347 1139 ἀργύριον,
3394 1068 3489 1119 κα)⁵
3525 1066 3841 1136 ἱματισμόν.

2250 1158 2374 1212 Ὅτι
2401 1160 2510 1229 γὰρ
2537 1160 2637 1213 οὐκ
2666 1160 2722 1212 ἐν
2760 1177 2824 1229 γε
2857 1162 2968 1224 τοῖς
3000 1160 3279 1229 αἰσθητοῖς
3307 1159 3406 1227 τῆς
3448 1163 3785 1229 προφητείας
3814 1160 3846 1213 6

2247 1251 2406 1316 νοῦς,
2448 1251 2566 1315 πῶς
2608 1251 2674 1305 ἂν
2725 1253 3018 1306 ἐνδοιάσειέ
3058 1252 3438 1316 τιςςΙῖλοῦτος
3480 1253 3591 1322 γὰρ
3645 1252 3841 1319 ἁγίων,

2247 1345 2344 1414 οὐχ
2373 1346 2402 1398 ὁ
2438 1344 2678 1415 φθαρτὸς
2713 1346 2807 1398 καὶ
2841 1345 3104 1413 ἐπίγειος,
3137 1346 3252 1399 ἀλλ’
3276 1346 3305 1398 ὁ
3337 1345 3528 1415 νοητὸς
3557 1345 3653 1398 καὶ
3680 1346 3848 1397 ἐπου-

2248 1434 2433 1505 ράνιος
2482 1435 2578 1486 καὶ
2621 1435 2899 1506 διηνεκὴς,
2948 1436 3008 1489 ὃν
3048 1434 3429 1505 συναγείρουσι
3464 1437 3584 1498 ταῖς
3630 1434 3843 1487 ἑαυτῶν

2244 1528 2446 1597 ψυχαῖς
2478 1529 2527 1580 οἱ
2567 1528 2911 1591 meamne,-
2948 1546 3007 1582 τε
3050 1530 3146 1583 καὶ
3192 1528 3314 1583 καθ’
3355 1529 3572 1601 ἐτέρους
3603 1528 3845 1600 τρόπους

2246 1620 2656 1690 εὐδοκιμοῦντες
2680 1623 2737 1673 ἐν
2775 1620 3087 1693 Ἐκκλησία.
3116 1620 3485 1692 Διαρπάζουσι
3516 1621 3625 1692 γάρ
3650 1621 3844 1692 ῶσπερ

2245 1710 2345 1781 τὴν
2392 1712 2545 1781 ἰσχὺν
2597 1713 2816 1764 πάντων
2865 1711 2974 1764 τῶν
3009 1710 3172 1778 λαῶν,
3207 1712 3573 1783 προσάγοντες
3617 1709 3706 1763 διὰ
3750 1711 3844 1762 πί-

2249 1819 2419 1867 στεως
2452 1802 2531 1873 τῷ
2563 1803 2785 1875 Χριστῷ
2817 1805 2884 1859 τά
2917 1801 3168 1875 ἐξαίρετα
3191 1804 3302 1857 τῶν
3329 1803 3519 1859 ἐθνῶν.
3546 1802 3705 1856 Οὕτω
3730 1802 3843 1873 γάρ

560 1896 807 1965 palorum
843 1895 896 1949 in
930 1896 1187 1960 circuitu,
1222 1911 1441 1962 aurum,
1478 1905 1788 1965 argentum,
1823 1906 2051 1959 vestem,
2088 1903 2138 1949 ut

2249 1893 2352 1964 ἔφη
2394 1895 2487 1947 καὶ
2535 1894 2699 1958 αὐτὸς
2732 1894 3097 1967 διηρπακέναι
3132 1895 3204 1949 τὰ
3251 1894 3422 1966 σκεύη
3460 1893 3553 1947 τοῦ
3593 1892 3838 1966 ἰσχυροῦ.

560 1987 927 2057 intelligamus
958 1990 1124 2042 etiam
1162 1991 1488 2043 mundanam
1526 1989 1852 2059 sapientiam
1882 1988 2146 2057 colligen-

561 2089 675 2143 tes,
721 2079 1024 2133 claritatem
1074 2080 1311 2135 nominis
1359 2080 1624 2150 adipisci,
1665 2082 1791 2134 dum
1837 2094 1934 2150 per
1976 2080 2146 2149 ipsam

559 2171 813 2241 dogmata
858 2172 1078 2240 pietatis
1122 2181 1344 2226 tuentur
1372 2187 1437 2226 ac
1472 2171 1799 2237 defendunt,
1834 2170 2146 2226 verisimilia

559 2262 776 2316 sentiet.
813 2262 1199 2329 Spoliaverunt
1232 2263 1379 2318 enim
1413 2264 1542 2317 olim
1568 2261 1857 2333 Egyptios
1893 2264 2148 2317 mulieres

559 2354 835 2423 sapientes
875 2354 1229 2421 Israelitides,
1270 2371 1301 2410 a
1345 2356 1537 2411 vicinis
1574 2365 1633 2410 et
1671 2355 2148 2410 contubernalibus

560 2451 676 2502 suis
704 2463 835 2502 vasa
871 2464 1034 2504 aurea
1073 2459 1129 2504 et
1162 2460 1439 2521 argentea,
1473 2459 1528 2505 et
1559 2461 1764 2505 vestem
1802 2452 2142 2506 mutuam”.

560 2541 749 2608 Itaque
778 2549 836 2594 ut
866 2541 919 2594 in
952 2542 1018 2596 iis
1045 2558 1166 2611 qua:
1198 2545 1334 2597 toris
1361 2545 1688 2608 sentiuntur,
1721 2554 1776 2598 et
1809 2552 1868 2597 ut
1897 2544 1950 2598 in
1983 2545 2145 2599 rebus

561 2634 664 2689 sub
691 2643 968 2703 aspectum
995 2637 1337 2691 venientibus
1362 2637 1615 2707 splendor
1641 2639 1905 2692 honorum
1933 2640 1999 2692 ad
2028 2641 2146 2691 ani-

565 2742 712 2781 mum
741 2728 1126 2796 pertinentium
1154 2730 1497 2799 exprimitur.
1526 2729 1805 2784 l’rimariae
1827 2740 2006 2784 autem
2032 2746 2146 2784 ma-

559 2819 850 2888 gistrorum
900 2821 1102 2876 divitia:
1152 2829 1283 2876 sunt
1328 2822 1602 2891 tliScipuli.
1648 2822 1883 2878 Proinde
1931 2824 2145 2879 divinus

559 2910 762 2967 Paulus
798 2928 891 2981 per
924 2914 1097 2983 ipsum
1135 2913 1373 2970 salvatos
1409 2925 1464 2970 et
1502 2915 1664 2971 iidem
1702 2917 2035 2985 amplexatos
2072 2918 2143 2971 ita

560 3004 936 3073 alloquebatur
967 3025 980 3060 :
1018 3024 1038 3058 ι
1076 3004 1177 3062 Per
1200 3006 1578 3076 gloriationem
1607 3020 1878 3075 vestram,
1909 3010 2139 3074 fratres,

557 3112 718 3165 quam
748 3098 923 3151 habeo
949 3097 998 3152 in
1025 3098 1243 3154 Christo
1265 3098 1393 3153 Jesu
1412 3101 1490 3166 ’7;
1522 3120 1541 3152 ι
1567 3111 1622 3156 et
1647 3117 1863 3158 rursum
1887 3118 2141 3158 coronam

558 3198 618 3243 et
647 3191 901 3260 gaudium
932 3206 1086 3246 suum
1114 3206 1210 3247 eos
1238 3193 1483 3248 nominat
1505 3194 1551 3222 ⁸³·

632 3452 793 3508 Vens;
826 3453 912 3509 15.
937 3451 1006 3510 Ει
1031 3455 1143 3510 lues
1171 3456 1268 3510 erit
1297 3456 1458 3511 ruina
1482 3472 1757 3528 eguerunt,
1780 3470 1825 3512 et
1854 3459 2137 3525 malorum,

555 3556 603 3598 et
635 3544 956 3599 camelorum
975 3585 991 3611 ,
1022 3556 1070 3600 et
1101 3549 1410 3611 asinorum,
1440 3557 1489 3603 et
1522 3550 1754 3603 ontuium
1777 3550 2139 3618 jumentorum

554 3654 671 3705 qua:
699 3648 819 3692 sunt
851 3638 908 3690 in
936 3638 1125 3692 castris
1157 3638 1263 3692 illis
1286 3638 1448 3707 juxta
1476 3642 1684 3694 ruinam
1715 3642 1871 3698 lianc.

623 3811 739 3869 CX.
792 3811 1088 3886 Postquam
1141 3815 1333 3870 modos
1373 3814 1484 3885 jam
1533 3818 1783 3875 vindicta:
1830 3821 2134 3891 descripsit,

555 3905 757 3971 quibus
783 3907 900 3961 suis
929 3907 1266 3976 temporibus
1292 3922 1691 3980 oppugnatores
1717 3924 1923 3970 sancta:
1946 3916 2139 3970 civita-

555 3998 650 4059 tis,
678 4007 1181 4065 persecutoresque,
1206 4008 1261 4053 et
1286 4001 1689 4070 contumeliosi,
1712 4013 1767 4058 et
1791 4007 2133 4072 exsecrandi,

553 4096 611 4140 et
639 4086 914 4155 scelerati,
945 4098 1000 4143 et
1035 4087 1318 4159 loquentes
1352 4091 1688 4160 iniquitatem
1721 4107 1909 4151 contra
1941 4097 2132 4163 Deum,

559 4195 581 4228 ι
611 4188 665 4232 et
691 4178 941 4232 tollentes
981 4178 1036 4231 in
1064 4180 1233 4233 altum
1255 4196 1447 4248 cornu,
1478 4201 1497 4233 ι
1521 4182 1672 4249 juxta
1698 4183 2041 4241 Psalmistam
2066 4188 2132 4252 θ’,

552 4270 775 4325 omnino
801 4271 1183 4340 subjicientur,
1208 4273 1359 4328 addit
1385 4275 1590 4332 utiliter
1619 4295 1635 4332 :
1668 4296 1686 4331 ι
1723 4279 2001 4345 Quoniam.
2020 4282 2135 4337 haec

552 4362 659 4416 erit
692 4362 844 4414 ruina
875 4375 1138 4429 equorum
1158 4404 1173 4429 ,
1199 4372 1254 4417 et
1283 4364 1574 4433 mulorum,
1606 4377 1662 4422 et
1688 4371 2051 4438 camelorum,
2079 4382 2132 4427 et

552 4453 851 4520 asinorum,
874 4466 931 4510 et
955 4457 1194 4512 omnium
1215 4458 1609 4527 jumentorum.
1641 4484 1662 4518 ι
1691 4467 1733 4520 A
1760 4467 2134 4539 subjugalibtts

2251 1985 2315 2040 Εἰ
2358 1987 2415 2040 δὲ
2452 1988 2517 2058 δή
2565 2004 2649 2051 τις
2690 1988 2838 2056 λέγοι
2885 1988 2976 2041 τὸν
3015 1987 3212 2042 Ἰούδαν
3247 1989 3498 2057 συνάγειν
3541 1988 3641 2058 τὴν
3687 1986 3845 2057 ἰσχὺν

2249 2080 2469 2134 πάντων
2512 2079 2623 2134 τῶν
2652 2079 2799 2134 λαῶν
2831 2080 3094 2135 κυκλόθεν
3136 2082 3381 2153 χρυσίον,
3427 2080 3523 2134 καὶ
3550 2080 3840 2152 ἀργύριον,

2248 2172 2345 2225 καὶ
2377 2172 2694 2243 ἱματισμὸν,
2726 2175 2812 2228 ἵνα
2843 2174 3053 2245 νοῶμεν
3081 2176 3163 2228 ὅτι
3194 2175 3287 2228 καὶ
3318 2175 3417 2247 τὴν
3442 2176 3502 2228 ὲν
3530 2177 3719 2247 κόσμῳ
3752 2190 3842 2227 σο-

2249 2265 2377 2332 φίαν
2410 2264 2758 2334 συλλέγοντες
2810 2265 3363 2338 καταλαμπρύνονται
3391 2265 3459 2318 δι’
3495 2265 3696 2339 αὐτῆς,
3727 2268 3842 2327 τοῖς

2247 2357 2345 2428 τῆς
2389 2357 2675 2421 εὐσεϐείας
2712 2358 3180 2429 ἐπαγωνιζόμενοι
3217 2358 3506 2429 δόγμασιν,
3558 2358 3673 2429 ἔχοι
3713 2357 3778 2412 ἂν
3811 2362 3842 2414 ὁ

2247 2449 2371 2512 νοῦς
2415 2449 2504 2502 τὸν
2555 2452 2743 2504 εἰκότα
2773 2450 2950 2520 λόγον.
2992 2449 3358 2504 Ἐσκύλευσαν
3395 2450 3504 2521 γάρ
3539 2467 3669 2502 ποτε
3712 2451 3841 2513 τοὺς

2245 2542 2581 2608 Αἰγυπτίους
2611 2543 2666 2594 αἱ
2705 2544 2868 2610 σοφαὶ
2902 2545 3159 2611 γυναῖκες
3192 2543 3299 2597 τῶν
3332 2543 3390 2609 ἐξ
3427 2541 3661 2614 Ἰσραὴλ,
3704 2558 3844 2613 χρη-

2248 2634 2481 2703 σάμεναι
2514 2634 2663 2702 παρὰ
2718 2634 2959 2701 γείτονος
3005 2636 3098 2687 καὶ
3132 2635 3403 2707 συσκήνου
3447 2633 3626 2686 αὐτῶν
3665 2633 3840 2703 σκεύη

2247 2728 2446 2795 χρυσᾶ.
2476 2727 2569 2779 καὶ
2596 2727 2835 2799 ἀργυρᾶ,
2870 2728 2965 2781 καὶ
2997 2730 3310 2798 ἱματισμόν.
3342 2728 3551 2781 Οἰκοῦν
3586 2726 3659 2790 ὠς
3689 2726 3746 2779 ἓν
3774 2744 3838 2795 γε

2244 2819 2355 2878 τοῖς
2413 2816 2692 2887 αἰσθητοῖς
2731 2819 2828 2871 καὶ
2866 2818 2942 2883 ὡς
2986 2821 3044 2872 ὲν
3078 2820 3231 2883 ὖλαις
3264 2822 3381 2883 ταῖς
3426 2820 3766 2890 ὁρωμέναις,
3805 2820 3841 2890 ἡ
3922 2858 3934 2870 .

2244 2908 2354 2961 τῶν
2394 2910 2475 2973 είς
2513 2910 2638 2965 νοῦν
2678 2911 2900 2979 ἀγαθῶν
2929 2912 3252 2984 λαμπρότης
3296 2913 3642 2982 σημαίνεται.
3679 2910 3843 2964 Διδα-

2248 2999 2461 3051 σκάλων
2501 2999 2560 3052 δὲ
2606 3001 2840 3072 μάλιστα
2875 3002 3105 3067 πλοῦτος
3146 3006 3195 3056 οἱ
3241 3001 3502 3074 μαθηταί.
3548 3003 3658 3056 Καὶ
3704 3001 3843 3070 γοῦν

2243 3093 2271 3144 ὁ
2298 3091 2584 3157 θεσπέσιος
2613 3095 2826 3159 Παῦλος
2860 3100 2973 3160 τοῖς
3005 3096 3072 3149 δι’
3111 3096 3276 3149 αὑτοῦ
3311 3095 3706 3166 σεσωσμένοις,
3742 3096 3846 3149 καί⁵

2245 3187 2635 3239 πεπιστευκόσι
2669 3187 3009 3258 προσεφώνει
3038 3188 3211 3255 λέγων
3230 3204 3244 3217 ο
3276 3208 3293 3238 ι
3324 3188 3408 3259 Νη
3435 3190 3531 3259 τὴν
3562 3188 3841 3259 ὑμετέραν

2246 3275 2537 3347 καύχησιν,
2571 3277 2813 3346 ἀδελφοὶ,
2845 3279 2912 3349 ἢν
2946 3278 3050 3349 ἔχω
3082 3280 3138 3331 ἐν
3166 3280 3386 3349 Χριστῷ
3423 3279 3617 3350 Ἰησοῦο
3649 3299 3669 3331 ι
3715 3281 3842 3333 στέ-

2243 3372 2410 3437 φανόν
2431 3386 2491 3421 τε
2523 3370 2615 3424 καὶ
2642 3371 2816 3441 χαράν
2842 3370 3040 3434 αὐτοὺς
3067 3372 3201 3424 ίδίαν
3223 3372 3477 3442 ὀνομάζει
3507 3372 3690 3425 πάλιν.

2313 3459 2423 3514 Καὶ
2460 3459 2613 3528 αὕτη
2643 3459 2816 3514 ἔσται
2845 3460 2883 3527 ἠ
2916 3460 3145 3527 πτῶσις
3180 3460 3300 3513 τῶν
3329 3461 3548 3524 ἵππων,
3586 3462 3682 3516 καί
3719 3459 3845 3516 τῶν

2241 3551 2527 3619 ἡμιόνων,
2566 3550 2667 3604 καὶ
2706 3550 2826 3604 τῶν
2860 3551 3165 3622 καμήλων,
3207 3552 3305 3605 καὶ
3352 3551 3472 3605 τῶν
3513 3552 3689 3617 ὄνων,
3734 3556 3839 3606 καὶ

2240 3642 2481 3697 πάντων
2515 3642 2638 3697 τῶν
2684 3645 2922 3713 κτηνῶν
2964 3643 3084 3699 τῶν
3115 3645 3306 3700 ὄντων
3339 3647 3408 3700 ἐν
3442 3645 3570 3713 ταῖς
3608 3662 3840 3716 παρεμ-

2241 3733 2448 3799 ϐολαῖς
2474 3734 2735 3802 ἐκείναις
2766 3736 2916 3789 κατὰ
2946 3735 3060 3805 τὴν
3088 3736 3322 3791 πτῶσιν
3349 3739 3595 3806 ταύτην.

2307 3822 2413 3878 Pl'.
2469 3824 2822 3897 Ὀρισάμενος
2852 3827 2951 3898 ἤδη
2986 3827 3086 3898 τῆς
3114 3831 3382 3901 τιμωρίας
3413 3833 3537 3894 τοὺς
3572 3830 3835 3902 τρόπους,

2236 3914 2330 3980 οὓς
2370 3917 2549 3986 πάντη
2586 3934 2646 3971 τε
2686 3919 2782 3973 καὶ
2813 3920 3031 3983 πάντως
3066 3920 3395 3990 ὑπομενοῦσι
3430 3922 3569 3975 κατὰ
3603 3924 3838 3996 καιροὺς

2236 4007 2284 4059 οἰ
2322 4005 2420 4076 τῆς
2448 4007 2610 4075 ἁγίας
2648 4008 2855 4072 πόλεως
2886 4012 3419 4081 κατεστρατευκότες
3454 4014 3742 4081 γεγονότες
3770 4032 3837 4069 τε

2236 4099 2484 4163 διῶκται,
2509 4101 2604 4155 καὶ
2637 4100 2909 4172 ὑϐρισταὶ,
2939 4101 3206 4175 βδελυροὶ,
3242 4106 3337 4158 καὶ
3370 4086 3832 4178 φιλεγκλήμονες,

2237 4194 2331 4246 καὶ
2372 4193 2657 4257 λαλοῦντες
2706 4195 2921 4249 ἀδικίαν
2969 4196 3110 4250 κατὰ
3149 4196 3308 4261 Θεοῦ,
3366 4218 3383 4250 ι
3414 4200 3737 4269 ἐπαίροντές
3769 4218 3835 4254 τε

2235 4287 2313 4348 είς
2361 4284 2491 4355 Enyo;
2526 4287 2587 4339 τὸ
2618 4286 2814 4357 κέρας,
2844 4305 2865 4339 ι
2905 4288 3045 4343 κατὰ
3078 4290 3176 4361 τὴν
3217 4291 3310 4346 τοῦ
3358 4292 3667 4357 Ψάλλοντος
3714 4312 3837 4365 φω-

2235 4378 2354 4447 νὴν,
2398 4377 2593 4445 ἐπάγει
2617 4378 2923 4449 χρησίμως,
2960 4398 2980 4433 ι
3011 4382 3134 4436 ’Ότι
3175 4382 3314 4455 αῦτη
3356 4384 3509 4438 ἔσται
3551 4387 3586 4458 η
3617 4386 3833 4451 πτῶσις

2234 4468 2344 4521 τῶν
2376 4468 2579 4535 ἵππων,
2607 4471 2703 4524 καὶ
2730 4470 2840 4523 τῶν
2868 4474 3128 4543 ἡμιόνων,
3155 4476 3248 4528 καὶ
3275 4475 3383 4529 τῶν
3409 4477 3695 4550 καμήλων,
3726 4481 3833 4533 καὶ

552 4555 733 4597 autem
763 4545 1128 4601 animantibus
1154 4563 1275 4619 qua:
1302 4552 1366 4607 iis
1386 4556 1655 4608 vehuntur
1675 4558 1961 4625 signilieat.
1987 4562 2125 4614 Adoo

2241 4559 2341 4613 τῶν
2375 4560 2534 4625 ὄνων,
2562 4560 2659 4614 καὶ
2694 4563 2913 4618 πάντων
2936 4566 3043 4619 τῶν
3071 4569 3303 4638 κτηνῶν.
3328 4587 3346 4620 ι
3384 4569 3516 4623 ’Δπὸ
3539 4571 3597 4625 δέ
3626 4588 3691 4640 γε
3714 4572 3833 4626 τῶν

553 4635 829 4689 riebantur
848 4636 992 4690 enim
1017 4638 1252 4705 Judaeos,
1275 4653 1328 4695 et
1351 4644 1521 4714 ipsam
1549 4646 1973 4719 Hierosolymam
1996 4668 2129 4722 geu-

549 4734 634 4781 tes
677 4726 1114 4793 disjnnctissimte
1155 4741 1209 4787 et
1254 4734 1477 4801 vicinae;
1529 4751 1757 4805 quarum
1808 4740 1927 4793 aliae
1973 4743 2131 4811 equis

550 4817 906 4885 vehebantur,
932 4818 1213 4892 Babylonii
1242 4835 1295 4879 et
1325 4822 1471 4895 Syri,
1498 4829 1625 4894 quin
1653 4839 1702 4882 et
1727 4828 1989 4900 Egyptii,
2015 4835 2132 4888 alite

548 4907 807 4972 camelos,
834 4918 889 4963 et
914 4912 1121 4977 asinos,
1149 4923 1203 4968 et
1235 4914 1410 4969 mulos
1440 4918 1735 4973 domabant
1753 4959 1767 4982 ,
1798 4932 1854 4973 ut
1883 4922 2132 4979 Moabitae

547 5011 596 5052 et
648 5002 906 5056 nomades
963 5002 1021 5057 in
1086 5004 1415 5072 solitudine,
1481 5024 1709 5078 quorum
1768 5020 1819 5066 et
1870 5017 2127 5085 propheta

545 5090 714 5162 809
743 5091 910 5147 Isaias
943 5096 1273 5150 mentionem
1308 5097 1439 5153 facit
1471 5115 1486 5153 :
1529 5118 1548 5152 ι
1591 5101 1647 5157 In
1686 5103 2038 5159 tribulatione
2070 5116 2128 5162 et

547 5185 791 5255 angustia
816 5184 899 5240 leo
923 5196 978 5241 et
999 5187 1209 5243 catulus
1232 5188 1422 5255 leonis,
1443 5192 1567 5247 inde
1589 5205 1644 5249 et
1666 5196 1879 5265 aspides
1900 5208 1953 5252 et
1974 5198 2125 5268 geni-

545 5279 690 5332 mina
718 5279 966 5347 aspidum
994 5279 1291 5335 volantium
1315 5322 1330 5347 ,
1359 5283 1448 5352 qui
1483 5286 1725 5341 ferebant
1754 5303 1915 5359 super
1940 5292 2122 5346 asinos

542 5381 598 5424 et
627 5370 862 5427 camelos
895 5373 1113 5427 divitias
1143 5388 1271 5429 suas
1295 5376 1333 5429 ί.
1374 5395 1394 5428 ι
1428 5375 1611 5434 Visum
1645 5390 1701 5435 et
1732 5380 1862 5435 alibi
1895 5382 1970 5436 ait
1999 5398 2028 5435 a
2063 5397 2123 5437 se

543 5476 884 5518 ascensorem
914 5463 1090 5528 asini,
1118 5473 1174 5520 et
1201 5481 1541 5526 ascensorem
1569 5473 1761 5528 cameli
1783 5474 1824 5529 '.
1860 5473 2124 5529 Describit

545 5551 707 5622 igitur
747 5552 991 5607 veritatis
1032 5553 1280 5611 inimicos
1319 5568 1376 5612 ut
1426 5559 1481 5615 in
1523 5561 1691 5635 ﬁgura
1738 5563 1792 5618 in
1837 5566 2118 5633 gentibus,

610 5758 660 5788 “
719 5755 857 5810 Psal.
889 5772 976 5820 xc,
1011 5757 1098 5813 15.
1170 5760 1219 5829 ⁹λ⁸
1250 5760 1378 5815 Luc.
1414 5778 1488 5829 xu,
1515 5765 1606 5829 21,
1636 5764 1725 5819 2‘2.

544 5830 585 5858 ’ν
612 5829 753 5880 l'sal.
784 5842 966 5895 uxtv,
1001 5830 1054 5885 ti.
1137 5832 1152 5861 ¹
1187 5827 1291 5884 lsa.
1331 5827 1533 5903 rupti.
1611 5838 1631 5867 ¹
1669 5840 1772 5893 lsa.
1802 5856 1911 5908 ut,
1948 5841 1988 5897 7.

1803 5769 1850 5799 "
1901 5770 2070 5843 Egod.
2100 5789 2177 5836 u',
2204 5773 2266 5827 9-1
2328 5775 2429 5843 22;
2472 5792 2550 5843 ιι,
2582 5776 2634 5829 2.

2229 4650 2537 4718 ὑποζυγίων
2558 4654 2685 4716 τοὺς
2709 4655 2891 4720 αὐτοῖς
2941 4658 3342 4730 ἐποχουμένους
3392 4663 3669 4736 ὑποδηλοὶ
3702 4668 3834 4722 Ἐπ-

2227 4742 2455 4812 εφύοντο
2480 4744 2592 4816 γὰρ
2622 4748 2733 4810 τοῖς
2768 4748 3058 4815 Ἰουδαίοις,
3092 4754 3188 4806 καὶ
3220 4754 3399 4818 αὐτοῖς
3427 4755 3483 4809 δὲ
3515 4760 3628 4822 τοῖς
3661 4757 3836 4832 Ἰεροο

2228 4838 2353 4891 σολύ
2364 4856 2484 4908 μοις
2500 4839 2843 4896 οίάπωτάτω
2869 4859 2930 4895 τε
2963 4845 3059 4898 καὶ
3085 4846 3154 4898 τά
3190 4847 3444 4918 περίοικα
3475 4849 3585 4903 τῶν
3610 4849 3789 4906 ἐθνῶν
3811 4872 3828 4885 ο

2228 4931 2278 4982 ot
2315 4930 2413 4999 μὲν
2452 4930 2640 4993 ἵπποις
2669 4930 2876 5003 ἕποχοι,
2918 4933 3253 4989 Βαϐυλώνιοί
3286 4955 3346 4991 τε
3384 4938 3479 4992 καὶ
3506 4939 3690 5013 Σύροι,
3726 4945 3835 4997 καὶ

2237 5022 2345 5089 μὴν
2379 5022 2472 5073 καὶ
2495 5020 2563 5074 τὰ
2589 5023 2901 5091 Αἰγυπτίων
2943 5025 3099 5099 ἔθνη·
3140 5030 3188 5080 οἱ
3221 5028 3278 5081 δὲ
3314 5029 3597 5099 καμήλους
3634 5049 3693 5085 τε
3726 5038 3833 5088 καὶ

2232 5109 2403 5174 ὅνους,
2433 5112 2527 5163 καὶ
2559 5112 2703 5182 ὀρεῖς
2737 5113 3162 5183 ὑποζεύξαντες,
3204 5114 3315 5172 οἷον
3357 5121 3675 5187 Μωαϐῖται,
3725 5126 3832 5176 καὶ

2232 5199 2281 5249 oi
2310 5198 2407 5267 τῆς
2445 5201 2652 5271 ἐρήμου
2691 5202 2938 5271 μονάδες,
2964 5199 3038 5257 ὧν
3068 5210 3164 5261 καὶ
3201 5210 3230 5261 ὁ
3264 5213 3550 5283 προφήτης
3592 5211 3829 5277 Ἡσαΐας

2228 5289 2615 5361 διαμέμνηται,
2652 5294 2853 5361 λέγων·
2892 5315 2910 5346 ι
2950 5295 3037 5349 Ἐν
3070 5300 3136 5370 τῇ
3171 5298 3348 5370 θλίψει
3406 5303 3500 5356 καὶ
3540 5305 3607 5375 τῇ
3637 5319 3829 5358 στενο-

2227 5384 2403 5454 χωρίᾳ
2443 5384 2580 5438 λέων
2631 5387 2724 5438 καὶ
2759 5386 2996 5457 σκύμνος
3028 5388 3260 5455 λέοντος,
3290 5392 3497 5447 ἐκεῖθεν
3536 5394 3631 5447 καὶ
3656 5396 3826 5451 ἀσπί-

2226 5474 2314 5537 δες
2374 5476 2466 5528 καὶ
2499 5474 2699 5545 ἔκγονα
2741 5478 2983 5535 ἀσπίδων
3023 5484 3358 5553 πετομένων,
3402 5484 3453 5538 οἳ
3500 5484 3697 5559 ἔφερον
3728 5490 3823 5543 ἐπ’

2226 5566 2363 5621 ὄνων
2398 5570 2491 5623 καὶ
2526 5571 2787 5643 καμήλων
2827 5572 2920 5626 τὸν
2953 5573 3181 5629 πλοῦτον
3223 5576 3422 5631 αὐτῶν.
3449 5597 3469 5630 i
3511 5578 3823 5632 Τεθεᾶσθαι

2715 5777 2760 5811 ’⁷
2819 5779 2971 5834 Iiom.
3004 5797 3088 5841 xv.
3125 5784 3208 5837 l7.
3286 5786 3332 5817 "
3366 5785 3597 5855 Philipp.
3634 5802 3708 5854 tr,
3745 5786 3803 5841 1.
