4098 6504
413 320 512 381 9-71
1407 325 1467 383 8.
1504 317 1774 383 CYRlLLI
1812 317 1991 383 ΑΕΗ

2090 323 2282 381 ιυιιιΝι
2320 320 2638 381 ARCHIEP.
3583 318 3696 388 17!

415 453 615 509 κιμον,
653 437 750 508 οὐχ
811 437 996 491 ἵππων
1054 436 1445 509 πεφροντικὸς,
1476 437 1537 492 οὐ
1574 437 1829 507 χαλινῶν,
1877 437 1912 509 ἢ
1956 437 2238 506 φαλάρων,
2303 434 2598 508 μιτσνεῦον
2667 436 2721 488 δὲ
2770 434 2968 506 μᾶλλον
3011 437 3086 501 είς
3121 454 3183 506 γε
3229 438 3289 493 τὸ
3338 442 3552 500 ἁλέσθαι
3582 436 3695 501 δεῖν

412 536 523 599 τοῖς
550 536 630 598 είς
663 534 867 608 ἀρετὴν
906 533 1000 589 καὶ
1028 532 1340 591 Θεοσέδειαν
1384 533 1707 604 διαπρέπειν
1751 534 2155 604 σπουδάσμασι.

485 624 714 681 Videtur
743 636 923 680 autem
953 626 1223 680 nonnullis
1249 625 1357 680 alio
1386 628 1543 680 modo
1584 627 1664 681 vis
1696 627 1991 696 prophetiae

2166 626 2327 677 Δοκεῖ
2373 624 2428 676 δέ
2483 641 2590 676 τισι
2638 623 2758 676 καθ’
2801 623 2989 696 ἕτερον
3038 627 3448 699 ὲκπεπεράνθαι
3492 636 3696 703 τρόπον

409 722 575 772 tinem
622 724 936 772 consecuta.
983 715 1150 769 Aiunt
1195 714 1339 770 enim
1372 716 1555 771 crucis
1594 715 1812 786 signum
1865 716 1991 770 olim

2097 714 2199 786 τῆς
2236 712 2573 787 προφητείας
2606 714 2702 786 τὴν
2736 715 2986 783 δύναμιν.
3015 717 3155 769 Φασὶ
3196 719 3305 787 γὰρ
3338 721 3421 773 ὅτι
3464 721 3695 795 εὓρηται

405 824 532 864 eum
578 805 749 862 clavis
795 805 971 862 adhuc
1006 806 1186 862 infixis
1234 806 1514 862 inventum
1568 821 1711 874 esse,
1763 821 1991 876 quorum

2100 807 2201 877 μὲν
2240 805 2382 859 κατὰ
2415 804 2639 876 καιροὺς
2672 804 2733 857 τὸ
2769 805 2863 857 τοῦ
2908 805 3146 877 σταυροῦ
3183 806 3357 873 ξύλον,
3404 810 3694 885 ἐμπεπαρ-

409 914 516 955 uno
555 910 807 968 accepto,
850 898 973 967 pius
1004 896 1394 954 Constantinus
1433 898 1646 953 curavit
1689 909 1746 953 ut
1778 900 1821 953 is
1853 914 1991 970 equo

2101 899 2293 969 μένους
2322 897 2401 951 ἔτι
2424 898 2549 961 τοὺς
2582 896 2747 968 ἥλους
2779 896 2929 968 ἕχον·
2968 890 3044 951 ὧν
3071 897 3165 950 ἕνα
3195 898 3375 952 λαϐὼν
3406 903 3434 954 ὁ
3460 904 3693 977 εὐσεϐὴς

411 1006 510 1045 suo
552 990 609 1046 in
653 989 864 1045 frenum
903 988 1273 1055 insereretur,
1305 990 1537 1045 credens
1583 1004 1643 1045 se
1687 991 1851 1047 etiam
1894 1007 1991 1061 per

2095 995 2524 1058 Κωνσταντίνος,
2553 991 2646 1045 ἐπὶ
2673 988 2890 1062 χαλινὸν
2914 990 3170 1060 γενέσθαι
3200 992 3275 1063 τῷ
3299 993 3450 1066 ἵππῳ
3470 994 3547 1066 τῷ
3579 996 3695 1067 ίδίῳ

415 1085 559 1139 hunc
609 1098 638 1137 a
698 1082 810 1138 Deo
871 1080 1305 1138 benedictionem
1366 1090 1809 1137 consecuturum.
1873 1080 1989 1137 Non

2098 1088 2526 1160 παρεσκεύασεν,
2555 1082 2896 1154 εὐλογεῖσθαι
2925 1084 3077 1156 παρὰ
3107 1083 3239 1139 Θεοῦ
3268 1088 3361 1140 καὶ
3387 1088 3476 1142 διὰ
3497 1082 3692 1144 τούτου

412 1173 732 1230 incredibile
763 1173 888 1243 quis
909 1171 1111 1228 dixerit
1146 1166 1312 1239 istud,
1338 1172 1382 1226 si
1417 1171 1490 1226 ita
1526 1183 1632 1238 est,
1666 1187 1766 1228 nec
1795 1173 1991 1228 decoro

2094 1177 2498 1241 πεπιστευκώς,
2541 1177 2657 1230 Οὐκ
2692 1175 2955 1231 ἀπίθανον
2999 1171 3056 1230 δὲ
3093 1176 3153 1230 τὸ
3197 1178 3386 1250 χρῆμα
3434 1181 3566 1253 φαίη
3606 1200 3695 1249 τις

409 1267 644 1321 alienum
700 1264 894 1319 merito
956 1262 1122 1334 813
1198 1262 1552 1334 intelligatur,
1608 1263 1660 1317 in
1725 1266 1988 1319 memoria

2091 1266 2179 1331 ἂν,
2228 1267 2388 1339 εἴπερ
2420 1260 2522 1319 ὦδε
2560 1265 2712 1337 ἔχει,
2762 1266 2858 1319 καὶ
2905 1266 3005 1319 οὐκ
3038 1267 3144 1332 ἔξω
3177 1260 3338 1334 λόγου
3388 1269 3691 1339 πρέποντος

412 1360 523 1417 Deo
554 1356 743 1422 fuisse,
789 1364 842 1411 et
873 1370 998 1410 eum
1045 1353 1357 1424 prophetica
1395 1353 1777 1424 prazdicatione
1820 1354 1991 1409 hono-

2093 1358 2252 1410 νοοῖτ⁹
2281 1356 2346 1410 ἂν
2375 1357 2623 1422 εἰκότως,
2648 1356 2708 1411 τὸ
2741 1358 2837 1412 καὶ
2861 1358 2920 1411 ὲν
2948 1358 3139 1429 μνήμῃ
3168 1358 3422 1427 γενέσθαι
3444 1364 3510 1433 τῇ
3540 1368 3693 1434 παρᾶι

411 1464 566 1505 rasse
628 1449 1013 1518 imperatorem
1073 1443 1565 1515 religiosissimum.
1627 1443 1988 1499 Pluritnorum

2092 1448 2233 1520 Θεῷ,
2254 1449 2349 1503 καὶ
2367 1452 2423 1503 ὲν
2448 1448 2752 1522 προρρήσει
2772 1445 3103 1522 τετιμῆσθαι
3128 1455 3436 1523 προφητικῇ
3464 1451 3694 1524 βασιλέα

407 1540 554 1595 enim
607 1538 994 1603 meminerunt,
1044 1544 1098 1591 et
1127 1535 1193 1591 de
1223 1535 1291 1591 iis
1332 1534 1612 1590 vaticinati
1659 1546 1786 1589 sunt
1814 1536 1987 1591 sancti

2092 1540 2185 1594 τὸν
2235 1539 2648 1594 εὐσεϐέστατον.
2702 1538 2981 1594 Πλείστων
3039 1539 3150 1611 γὰρ
3204 1541 3343 1595 ὅσων
3396 1542 3693 1613 ἐποιήσατο

408 1631 710 1707 prophetae,
741 1629 883 1683 sicut
926 1625 1181 1682 nimirum
1211 1624 1274 1682 tle
1314 1623 1461 1679 Josia
1483 1624 1550 1688 “,
1584 1633 1637 1678 ct
1663 1625 1986 1694 quibusdam

2095 1633 2319 1701 μνήμην
2344 1632 2438 1685 καὶ
2462 1629 2924 1705 προαναφώνησιν
2946 1630 3087 1685 κατᾶ
3112 1633 3339 1705 καιροὺς
3383 1633 3491 1686 τῶν
3517 1634 3690 1703 ἁγίων

409 1724 551 1779 aliis.
587 1721 897 1793 Aliquando
924 1728 979 1776 et
1004 1728 1304 1789 temporum
1333 1717 1715 1788 tranquillitas,
1739 1724 1793 1771 et
1820 1719 1989 1786 pietas

2093 1717 2386 1794 προφητῶν
2433 1724 2460 1775 ὁ
2497 1721 2686 1790 λόγος,
2722 1721 2972 1794 καθάπερ
3005 1722 3197 1794 ἀμέλει
3234 1725 3327 1778 καὶ
3360 1724 3564 1777 Ἰωσίου
3597 1726 3692 1778 καὶ

409 1834 505 1885 per
533 1831 630 1871 eos
673 1814 764 1887 qui
798 1814 853 1869 in
895 1812 1027 1883 ipsis
1078 1825 1261 1865 rerum
1309 1810 1593 1880 potiuntur
1635 1809 1988 1880 signiﬁcatur.

2092 1814 2299 1885 ἑτέρων
2326 1812 2510 1867 τινῶν.
2538 1811 2694 1866 Ἔσθ’
2724 1813 2813 1866 ὅτε
2843 1813 2900 1866 δὲ
2930 1813 3025 1867 καὶ
3069 1815 3103 1884 ἡ
3141 1813 3248 1869 τῶν
3294 1812 3504 1885 καιρῶν
3546 1819 3689 1885 ἡμεο

407 1908 553 1965 Νἱιιὶι
587 1921 717 1977 ergo
763 1918 890 1960 vero
935 1902 1206 1969 absimile,
1249 1901 1295 1957 si
1324 1910 1380 1955 et
1412 1917 1554 1956 nunc
1588 1902 1849 1971 propheta
1889 1900 1988 1955 Za-

2095 1907 2260 1978 ρότης
2312 1905 2405 1958 καὶ
2442 1903 2692 1959 εὐσέϐεια
2736 1902 2827 1959 διὰ
2859 1904 2968 1960 τῶν
3010 1905 3067 1957 ἐν
3114 1905 3298 1968 αὐτοῖς
3342 1904 3693 1978 κρατούντων

406 2000 625 2056 Charias
660 1998 739 2053 rei
770 1994 1036 2066 imprimis
1065 1992 1451 2056 memorande,
1478 1993 1695 2063 Deoque
1728 1992 1902 2057 citari,
1933 2000 1987 2048 et

2092 1997 2439 2069 σημαίνεται.
2483 1997 2650 2053 Οὐδὲν
2692 1996 2802 2071 ἄρα
2845 1996 2905 2051 τὺ
2947 1997 3192 2064 ἀπεικὸς,
3230 1999 3279 2051 εί
3321 1977 3689 2072 διαμέμνηται

409 2092 519 2147 veri
550 2105 617 2146 ac
653 2089 729 2160 pii
779 2085 1149 2157 imperatoris,
1196 2093 1247 2139 et
1290 2090 1595 2154 temporum
1641 2084 1894 2139 clmritati
1934 2084 1986 2139 in

2090 2090 2184 2143 καὶ
2219 2085 2313 2142 νῦν
2349 2088 2379 2142 ό
2413 2088 2699 2161 προφήτης
2737 2089 3015 2161 Ζαχαρίας
3042 2088 3471 2159 ἀξιολογωτάτου
3503 2089 3688 2161 πράγ-

404 2181 685 2239 Christum
728 2178 1101 2235 dedicatorum
1140 2176 1412 2233 meminit.
1444 2175 1584 2231 Nam
1617 2185 1670 2232 et
1698 2176 1987 2247 imperato-

2093 2191 2284 2250 ματος,
2340 2179 2434 2233 καὶ
2466 2176 2750 2247 Θεοφιλοῦς
2792 2176 3080 2249 βασιλέως,
3113 2176 3351 2248 ἀληθοῦς
3381 2193 3441 2230 τε
3471 2177 3567 2230 καὶ
3597 2177 3689 2230 εὐ-

407 2290 523 2329 ηω
554 2286 725 2342 equos
765 2268 1013 2327 decorari
1038 2266 1190 2322 clavo
1218 2283 1248 2322 a
1277 2266 1514 2339 pretiosa
1555 2282 1717 2322 cruce
1747 2277 1986 2335 sumpto,

2092 2272 2319 2338 σεὸοὓς,
2370 2272 2467 2326 καὶ
2513 2269 2723 2344 καιρῶν
2771 2270 3154 2341 ἀνακειμένων
3206 2273 3272 2342 τῇ
3327 2271 3407 2334 είς
3451 2267 3694 2341 Χριστὸν

407 2364 537 2434 quid
567 2363 712 2419 aliud
741 2362 900 2418 nobis
931 2376 1093 2431 quam
1124 2359 1414 2415 maximam
1442 2369 1491 2413 el
1524 2370 1711 2413 revera
1750 2358 1988 2413 admira-

2090 2365 2300 2435 ἀγάπῃ.
2332 2363 2406 2417 Τὸ
2437 2364 2546 2435 γὰρ
2592 2363 2658 2436 δὴ
2705 2362 2801 2417 καὶ
2838 2362 3104 2434 βασιλέων
3154 2362 3342 2427 ίπποις
3380 2361 3690 2434 ὲμπρέπειν

407 2460 554 2514 tione
594 2457 811 2527 dignam
855 2455 1244 2524 imperatorum
1297 2451 1550 2520 pietatem
1588 2448 1990 2507 deciaraverit?

2090 2460 2179 2514 τὸν
2208 2454 2338 2532 ἧλον
2378 2459 2489 2512 ἀπὸ
2520 2457 2618 2512 τοῦ
2663 2457 2847 2529 τιμίου
2889 2454 3165 2527 ληφθέντα
3194 2452 3456 2526 σταυροῦ,
3486 2454 3541 2507 τί
3569 2455 3692 2507 ἓτε-

2092 2569 2184 2625 ρον
2212 2553 2347 2623 ἡμῖν
2387 2551 2761 2621 ὑπεμφήνειεν
2792 2547 2881 2613 ἂν,
2911 2547 2945 2619 ἢ
2990 2545 3246 2613 πλείστην
3276 2546 3408 2617 ὅσην
3438 2545 3533 2599 καὶ
3571 2544 3690 2610 ἀξια

2090 2643 2327 2713 ἀγαστον
2357 2639 2572 2712 ἀληθῶς
2597 2639 2705 2693 τῶν
2736 2638 3080 2711 κρατούντων
3110 2636 3433 2703 εὐσέϐειανς

2160 2732 2274 2788 Καὶ
2303 2732 2547 2786 ἔσονται
2591 2733 2646 2785 οἱ
2680 2729 2931 2796 λέϐητες
2957 2731 3010 2783 οί
3043 2727 3111 2782 ἐν
3143 2724 3221 2793 τῷ
3248 2727 3391 2790 οίκῳ
3421 2723 3526 2780 τοῦ
3567 2728 3688 2779 Κυισ

2084 2826 2225 2894 ρίου
2269 2824 2350 2891 ὡς
2398 2823 2605 2892 φιάλαι
2663 2820 2773 2889 πρὸ
2827 2819 3152 2889 προσώπου
3203 2818 3310 2873 τοῦ
3357 2821 3694 2886 avertamur

2087 2919 2244 2986 ρίου.

2164 3008 2309 3064 PIE'.
2356 3008 2596 3077 Λέϐητες
2628 2996 2767 3079 ἦσαν
2802 3009 2858 3060 ὲν
2890 3004 2958 3077 τῇ
2993 3005 3125 3077 ἁγίᾳ
3164 3006 3336 3076 σκηνῇ
3379 3004 3474 3057 καὶ
3508 3005 3565 3056 ὲν
3608 2997 3694 3073 τῷ

476 2739 548 2795 Et
582 2748 735 2794 erunt
760 2738 948 2794 lebetes
972 2738 1027 2793 in
1060 2736 1217 2791 domo
1237 2733 1452 2791 Domini
1483 2736 1620 2789 sicut
1651 2735 1843 2804 phiala'
1866 2743 1986 2789 ante

407 2833 594 2903 [aciem
625 2831 837 2886 altaris.

475 3005 632 3062 CXV.
675 3005 903 3061 Lebetes
942 3012 1097 3059 erant
1146 3002 1199 3058 in
1232 3018 1387 3059 sacro
1439 3003 1808 3071 tabernaculo,
1843 3014 1896 3060 et
1931 3005 1985 3059 in

409 3102 608 3171 templo
636 3111 755 3170 post
792 3098 923 3153 illud
954 3108 1256 3163 exstructo,
1282 3097 1334 3152 in
1366 3096 1562 3166 quibus
1589 3097 1985 3153 sacriﬁciorum

407 3209 601 3249 carnes
625 3190 1019 3261 coquebantur,
1053 3188 1466 3244 absumentibus
1489 3203 1586 3244 eas
1614 3187 1987 3245 sacerdotibus

410 3287 463 3339 in
495 3284 612 3339 loco
653 3293 868 3349 sancto,
900 3279 1018 3351 lege
1045 3279 1099 3334 id
1147 3279 1262 3334 lleri
1297 3280 1620 3350 imperante,
1651 3295 1717 3336 ne
1745 3281 1988 3337 sanctiﬁ-

406 3384 529 3428 cata
560 3383 714 3427 extra
744 3379 933 3426 sancta
966 3369 1084 3425 loca
1113 3366 1462 3425 efferrentur.
1494 3370 1788 3441 Postquam
1811 3384 1993 3428 autem

406 3464 688 3521 veteribus
739 3462 845 3517 illis
895 3461 1085 3517 ritibus
1133 3461 1347 3528 desitis,
1398 3462 1663 3535 mysterii
1710 3463 1868 3520 nobis
1926 3469 1993 3520 ad

409 3559 573 3613 aliam
612 3558 779 3613 divini
809 3554 986 3612 cultus
1033 3555 1300 3610 rationem
1348 3556 1703 3623 transierunt,
1750 3571 1849 3612 nec
1879 3572 1992 3611 am.

407 3651 552 3720 ptius
585 3650 769 3705 ovium
805 3640 1243 3713 mactationibus,
1280 3654 1336 3703 et
1362 3647 1539 3713 tbure,
1584 3648 1679 3704 sed
1708 3648 1992 3704 sacriﬁciis

408 3742 592 3815 potius
653 3739 954 3796 incruentis
1004 3738 1379 3794 universorum
1435 3732 1649 3809 Deum,
1708 3740 1994 3812 ipsumque

411 3833 790 3889 universorum
826 3829 1162 3888 Salvatorem
1210 3829 1510 3898 Christum,
1544 3832 1830 3888 sacrillciis
1873 3848 1994 3904 quae

411 3925 803 3997 intelliguntur,
841 3925 894 3980 in
924 3922 1186 3980 Ecclesiis
1206 3922 1477 3994 quomodo
1507 3939 1829 3981 veneremur
1849 3924 1994 3981 docti

316 4038 321 4049 ι
409 4032 615 4084 sumus,
668 4031 766 4086 pro
801 4013 1069 4072 lebetibus
1113 4014 1236 4070 aliis
1282 4014 1432 4070 vasis
1483 4016 1713 4083 utimur,
1756 4031 1893 4087 quas
1940 4025 1990 4072 et

407 4106 620 4179 phialas
659 4107 927 4178 propheta
978 4109 1084 4164 hoc
1113 4108 1247 4164 loco
1296 4106 1446 4164 dicit.
1495 4105 1621 4163 Haec
1667 4122 1832 4177 porro
1868 4124 1993 4165 vasa

408 4202 721 4258 bibentibus
774 4201 1217 4259 commodissima
1251 4217 1265 4255 :
1294 4210 1351 4257 et
1401 4199 1665 4274 intelliget
1696 4203 1856 4274 plane
1905 4218 1994 4259 sa-

411 4296 577 4373 piens
601 4293 814 4350 auditor
848 4292 979 4365 quid
1025 4292 1385 4365 significetur,
1435 4296 1651 4352 tametsi
1704 4299 1993 4354 obscurius

412 4402 576 4455 quam
598 4393 811 4457 oportet
848 4386 900 4441 id
919 4401 948 4439 a
971 4386 1125 4441 nobis
1153 4386 1355 4441 dictum
1381 4385 1473 4453 sit,
1499 4388 1753 4457 quoniam
1786 4388 1841 4442 in
1866 4387 1992 4444 abs-

414 4477 647 4532 conditis
700 4476 987 4532 narrandis
1024 4476 1303 4533 breviores
1351 4491 1473 4534 esse
1518 4478 1799 4534 debemus.
1851 4478 1994 4550 Ergo

417 4577 544 4621 tunc
572 4567 789 4637 quidem
836 4573 993 4621 erant
1039 4566 1243 4624 lebetes
1286 4583 1472 4623 :nunc
1517 4578 1700 4625 autem
1749 4589 1769 4623 ι
1798 4570 1993 4641 phiala

412 4668 540 4714 ante
566 4660 760 4715 faciem
797 4658 1008 4715 altaris.
1046 4677 1065 4713 ι

487 4930 650 4989 Vsus.
679 4924 771 4985 2|.
812 4927 883 4983 Et
934 4930 1037 4985 erit
1085 4932 1257 4986 omnis
1304 4930 1441 4987 tabes
1487 4933 1542 4988 in
1584 4931 1903 5003 Jerusalem,
1945 4949 1992 4991 et

398 5026 452 5078 in
516 5021 663 5077 Juda
712 5033 924 5077 sanctus
975 5021 1202 5078 Domina
1255 5024 1623 5093 omnipotenti.
1678 5027 1747 5080 Et
1789 5029 1990 5084 venient

403 5131 484 5168 om
500 5131 590 5170 nes
631 5114 960 5170 immolantes
982 5155 998 5181 ,
1044 5126 1091 5170 et
1127 5124 1333 5170 sument
1373 5133 1439 5171 ea:
1470 5117 1597 5188 ipsis
1619 5156 1636 5185 ,
1685 5128 1732 5174 et
1768 5131 1987 5191 coquant

402 5221 458 5257 ιη
503 5221 600 5260 ιιι.

483 5294 668 5352 CXVI.
712 5291 941 5350 Lebetas
970 5306 1147 5362 vocat,
1184 5297 1458 5355 veteribus
1482 5299 1656 5355 adhuc
1682 5300 1992 5357 nominibus

418 5405 573 5456 usus,
605 5403 732 5443 vasa
769 5389 1019 5460 mystica,
1043 5405 1162 5460 qua:
1195 5399 1250 5445 et
1274 5400 1460 5446 sancta
1488 5402 1634 5459 sunt,
1663 5396 1988 5455 veneranda,

415 5491 471 5537 et
506 5479 742 5550 pretiosa
778 5481 943 5535 etiam
983 5481 1114 5552 ipsis
1149 5478 1240 5552 qui
1286 5483 1339 5537 in
1370 5479 1693 5547 Jerusalem,
1731 5485 1785 5539 id
1827 5495 1910 5539 est
1939 5487 1991 5541 in

413 5569 659 5629 Ecclesia
703 5578 850 5636 sunt,
886 5572 1075 5642 utique
1104 5568 1302 5630 divinis
1328 5573 1705 5632 sacerdOtibus
1736 5586 1789 5631 ct
1829 5578 1988 5633 mini-

496 5746 541 5776 "
564 5745 633 5804 ιιι
664 5748 793 5818 Reg.
837 5764 953 5817 xm,
983 5751 1019 5806 9.
1046 5766 1180 5821 seqq

2094 3103 2235 3175 μετὰ
2272 3103 2444 3156 ταῦτα
2495 3099 2990 3170 κατεσκευασμένῳ
3042 3097 3176 3169 ναῷ,
3233 3099 3293 3151 ὲν
3336 3090 3419 3161 οἷς
3463 3096 3531 3151 τὰ
3576 3094 3690 3148 τῶν

2089 3194 2287 3249 θυσιῶν
2319 3194 2489 3265 ἥψετο
2512 3193 2672 3264 κρέα,
2703 3190 3065 3244 δαπανώντων
3095 3188 3233 3243 αὺτά
3268 3186 3379 3241 τῶν
3407 3187 3603 3258 ἱερέων
3627 3189 3692 3241 ἐν

2024 3318 2068 3375 C
2098 3286 2252 3355 τόπῳ
2278 3285 2437 3353 ἁγίῳ,
2469 3282 2562 3335 καὶ
2591 3280 2746 3334 τοῦτο
2778 3280 2869 3333 τοῦ
2895 3280 3061 3351 νόμου
3086 3275 3359 3331 τελεῖσθαι
3379 3291 3686 3375 προστετα-

2101 3376 2279 3449 χότος,
2307 3376 2383 3440 ὡς
2422 3373 2489 3429 ἂν
2539 3374 2613 3445 μὴ
2660 3373 2764 3439 ἔξω
2801 3391 2902 3427 που
2947 3373 3054 3426 τῶν
3105 3370 3266 3444 ἱερῶν
3309 3367 3692 3441 ἑκκομίζοιντο

2099 3467 2293 3541 χώρων
2319 3466 2388 3520 τὰ
2419 3465 2751 3537 ἡγιασμένα.
2792 3463 3013 3534 Ἐπειδὴ
3042 3460 3099 3515 δὲ
3125 3460 3234 3515 τῶν
3266 3459 3512 3532 ἀρχαίων
3540 3458 3689 3511 ὲκεί-

2098 3579 2204 3616 νων
2230 3559 2367 3615 ἐθῶν
2396 3558 2893 3630 ἀποπεπαυμένων,
2923 3558 3001 3620 εἰς
3037 3555 3224 3627 ἓτερον
3266 3556 3401 3625 ἡμίν
3426 3551 3688 3624 λατρείας

2096 3650 2301 3723 τρόπον
2331 3646 2758 3721 μετακεχώρηη
2811 3645 2879 3700 τὰ
2913 3644 3212 3717 μυστήρια,
3262 3644 3358 3696 καὶ
3403 3640 3690 3713 μηλοσφα-

2098 3732 2246 3813 γίαίς
2282 3742 2383 3814 μὲν
2423 3741 2607 3795 οὐκέτι
2646 3740 2741 3795 καὶ
2775 3739 3116 3802 λιϐανωτοῖς,
3149 3734 3362 3799 θυσίαις
3388 3733 3446 3789 δὲ
3485 3731 3689 3805 μᾶλλον

2094 3836 2215 3899 ταῖς
2238 3833 2597 3905 ἀναιμάκτοις
2615 3831 2706 3886 τὸν
2728 3830 2838 3886 τῶν
2851 3829 2991 3884 ὅλων
3018 3826 3445 3898 καταγεραίρειν
3461 3823 3598 3879 Θεὸν
3607 3821 3687 3899 [ὃ]

2096 3926 2187 3981 διὰ
2212 3925 2450 3989 πίστεως
2478 3921 2840 3994 δεδιδάγμεθα
2866 3962 2882 3989 ,
2917 3921 3013 3977 καὶ
3037 3919 3201 3974 αὑτὸν
3234 3916 3439 3989 νοητιῖκ
3471 3917 3691 3988 ἱερουρι

2095 4016 2192 4091 γοΰ
2201 4036 2318 4084 ντες
2344 4020 2402 4073 έν
2419 4017 2770 4088 Ἐκκλησίαις
2791 4016 2891 4071 τὸν
2906 4014 3015 4070 τῶν
3035 4012 3172 4069 ὅλων
3187 4010 3683 4085 ΣωτῆραΧριστόνσ

2095 4111 2219 4167 ἀντὶ
2241 4110 2350 4165 τῶν
2370 4109 2617 4181 λεόήτων
2638 4108 2846 4179 ἑτέροις
2873 4103 3190 4177 κεχρήμεθα
3213 4101 3466 4156 σκεύεσιν
3493 4103 3683 4172 ἱεροῖς,

2093 4200 2131 4258 ἃ
2153 4202 2219 4275 δὴ
2251 4202 2348 4257 καὶ
2373 4200 2570 4271 φιάλας
2601 4197 2789 4253 ἐνθάδε
2813 4197 2981 4268 φησὶν
3010 4197 3039 4249 ὁ
3068 4194 3378 4266 προφήτης.
3414 4189 3592 4262 Σκεύη
3622 4190 3686 4243 δι

2093 4292 2268 4352 ταῦτα
2300 4296 2413 4358 τοῖς
2443 4292 2660 4347 πίνουσι
2690 4290 3113 4362 χρειωδέστατα,
3153 4287 3248 4341 καὶ
3279 4286 3503 4357 συνήσει
3546 4284 3687 4340 πάν-

2094 4400 2203 4451 τως
2223 4388 2252 4441 ό
2276 4385 2439 4455 σοφὸς
2464 4384 2740 4456 ἀκροατὴς
2762 4379 2859 4435 τοῦ
2883 4378 3287 4452 σημαινομένου
3307 4376 3408 4448 τὴν
3428 4375 3685 4447 δύναμιν,

2096 4479 2200 4535 κᾶν
2248 4479 2297 4533 εί
2333 4475 2703 4550 ἀμυδρότερον
2744 4490 2862 4538 πως
2907 4468 2942 4545 ἢ
2985 4472 3092 4544 χρὴ
3139 4471 3169 4524 ὁ
3223 4469 3354 4540 παρ’
3389 4468 3547 4540 ἡμῶν
3591 4485 3690 4522 πει

2096 4570 2317 4642 ποίηται
2341 4570 2520 4640 λόγος,
2550 4568 2640 4623 διά
2671 4583 2754 4621 τοι
2779 4566 2841 4619 τὸ
2868 4564 2977 4618 δεῖν
3008 4560 3487 4634 περιεσταλμένως
3515 4562 3689 4613 ποιεῖ.

2022 4650 2070 4712 D
2099 4662 2224 4716 σθαι
2256 4661 2356 4733 τὴν
2387 4660 2497 4715 τῶν
2534 4656 2937 4730 κεκρυμμένων
2979 4653 3275 4725 ἀφήγησιν.
3321 4649 3535 4705 Οὐκοῦν
3560 4649 3685 4701 τότε

2102 4753 2200 4825 μὲν
2220 4746 2360 4824 ἦσαν
2381 4752 2431 4804 οί
2454 4749 2680 4821 λέϐητες
2697 4764 2711 4779 ο
2734 4746 2853 4801 νυνὶ
2881 4746 2939 4800 δὲ
2977 4764 2996 4798 ε
3030 4743 3221 4816 φιάλαι
3252 4740 3363 4814 πρὸ
3388 4738 3685 4813 προσιίρπου

2098 4845 2196 4899 τοῦ
2228 4842 2636 4914 θυσιαστηρίου.
2686 4859 2707 4894 ι

2169 4937 2281 4992 Καὶ
2313 4936 2484 4990 ἔσται
2527 4931 2647 5001 πᾶς
2677 4932 2862 5001 λέϐης
2902 4932 2975 4985 ἐν
3023 4925 3445 4998 Ἰερουσαλὴμ,
3488 4924 3587 4978 καί
3616 4923 3690 4977 ἐν

2099 5027 2181 5094 τῷ
2244 5026 2441 5094 Ἰούδᾳ
2493 5024 2657 5095 ἅγιος
2705 5022 2787 5090 τῷ
2834 5023 3030 5092 Κυρίῳ
3079 5017 3530 5088 παντοκράτορι.
3577 5013 3687 5068 Καὶ

2100 5106 2323 5187 ἥξουσι
2352 5116 2575 5182 πάντες
2618 5120 2670 5171 oi
2709 5113 3114 5180 θυσιάζοντες,
3145 5110 3245 5165 καί
3274 5110 3577 5178 λήψονται
3616 5106 3687 5168 ἐξ

2100 5210 2317 5277 αὐτῶν,
2354 5210 2451 5265 καί
2478 5206 2828 5278 ἐψήσουσιν
2857 5208 2927 5260 ἐν
2967 5204 3170 5271 αὐτοῖς

2171 5304 2334 5371 Ριςν.
2376 5300 2623 5374 Λέϐητας
2666 5298 2955 5365 ἀποκαλεῖ,
2997 5299 3111 5363 τοῖς
3158 5294 3408 5368 ἀρχαίοις
3455 5290 3685 5360 ὀνόμασι

2098 5395 2444 5467 χρησάμενος
2476 5393 2577 5458 ἐτι,
2614 5390 2683 5446 τὰ
2712 5391 2879 5463 σκεύη
2913 5390 2982 5443 τὰ
3031 5388 3291 5471 μυστικὰ,
3319 5384 3355 5440 ἃ
3399 5384 3493 5437 καὶ
3539 5381 3688 5435 ἐστιν

2100 5487 2262 5555 ἅγια,
2314 5487 2491 5541 omni
2533 5502 2594 5538 τε
2649 5486 2742 5537 καὶ
2783 5483 2942 5553 τίμια
2982 5483 3077 5534 καὶ
3112 5481 3298 5542 αὐτοῖς
3342 5479 3460 5541 τοῖς
3513 5475 3573 5528 ὲν
3616 5475 3684 5542 τῇ

2110 5579 2487 5652 Ἰερουσαλὴμ,
2521 5579 2690 5649 ἤγουν
2724 5578 2789 5647 τῇ
2835 5572 3154 5645 Ἐκκλησία,
3195 5569 3355 5641 δῆλον
3384 5568 3439 5622 δὲ
3464 5567 3545 5620 ὅτι
3573 5564 3688 5627 τοίς
