4098 6474
416 434 528 494 I15

1250 433 1808 495 COMMENTARIUS
1836 428 1914 494 ‘l‘N
1950 434 2367 496 ZACHARIAM
2401 434 2852 498 PROPHBTAM.

3619 447 3726 507 176

421 552 589 616 θείοις
635 548 972 625 ίιρουργοῐς,
1025 548 1122 606 καὶ
1172 552 1302 625 παρ’
1356 541 1509 625 αὐτῷ
1558 553 1616 608 δὶ
1672 554 1752 626 τῷ
1826 540 2021 627 Ἰούδᾳ,
2054 588 2065 620 λ

2149 547 2280 612 ms.
2310 555 2373 609 Et
2403 569 2618 611 rursum
2653 555 2794 626 apud
2827 556 3003 627 ipsum
3040 553 3203 626 Iuda,
3237 557 3289 612 id
3325 566 3429 625 est,
3466 561 3729 631 spiritua-

422 641 675 697 τουτέστι
710 641 898 708 πάλιν,
932 644 1048 707 τοῖς
1076 640 1178 715 τήν
1207 643 1267 698 ὲν
1302 643 1574 718 πνεύματι
1602 645 1833 717 λαχοῦσι
1870 663 2029 717 περι-

421 736 631 808 τομήν*
686 731 800 790 εῐεν
849 735 895 790 δ’
946 737 1015 791 ἀν
1061 731 1210 792 οὗτοι
1260 737 1423 793 πάλιν
1478 740 1527 792 oi
1574 728 2028 803 etanta-remotae.

425 827 565 898 Παρ’
590 826 810 891 οὐδενὸς
833 826 944 899 γὰρ
973 827 1114 891 ὅλως
1138 829 1220 892 είς
1251 826 1438 900 κοινήν
1460 828 1804 901 λαμϐάνεται
1832 830 2029 901 χρείαν

422 917 522 975 τοῦ
572 919 731 991 ἁγίου
780 919 1172 992 θυσιαστηρίου
1219 919 1290 976 τὰ
1335 920 1528 993 σκεύη,
1564 921 1682 976 ἀλλ’
1731 921 1899 987 ἔστιν,
1954 922 2031 987 ὼς

425 1011 590 1084 ἔφην,
643 1012 801 1083 ἀγια,
858 1012 953 1067 καὶ
998 1015 1080 1077 εἰς
1124 1011 1287 1081 δόξαν
1334 1012 1472 1068 Θεοῦ
1503 1014 1876 1087 τετηρημένα,
1936 1014 2034 1069 καὶ

429 1104 627 1176 μόναις
668 1107 794 1170 ταῖς
839 1105 1057 1177 χρείαις
1091 1105 1392 1178 ὑπηρετεῖν
1440 1107 1669 1161 εἰωθότα
1718 1106 1819 1174 τῆς
1869 1106 2035 1176 ἁγίας

425 1198 733 1272 τραπέζης,
765 1198 835 1253 δι’
867 1197 1051 1254 αὐτῶν
1077 1216 1139 1253 τε
1181 1198 1280 1253 καὶ
1324 1199 1384 1253 ὲν
1415 1200 1602 1264 αὐτοῖς
1637 1201 1694 1254 al
1727 1199 1836 1253 τῶν
1867 1216 2035 1272 προσ-

428 1292 675 1362 αγόντων
725 1291 1011 1346 τελοῦνται
1072 1292 1280 1357 θυσίαι,
1335 1293 1435 1363 οὐχ
1481 1293 1717 1347 ἑκάστου
1774 1292 2036 1364 φέροντος

431 1385 567 1440 ῐδιον
598 1382 797 1450 σκεῦος
817 1426 832 1451 ,
861 1385 1123 1441 ἁπάντων
1158 1385 1218 1439 δὲ
1256 1386 1440 1459 μόνοις
1465 1387 1579 1450 τοῖς
1626 1386 1793 1456 ἱεροῖς
1831 1400 2036 1456 κεχρη-

434 1478 636 1551 μένων.
678 1497 698 1531 ι
735 1479 855 1543 Πᾶς
878 1478 990 1552 γὰρ
1014 1477 1183 1552 λέϐης
1217 1481 1375 1550 ἁγιος
1415 1479 1591 1547 ἔσται,
1626 1478 1782 1551 φησὶ,
1807 1476 1886 1548 τῷ
1916 1478 2034 1531 Κυ-

435 1575 558 1648 ρίῳ.
603 1593 623 1628 ι
660 1574 875 1630 Οὐκοῦν
916 1574 1229 1644 διαλέγεται
1283 1574 1385 1646 μὲν
1427 1574 1458 1628 6
1502 1574 1792 1645 προφήτης
1830 1570 1907 1637 ὡς
1940 1570 2037 1626 ἐπὶ

431 1665 635 1723 θυσιῶν
657 1666 739 1722 ἔτι
754 1666 865 1722 τῶν
884 1666 1029 1722 κατὰ
1053 1667 1222 1738 νόμον
1245 1706 1260 1731 ,
1291 1666 1551 1737 λέϐητάς
1563 1681 1625 1720 τε
1647 1665 1742 1720 καὶ
1771 1664 2038 1734 ἕψουσιν

428 1759 725 1833 ὀνομάξειο
780 1761 1054 1834 νοήσομεν
1103 1760 1162 1816 δὲ
1207 1757 1529 1834 πρέποντως
1580 1760 1743 1831 ἡμεῖς
1788 1758 1903 1822 τοῖς
1947 1756 2039 1811 διὰ

431 1850 677 1919 Χριστοῦ
710 1852 948 1924 καιροῖς.
988 1850 1366 1923 Οἰκονομικῶς
1410 1850 1469 1905 δέ
1506 1866 1691 1922 φαμεν
1735 1849 2036 1922 ἀσυμφανῆ

2132 648 2236 702 lem
2288 647 2762 703 circumcisionem
2810 647 3060 714 sortitos,
3106 647 3198 717 qui
3248 648 3379 704 item
3409 649 3582 727 814
3609 669 3728 712 cre-

2133 738 2323 793 dentes
2371 752 2493 794 esse
2539 747 2788 809 possunt.
2857 737 2904 792 Α
2964 737 3115 793 nullo
3166 737 3313 794 enim
3373 753 3598 807 prorsus
3661 744 3730 798 ad

2132 846 2479 888 communem
2530 846 2689 887 usum
2740 832 2883 888 sacri
2947 830 3137 887 altaris
3198 846 3326 887 Vasa
3381 833 3731 901 adhibentur,

2133 923 2228 995 sed
2260 934 2410 991 sunt,
2444 931 2507 979 ut
2528 924 2661 993 dixi,
2691 935 2904 990 sancta,
2926 933 2984 981 et
3014 926 3081 981 ad
3115 925 3205 981 Dei
3235 924 3465 995 gloriam
3489 936 3733 994 servata,

2134 1025 2190 1071 et
2232 1016 2365 1073 solis
2392 1018 2583 1074 usibus
2610 1032 2784 1073 sacrae
2815 1033 3018 1074 mensae
3050 1019 3369 1077 miniStrare
3395 1020 3555 1077 solita
3588 1036 3606 1077 :
3639 1036 3737 1090 per

2137 1108 2363 1178 ipsaque
2408 1109 2549 1165 etin
2600 1108 2735 1181 ipsis
2782 1105 3135 1165 olferentium
3185 1110 3458 1168 sacrilicia
3488 1127 3739 1167 consumo

2138 1211 2376 1268 mantur,
2425 1216 2532 1257 non
2579 1215 2910 1272 unoquoque
2962 1216 3120 1257 suum
3175 1217 3271 1260 vas
3302 1201 3591 1268 aﬂ‘erente,
3638 1201 3738 1259 sed

2136 1292 2390 1347 omnibus
2423 1291 2557 1347 solis
2586 1293 2760 1348 sacris
2804 1293 3108 1348 utentibus.
3146 1312 3166 1347 ι
3198 1294 3389 1350 Omnis
3413 1295 3559 1351 enim
3589 1294 3749 1351 leber.

2138 1395 2364 1441 sanctus
2421 1386 2527 1441 erit
2591 1386 2864 1454 Domino,
2914 1405 2934 1439 ι
3007 1387 3207 1458 inquit.
3266 1369 3483 1460 Itaque
3516 1388 3740 1444 disserit

2137 1477 2357 1549 quidem
2395 1478 2656 1550 propheta
2694 1488 2753 1534 ut
2788 1481 2855 1536 de
2899 1480 3190 1537 sacriﬁciis
3231 1482 3409 1538 adhuc
3450 1481 3738 1553 legalibus,

2138 1571 2333 1627 lebetas
2373 1580 2578 1639 autem,
2629 1582 2686 1628 et
2738 1583 2961 1644 coquant
3014 1574 3169 1643 dicit,
3205 1576 3351 1646 quod
3404 1590 3502 1630 nos
3541 1588 3742 1629 conve-

2139 1664 2355 1721 nienter
2398 1665 2759 1736 temporibus-
2788 1664 2996 1723 Christi
3045 1667 3436 1740 intelligemus.
3491 1665 3744 1723 (Econo-

2142 1758 2284 1815 mice
2312 1772 2481 1830 porro
2506 1768 2831 1816 sanctorum
2860 1761 3128 1832 propheta
3140 1776 3257 1816 rum
3292 1775 3605 1821 sermonem
3641 1759 3743 1815 oh—

2142 1863 2390 1919 scurum,
2418 1860 2477 1907 et
2503 1866 2609 1907 non
2642 1851 2966 1924 simpliciter
2999 1853 3260 1908 omnibus
3309 1853 3557 1923 planum,
3605 1851 3743 1906 dici-

430 1943 710 2015 γενέσθαι,
743 1945 840 2001 καὶ
866 1946 928 2001 οὐ
976 1946 1144 2001 πᾶσιν
1172 1944 1363 2010 ἁπλῶς
1387 1945 1707 2016 ἐκκείμενον
1731 1942 1842 1997 τῶν
1865 1939 2038 2012 ἁγίων

2149 1955 2287 2010 mus,
2320 1957 2390 1998 ne
2417 1943 2716 2015 projiciant
2740 1958 2868 1998 eum
2905 1946 3135 2001 canibus
3163 1947 3211 1978 “
3235 1988 3250 2011 ,
3291 1960 3467 2017 neque
3499 1942 3744 2015 profanis

433 2037 737 2111 προφητῶν
767 2039 862 2093 τὸν
888 2038 1069 2108 λόγον,
1092 2038 1181 2095 ἵνα
1214 2037 1290 2110 μὴ
1327 2034 1641 2110 βάλ[λ]ηται
1682 2034 1821 2108 πρὸς
1857 2030 2038 2089 αὐτῶν

432 2134 551 2197 τοῖς
583 2132 732 2197 κυσὶ,
767 2132 906 2203 μήτε
940 2130 1048 2203 μὴν
1068 2134 1183 2197 τοῖς
1205 2129 1455 2203 βεϐήλοις
1479 2129 1575 2184 ml.
1609 2127 2039 2201 βδελυρωτάτας

432 2227 465 2279 6
498 2224 681 2296 μόνοις
707 2223 939 2296 πρέπων
975 2224 1153 2295 ἁγίοις
1190 2221 1607 2297 ὲκκαλῦπτηται
1637 2221 1817 2292 λόγος.

510 2315 620 2372 Καὶ
649 2318 763 2372 οὐκ
791 2315 969 2372 ἔσται
1005 2317 1344 2384 Χαναναῖος
1378 2319 1492 2372 οὐκ
1530 2316 1617 2372 ἔτι
1646 2317 1719 2371 ἐν
1739 2315 1883 2380 οἴκῳ
1922 2317 2039 2370 Κυ-

424 2409 571 2477 ρίου
614 2406 1103 2477 παντοκράτορος
1129 2408 1201 2463 ἐν
1230 2407 1305 2479 τῇ
1344 2407 1536 2478 ἡμέρᾳ
1560 2408 1787 2476 ἐκείνῃ.

511 2503 657 2557 Ρ1Ζ’.
697 2500 910 2567 Σαθρόν
946 2517 1008 2555 τε
1056 2502 1151 2557 καὶ⁵
1180 2500 1571 2556 εὑδιάκλαστον
1613 2500 1725 2554 τῶν
1755 2497 2045 2575 ἀρχαιοτὲ-

436 2613 553 2668 ρων
575 2594 669 2650 τὸν
704 2592 832 2648 νοῦν
851 2593 1062 2649 κατίδοι
1088 2612 1173 2659 τις
1202 2594 1291 2660 ἀν,
1323 2595 1420 2650 καὶ
1442 2593 1796 2665 ταλαίπωρον
1818 2592 2039 2664 κομιδῇ.

434 2687 825 2763 Λελύτρωνται
875 2690 975 2761 μὲν
1027 2687 1086 2756 ἐξ
1137 2688 1417 2759 Αἰγύπτου
1467 2687 1557 2742 διὰ
1599 2686 1845 2751 Μωσέως
1887 2687 1938 2740 οί
1984 2686 2046 2755 ἐξ

448 2781 692 2856 Ἰσραήλ,
726 2783 823 2837 καὶ
858 2782 962 2854 τῆς
989 2782 1269 2854 ἀφορήτου
1298 2782 1548 2847 δουλείας
1593 2782 1916 2837 ἀπεσείοντο
1953 2781 2047 2835 τὸν

434 2877 606 2948 ζυγὸν
625 2919 640 2944 ,
685 2876 957 2931 πλείστων
984 2892 1044 2930 τε
1076 2876 1218 2929 ὅσων
1244 2877 1341 2930 καὶ
1371 2875 1720 2943 ἀξιαγὰστων
1749 2877 1837 2930 ἐπ’
1863 2874 2048 2938 αὐτοῖς

434 2968 844 3041 τετελεσμένων
867 2968 1133 3041 σημείων,
1156 2968 1389 3042 ἐξῄεσαν
1417 2970 1593 3041 μόλις·
1623 2966 2050 3039 διεϐιϐἀσθησαν

434 3062 499 3117 δὲ
544 3061 640 3116 καὶ
686 3061 778 3116 διὰ
827 3061 1108 3132 θαλάσσης
1153 3061 1349 3131 αὐτῆς,
1405 3059 1801 3133 κατεδηδόκασί
1849 3077 1912 3113 τε
1960 3059 2049 3114 τὸν

437 3157 613 3228 ἄρτον
640 3152 732 3209 τδν
759 3154 821 3221 ἐξ
844 3153 1099 3227 οὐρανοῦ,
1130 3154 1226 3209 καὶ
1254 3153 1400 3226 ὕδωρ
1431 3156 1496 3207 ὲκ
1525 3153 1733 3225 πέτρας
1765 3154 2050 3225 ἀδοκήτως

438 3245 772 3316 ἐκκομισθὲν
796 3247 855 3298 ὲν
880 3247 948 3317 τῇ
980 3244 1177 3316 ἐρήμῳ
1211 3238 1526 3298 πεπώκασι.
1559 3241 1625 3301 Τί
1665 3236 1761 3295 οὖν
1792 3241 1842 3297 οἱ
1885 3239 2051 3299 τάλα-

2141 2042 2195 2090 et
2234 2034 2577 2092 detestandis
2612 2034 2887 2092 reveletur
2908 2037 3160 2106 verbum,
3190 2038 3334 2110 quod
3359 2037 3503 2093 solos
3525 2045 3747 2091 sanctus

2140 2126 2314 2183 decet.

2212 2307 2285 2365 Ει
2334 2325 2438 2365 non
2491 2310 2593 2365 erit
2634 2308 2778 2366 ultra
2821 2308 3163 2367 Chananaztts
3217 2309 3274 2364 in
3320 2308 3478 2364 domo
3532 2305 3754 2363 Domini

2144 2406 2519 2473 omnipotentis
2554 2406 2610 2461 in
2641 2405 2728 2461 die
2753 2405 2872 2461 illa.

2217 2496 2426 2555 CXVII.
2462 2495 2766 2567 Inﬁrmam,
2810 2507 2867 2555 et
2904 2497 3156 2571 fragilem
3204 2505 3449 2552 veterum
3486 2505 3749 2565 mentem,

2146 2599 2199 2645 et
2224 2590 2482 2649 miseram
2514 2591 2672 2649 valde
2704 2592 2894 2648 videre
2923 2607 3116 2664 queas.
3162 2589 3404 2648 Liberati
3439 2588 3569 2647 sunt
3603 2591 3747 2651 enim

2146 2699 2212 2741 ex
2274 2683 2512 2758 AEgypte
2563 2700 2665 2757 per
2713 2684 2901 2742 Mosen
2955 2684 3243 2751 israelitai,
3293 2691 3348 2741 et
3409 2683 3751 2739 intolerabile

2149 2779 2434 2834 servitutis
2457 2777 2650 2850 jngum
2685 2788 3075 2848 excusserunt,
3113 2778 3382 2850 longeque
3412 2776 3665 2849 plurimis
3696 2786 3754 2833 et

2152 2869 2568 2926 admirabilibus
2617 2870 2791 2941 signis
2832 2869 2888 2925 in
2923 2885 2984 2925 se
3027 2868 3192 2925 editis
3225 2869 3442 2924 tandem
3471 2869 3752 2936 exierunt,

2151 2962 2601 3034 transieruntque
2629 2978 2729 3035 per
2753 2978 2907 3019 mare
2937 2963 3139 3035 ipsum,
3166 2963 3526 3018 comederunt
3554 2976 3753 3032 panem

2152 3056 2220 3111 de
2253 3055 2416 3121 caelo,
2453 3064 2510 3113 et
2543 3071 2741 3127 aquam
2775 3056 2841 3111 de
2878 3062 3035 3127 petra
3084 3057 3465 3125 inexspectato
3499 3055 3752 3109 eductam

2155 3148 2208 3202 in
2255 3146 2553 3203 solitudine
2586 3148 2930 3204 biberunt”.
2960 3147 3102 3217 Quid
3143 3149 3309 3219 igitur
3343 3148 3575 3204 miseri?
3600 3148 3756 3202 Mose

2156 3241 2407 3307 absente,
2429 3240 2656 3295 vitulum
2682 3239 2992 3297 conﬂarunt
3014 3240 3082 3306 “,
3101 3249 3156 3295 et
3176 3250 3228 3295 ut
3255 3241 3520 3312 propheta
3549 3238 3757 3295 habet:

439 3356 563 3407 veg;
610 3336 1179 3409 Μεμοσχοποιήκασιν
1225 3335 1461 3399 ἀπόντος
1509 3332 1778 3399 Μωσέως,
1826 3333 1922 3387 καὶ
1972 3332 2049 3396 ὡς

2162 3351 2181 3385 ι
2214 3331 2590 3404 Susceperunt
2643 3334 3056 3390 tabernaculum
3100 3332 3336 3399 Molocb,
3379 3344 3435 3391 et
3470 3335 3621 3391 sidus
3662 3333 3754 3389 Dei

440 3434 475 3491 ὁ
516 3433 806 3504 προφήτης
854 3430 1042 3501 φησὶν,
1103 3448 1123 3482 ι
1195 3425 1488 3481 Ἀνέλαϐον
1537 3425 1641 3495 τὴν
1690 3424 1903 3498 σκηνὴν
1952 3424 2069 3478 τοῦ·

440 3523 643 3596 Μολὸχ.
691 3525 788 3578 καὶ
825 3520 888 3577 τὸ
920 3521 1123 3594 ἄστρον
1154 3518 1249 3574 τοῦ
1279 3517 1415 3573 Θεοῦ
1444 3516 1624 3572 αὐτῶν
1667 3516 1890 3588 Ῥεφάν,
1920 3516 2052 3582 τοὺς

439 3617 647 3683 τύπους
692 3614 786 3681 οὓς
821 3615 1158 3687 πεποιήκασι
1211 3613 1539 3684 προσκυνεῖν
1580 3611 1785 3675 αὐτοῖς.
1834 3630 1854 3664 ι
1909 3609 2049 3663 Ἀλλ’

439 3715 644 3773 ἐκεῖνοι
696 3710 797 3784 μὲν
847 3706 1156 3763 διολώλασι.
1219 3725 1240 3759 ι
1306 3706 1576 3764 Πέπτωκε
1614 3703 1728 3776 γάρ
1778 3701 1851 3760 τὰ
1899 3701 2051 3761 κῶλα

442 3806 630 3863 αὐτῶν
658 3806 716 3859 ὲν
756 3806 822 3877 τῇ
861 3804 1077 3876 ἐρήμῳ,
1119 3820 1138 3854 ι
1175 3798 1322 3856 καθά
1348 3799 1684 3872 γέγραπται.
1732 3796 1955 3869 Ἐπειδὴ
1994 3798 2053 3852 δὲ

439 3896 706 3969 διέϐησαν
728 3895 821 3950 τὸν
854 3893 1129 3967 Ἰορδάνην
1149 3892 1198 3946 οί
1227 3890 1345 3964 μετ’
1364 3890 1586 3955 αὐτοὺς,
1610 3888 2052 3962 στρατηγοῦντος

456 3988 660 4062 Ἰησοῦ,
708 3987 870 4043 πάλιν
919 3984 1016 4040 τοῦ
1061 3982 1257 4057 χρόνου
1304 3980 1718 4055 προϐαίνοντος,
1760 3978 2052 4049 γεγονότες

444 4082 556 4139 ὑπὸ
596 4079 821 4154 κριτὰς,
846 4077 1247 4152 λελιτρεῦκασι
1277 4074 1392 4139 τοῖς
1435 4071 1697 4137 εἰδώλοις.
1747 4070 1914 4131 Ἀλλά
1956 4072 2055 4127 καὶ

444 4181 509 4233 ὲν
553 4178 771 4250 καιροῖς
813 4175 925 4229 τῶν
952 4171 1123 4242 ἁγίων
1156 4169 1457 4244 προφητῶν
1499 4165 1766 4221 τεθΰκασι
1806 4167 1931 4230 ταῖς
1961 4165 2057 4220 δα-

447 4270 650 4345 μάλεσι
682 4270 805 4332 ταῖς
832 4268 1086 4340 χρυσαῖς,
1120 4263 1188 4330 ἀς
1223 4261 1529 4334 πεποίηκεν
1564 4261 1749 4326 αὐτοῖς
1779 4261 1809 4315 6
1841 4258 2056 4332 ἐπάρα-

443 4381 542 4428 τος
582 4360 888 4436 ἰεροϐοάμ.
926 4358 1036 4414 Καὶ
1070 4357 1210 4430 πρὸς
1245 4355 1458 4421 τούτοις
1498 4354 1580 4409 ἔτι
1608 4354 1814 4427 τεμένη
1859 4370 1919 4408 τε
1960 4353 2057 4408 καὶ

449 4446 674 4533 βωμοῦς
705 4454 1048 4521 ἀνιστάντες,
1083 4452 1239 4519 οὐδὲν
1261 4444 1429 4524 ἦττον
1464 4449 1954 4521 προσκεκυνήκασι
1978 4446 2057 4519 τῷ

444 4554 618 4621 Βαὰλ,
650 4552 730 4625 τῷ
754 4549 985 4623 Χαμὼς,
1017 4551 1085 4622 τῇ
1129 4544 1425 4621 ’Δστάρτῃ,
1454 4545 1537 4618 τῷ
1563 4541 1913 4615 Βεελφεγώρ.
1943 4542 2057 4601 Καὶ

444 4648 512 4704 τδ
538 4647 749 4703 τούτων
779 4643 1041 4699 ἐπέκεινα
1070 4641 1181 4696 τῶν
1210 4640 1422 4702 κακῶν,
1462 4640 1525 4693 οὐ
1559 4636 1670 4709 γὰρ
1706 4636 1773 4708 δὴ
1800 4637 1902 4709 τὴν
1927 4636 2058 4704 ἁγε-

2154 3426 2398 3499 ipsorum
2439 3426 2750 3499 Rhempha,
2804 3427 3012 3500 ﬁguras
3047 3443 3189 3498 quas
3229 3428 3477 3484 fecerunt
3521 3428 3758 3484 adorare

2155 3534 2248 3576 eas
2269 3520 2337 3576 ".
2369 3538 2389 3573 ι
2416 3516 2526 3601 Sed
2548 3518 2622 3601 illi
2643 3521 2861 3593 quidem
2882 3523 3182 3594 perierunt.
3209 3541 3228 3576 ι
3253 3522 3582 3580 Ceciderunt
3609 3522 3756 3579 enim

2157 3600 2419 3669 membra
2472 3600 2663 3671 eorum
2729 3615 2785 3671 in
2871 3617 3128 3682 deserto,
3181 3637 3201 3671 ι
3272 3616 3418 3673 sicut
3484 3617 3754 3687 scriptum

2155 3706 2328 3763 est".
2362 3705 2462 3763 Ast
2488 3707 2580 3763 ubi
2616 3702 2822 3778 posteri
2848 3724 3036 3766 eorum
3065 3708 3359 3767 Jordanem
3394 3711 3756 3778 transierunt,

2156 3799 2293 3856 duce
2322 3798 2512 3866 Josue,
2545 3800 2743 3857 deinde
2774 3803 3106 3870 procedente
3149 3812 3396 3874 tempore
3428 3805 3533 3859 sub
3554 3802 3760 3875 judici-

2155 3890 2259 3948 bus
2293 3889 2536 3959 fuerunt,
2589 3893 2903 3950 servierunt
2940 3895 3121 3951 idolis.
3155 3895 3261 3952 Sed
3309 3904 3364 3952 ct
3421 3896 3762 3965 temporibus

2157 3993 2478 4041 sanctorum
2520 3987 2910 4058 prophetarum
2956 3987 3411 4065 sacriﬁcaverunt
3438 3988 3628 4045 vitulis
3660 4003 3764 4044 au—

2157 4075 2297 4139 reis,
2333 4090 2476 4146 quos
2499 4076 2582 4133 eis
2608 4075 2747 4135 fecit
2785 4074 3111 4155 maledictus
3134 4068 3516 4155 Jeroboam".
3552 4079 3619 4134 Et
3668 4079 3757 4133 in-

2157 4184 2326 4239 super
2354 4170 2601 4239 delubra,
2635 4181 2691 4227 et
2727 4187 2854 4228 aras
2889 4173 3188 4243 erigentes,
3223 4170 3580 4230 nihilominus
3606 4173 3759 4238 Baal.

2158 4259 2420 4327 Chamos,
2459 4261 2741 4329 Astarten,
2774 4260 3113 4334 Beelphegor
3151 4263 3474 4320 adorabant.
3518 4265 3586 4321 Et
3616 4267 3762 4337 quod

2160 4353 2322 4409 malis
2353 4353 2474 4411 istis
2512 4354 2691 4426 pejus,
2742 4370 2851 4412 non
2884 4353 3159 4426 plebeium
3206 4366 3261 4411 et
3295 4356 3536 4427 ignobile
3565 4360 3762 4432 vulgus

2162 4456 2374 4503 tantum
2421 4447 2478 4503 in
2509 4447 2603 4523 his
2630 4447 2806 4507 fuisse
2836 4449 3090 4529 dicimus,
3140 4451 3236 4506 sed
3272 4465 3340 4506 ex
3388 4451 3509 4521 ipso
3543 4466 3763 4522 quoque

2160 4538 2510 4597 sacerdotum
2538 4541 2736 4598 ordine
2762 4526 2968 4603 multos
2997 4526 3289 4600 deﬂexisse
3315 4552 3554 4600 constat.
3580 4544 3762 4613 Quare

2162 4639 2219 4689 et
2252 4644 2351 4704 per
2381 4626 2709 4705 prophetam
2744 4630 2964 4692 dicebat
2996 4632 3139 4691 Dens
3173 4651 3187 4689 :
3223 4653 3242 4688 ι
3275 4634 3605 4692 Sacerdotes
3654 4652 3762 4691 non

444 4695 632 4799 ᾇᾷιᾷἷ
1153 4733 1369 4806 πληθὺν
1408 4695 1583 4805 μόνην
1628 4695 1686 4785 έν
1714 4695 1928 4792 τούτοις
1957 4695 2054 4798 γε·

2162 4727 2462 4788 dixernnt:
2497 4727 2601 4790 Ubi
2653 4738 2738 4786 est
2783 4728 3089 4785 Dominus?
3118 4739 3174 4785 et
3216 4730 3538 4801 proﬁtentes
3585 4729 3763 4803 legem

445 4831 639 4889 νέσθαι
673 4828 857 4902 φαμὲν
877 4871 893 4897 ,
924 4827 1061 4882 ἀλλά
1090 4825 1201 4899 γὰρ
1229 4825 1326 4879 καὶ
1369 4821 1443 4899 ἐξ,
1475 4821 1656 4878 αὐτῶν
1695 4821 1807 4876 τῶν
1861 4819 2052 4892 ἱερέων

2161 4836 2269 4877 non
2308 4823 2679 4892 agnoscebant
2723 4838 2830 4888 me,
2859 4832 2912 4878 et
2937 4821 3105 4894 815
3131 4833 3382 4894 pastores
3434 4822 3601 4893 impie
3633 4838 3764 4895 age-

444 4922 846 4987 ὲκκεκλικὰτας
904 4919 1137 4987 πολλοὺς
1209 4918 1537 4989 εὑρήσομεν.
1603 4913 1898 4986 Τοιγάρτοι
1959 4911 2055 4967 καὶ

2161 4916 2296 4973 bant
2323 4915 2377 4970 in
2413 4929 2520 4984 me,
2556 4924 2614 4972 et
2639 4916 2920 4986 prophetm
2948 4915 3351 4987 prophetabant
3380 4915 3532 4983 Baal,
3560 4926 3614 4972 et
3640 4929 3766 4989 post

444 4998 657 5090 ἔφασκὲ
687 5013 778 5071 διὰ
808 5011 906 5069 τοῦ
947 5011 1234 5085 προφήτου
1276 5011 1307 5064 6
1357 5008 1525 5073 Θεόςο
1573 5025 1593 5060 ι
1631 5006 1694 5062 Ol
1732 5006 1897 5078 ἱερεῖς
1952 5003 2056 5058 οὐκ

2165 5007 2357 5063 inutile
2388 5005 2644 5065 abierunt
2666 5007 2735 5061 ’⁸.
2771 5027 2792 5062 ι
2823 5007 2973 5065 Vidit
3004 5010 3172 5065 etiam
3202 5011 3469 5082 propheta
3496 4998 3765 5067 Ezechiel

442 5108 646 5167 εἶπαν·
679 5106 793 5165 Ποῦ
837 5110 955 5162 ἐστι
996 5104 1244 5177 Κύριοςς
1292 5101 1390 5157 καὶ
1420 5102 1469 5155 oi
1502 5100 1854 5173 ἀντεχόμενοι
1884 5100 2052 5170 νόμου

2164 5099 2387 5159 circiter
2426 5098 2617 5171 viginti
2650 5099 2893 5171 quinque
2939 5099 3088 5156 viros
3139 5100 3208 5156 de
3239 5102 3555 5157 senioribus
3596 5101 3764 5156 Israel

441 5204 552 5258 οὐκ
585 5199 889 5273 ἠπίσταντό
920 5214 1009 5270 με,
1050 5196 1147 5250 καὶ
1170 5196 1219 5249 οἱ
1249 5193 1509 5266 ποιμένες
1538 5191 1773 5264 ἠσέϐουν
1810 5191 1891 5254 εἰς
1927 5189 2051 5260 ἐμὲ,

2165 5202 2319 5264 terga
2354 5202 2566 5250 tantum
2592 5194 2945 5251 obvertentes
2977 5194 3182 5266 templo
3219 5195 3460 5262 Domini,
3494 5205 3550 5250 et
3580 5195 3768 5249 vultus

444 5296 547 5351 καὶ¹
584 5296 635 5350 οί
680 5292 962 5368 προφῆται
1009 5289 1386 5363 προεφήτευον
1427 5288 1493 5359 τῇ
1538 5284 1708 5349 Βαὰλ,
1744 5285 1841 5339 καὶ
1876 5281 2061 5340 ὀπίσω,

2163 5287 2501 5347 avertentes,
2538 5293 2605 5336 ac
2644 5280 2815 5336 solem
2843 5295 3037 5337 versus
3066 5279 3338 5336 orientem
3375 5278 3671 5335 adorantes
3695 5281 3766 5334 θ’.

445 5387 768 5461 ἀνωφελοῦς
822 5383 1223 5458 ἐπορεύθησαν.
1266 5400 1284 5433 ι
1334 5379 1600 5433 Τεθέαται
1643 5378 1700 5433 δὲ
1729 5377 1825 5432 καὶ
1858 5378 1888 5430 6
1925 5393 2061 5447 προ-

2159 5373 2229 5429 Et
2269 5374 2647 5444 hujuscemodi
2681 5373 2916 5447 plurima
2964 5373 3318 5431 accumulare
3361 5372 3502 5429 nihil
3538 5382 3623 5429 est
3675 5390 3770 5428 nec

446 5480 637 5558 φήτης
674 5479 939 5554 ἰεζεχιὴλ
965 5478 1043 5543 ὡς
1069 5477 1244 5535 εἴκοσι
1284 5474 1380 5531 καὶ
1422 5473 1584 5529 πέντε
1627 5472 1829 5545 ἄνδρας
1858 5471 1924 5525 ἐκ
1950 5468 2060 5524 τῶν

2162 5465 2316 5538 gotii.
2357 5463 2699 5537 Suﬂ‘ecerint
2720 5474 2927 5530 autem,
2966 5465 3290 5538 opino:,_et.’
3316 5464 3435 5521 haec
3474 5464 3541 5518 ad
3574 5478 3767 5520 eorum

446 5546 847 5646 πρεσϐυτέρων
894 5546 1152 5642 λισραὴλ,
1210 5564 1281 5620 τά
1334 5564 1561 5620 ὀπίσθια
1621 5562 1783 5636 μόνον
1836 5560 2064 5634 ἔχοντας

2163 5556 2457 5614 ruditatem
2524 5557 2978 5614 convincendum.
3044 5555 3186 5628 Ergo
3250 5555 3555 5611 ﬁnctuahat
3615 5570 3771 5611 mens

449 5643 593 5741 πρὸς
623 5643 883 5721 τδνήναδν
913 5662 1147 5734 Κυρίου,
1183 5658 1278 5715 καὶ
1312 5657 1380 5714 τά
1419 5657 1692 5729 πρόσωπα
1721 5653 1906 5710 αὐτῶν
1952 5655 2065 5709 ἀπ-

2164 5661 2442 5719 vetemm,
2481 5659 2543 5707 et
2581 5649 2852 5706 deiirabat
2900 5663 3255 5722 magnopere.
3292 5643 3566 5717 Quocirca
3601 5658 3663 5707 et
3703 5648 3771 5705 de

527 5872 574 5906 "
608 5870 798 5927 Matth.
825 5887 920 5935 vn,
950 5869 1004 5924 6.
1070 5866 1124 5941 ’³,
1154 5866 1323 5941 Exod.
1359 5866 1517 5941 srv,_i
1550 5881 1702 5937 seqq.
1735 5881 1910 5941 ipp]:
1952 5865 1971 5919 l
2015 5878 2191 5941 seqq;
2225 5858 2383 5915 Nam.
2412 5872 2481 5941 rx
2506 5900 2518 5925 ,
2542 5856 2692 5941 tit}:
2753 5855 2804 5941 ¹ξ
2835 5854 3006 5913 Exod.
3032 5858 3265 5941 anum!
3302 5873 3456 5935 seqq.
3516 5850 3569 5933 ,κ
3601 5857 3778 5919 Amos

452 5961 514 6010 ν,
543 5944 637 6000 26.
714 5930 948 5998 "Hebr.
986 5955 1066 6006 ιιι,
1108 5940 1192 5993 17.
1275 5939 1319 5971 ⁸⁷
1356 5937 1431 5995 Ill
1451 5937 1581 6009 Reg.
1620 5930 1932 6000 {1-1.28—53.
2012 5937 2057 5969 ”

2149 5949 2290 5991 :rem.
2324 5948 2386 5997 ll,
2420 5932 2471 5985 8.
2568 5933 2613 5962 ἰ’
2646 5930 2845 5984 Ezech.
2882 5944 2999 5997 \‘lll,
3026 5930 3113 5989 {6.
