  <div class='ocr_page' id='page_1' title='image "/cluster/home/n/w/nwhite01/storage/ocr_20150623/72:no.5/coo.31924054869700/146.png"; bbox 0 0 4098 6494; ppageno 0'>
   <div class='ocr_carea' id='block_1_1' title="bbox 404 419 510 475">
    <p class='ocr_par' dir='ltr' id='par_1_1' title="bbox 404 419 510 475">
     <span class='ocr_line' id='line_1_1' title="bbox 404 419 510 475; baseline 0.009 -2"><span class='ocrx_word' id='word_1_1' title='bbox 404 419 510 475; x_wconf 72' lang='grc' dir='ltr'><strong>2η</strong></span> 
     </span>
    </p>
   </div>
   <div class='ocr_carea' id='block_1_2' title="bbox 1275 401 2888 472">
    <p class='ocr_par' dir='ltr' id='par_1_2' title="bbox 1275 401 2888 472">
     <span class='ocr_line' id='line_1_2' title="bbox 1275 401 2888 472; baseline -0.008 -2"><span class='ocrx_word' id='word_1_2' title='bbox 1275 410 1835 472; x_wconf 69' lang='lat' dir='ltr'><strong>COMMENTARIUS</strong></span> <span class='ocrx_word' id='word_1_3' title='bbox 1874 407 1943 464; x_wconf 65' lang='lat' dir='ltr'><strong>IN</strong></span> <span class='ocrx_word' id='word_1_4' title='bbox 1982 405 2393 464; x_wconf 76' lang='lat' dir='ltr'><strong>MALACHIAM</strong></span> <span class='ocrx_word' id='word_1_5' title='bbox 2443 401 2888 466; x_wconf 66' lang='grc' dir='ltr'><strong>ΡΒΟΡΠΕΤᾹΜ,</strong></span> 
     </span>
    </p>
   </div>
   <div class='ocr_carea' id='block_1_3' title="bbox 3619 399 3726 456">
    <p class='ocr_par' dir='ltr' id='par_1_3' title="bbox 3619 399 3726 456">
     <span class='ocr_line' id='line_1_3' title="bbox 3619 399 3726 456; baseline -0.075 0"><span class='ocrx_word' id='word_1_6' title='bbox 3619 399 3726 456; x_wconf 66' lang='lat'><strong>979</strong></span> 
     </span>
    </p>
   </div>
   <div class='ocr_carea' id='block_1_4' title="bbox 408 520 2043 608">
    <p class='ocr_par' dir='ltr' id='par_1_4' title="bbox 408 527 2019 608">
     <span class='ocr_line' id='line_1_4' title="bbox 408 527 2019 608; baseline -0.004 -18"><span class='ocrx_word' id='word_1_7' title='bbox 408 536 698 608; x_wconf 83' lang='grc' dir='ltr'><strong>μαλωσίας</strong></span> <span class='ocrx_word' id='word_1_8' title='bbox 728 527 958 608; x_wconf 79' lang='grc' dir='ltr'><strong>καιρῶν,</strong></span> <span class='ocrx_word' id='word_1_9' title='bbox 986 533 1346 604; x_wconf 74' lang='grc' dir='ltr'><strong>ἀνεκομίζετο</strong></span> <span class='ocrx_word' id='word_1_10' title='bbox 1370 535 1469 604; x_wconf 83' lang='grc' dir='ltr'><strong>μὲν</strong></span> <span class='ocrx_word' id='word_1_11' title='bbox 1487 534 1553 587; x_wconf 77' lang='grc' dir='ltr'><strong>ὲκ</strong></span> <span class='ocrx_word' id='word_1_12' title='bbox 1567 533 1666 603; x_wconf 78' lang='grc' dir='ltr'><strong>τῆς</strong></span> <span class='ocrx_word' id='word_1_13' title='bbox 1697 529 2019 593; x_wconf 77' lang='grc' dir='ltr'><strong>Βαϐυλῶνος</strong></span> 
     </span>
    </p>
   </div>
   <div class='ocr_carea' id='block_1_5' title="bbox 2131 520 3722 608">
    <p class='ocr_par' dir='ltr' id='par_1_5' title="bbox 2131 520 3722 594">
     <span class='ocr_line' id='line_1_5' title="bbox 2131 520 3722 594; baseline -0.004 -12"><span class='ocrx_word' id='word_1_14' title='bbox 2131 528 2250 584; x_wconf 87' lang='lat' dir='ltr'><strong>Ione</strong></span> <span class='ocrx_word' id='word_1_15' title='bbox 2291 530 2342 582; x_wconf 89' lang='lat' dir='ltr'><strong>in</strong></span> <span class='ocrx_word' id='word_1_16' title='bbox 2377 528 2620 582; x_wconf 66' lang='lat' dir='ltr'><strong>.lmltcam</strong></span> <span class='ocrx_word' id='word_1_17' title='bbox 2666 523 2983 594; x_wconf 74' lang='lat' dir='ltr'><strong>remigravit</strong></span> <span class='ocrx_word' id='word_1_18' title='bbox 3019 521 3208 588; x_wconf 84' lang='lat' dir='ltr'><strong>lsrael,</strong></span> <span class='ocrx_word' id='word_1_19' title='bbox 3251 529 3304 580; x_wconf 89' lang='lat' dir='ltr'><strong>et</strong></span> <span class='ocrx_word' id='word_1_20' title='bbox 3337 520 3391 579; x_wconf 86' lang='lat' dir='ltr'><strong>in</strong></span> <span class='ocrx_word' id='word_1_21' title='bbox 3442 522 3722 579; x_wconf 78' lang='lat' dir='ltr'><strong>civitatem</strong></span> 
     </span>
    </p>
   </div>
   <div class='ocr_carea' id='block_1_6' title="bbox 405 619 2016 700">
    <p class='ocr_par' dir='ltr' id='par_1_6' title="bbox 405 619 2016 700">
     <span class='ocr_line' id='line_1_6' title="bbox 405 619 2016 700; baseline -0.004 -18"><span class='ocrx_word' id='word_1_22' title='bbox 405 629 488 694; x_wconf 75' lang='grc' dir='ltr'><strong>εις</strong></span> <span class='ocrx_word' id='word_1_23' title='bbox 505 629 606 700; x_wconf 81' lang='grc' dir='ltr'><strong>τὴν</strong></span> <span class='ocrx_word' id='word_1_24' title='bbox 640 628 904 683; x_wconf 77' lang='grc' dir='ltr'><strong>Ἰουδαίαν</strong></span> <span class='ocrx_word' id='word_1_25' title='bbox 943 630 973 682; x_wconf 94' lang='lat'><strong>6</strong></span> <span class='ocrx_word' id='word_1_26' title='bbox 1018 626 1258 696; x_wconf 81' lang='grc' dir='ltr'><strong>Ἰσραὴλ,</strong></span> <span class='ocrx_word' id='word_1_27' title='bbox 1291 626 1385 680; x_wconf 79' lang='grc' dir='ltr'><strong>καὶ</strong></span> <span class='ocrx_word' id='word_1_28' title='bbox 1416 627 1496 690; x_wconf 86' lang='grc' dir='ltr'><strong>εἰς</strong></span> <span class='ocrx_word' id='word_1_29' title='bbox 1523 625 1623 696; x_wconf 83' lang='grc' dir='ltr'><strong>τὴν</strong></span> <span class='ocrx_word' id='word_1_30' title='bbox 1659 624 1822 694; x_wconf 80' lang='grc' dir='ltr'><strong>ἁγίαν</strong></span> <span class='ocrx_word' id='word_1_31' title='bbox 1859 619 2016 687; x_wconf 78' lang='grc' dir='ltr'><strong>αὖθις</strong></span> 
     </span>
    </p>
   </div>
   <div class='ocr_carea' id='block_1_7' title="bbox 403 718 2018 792">
    <p class='ocr_par' dir='ltr' id='par_1_7' title="bbox 403 718 2018 792">
     <span class='ocr_line' id='line_1_7' title="bbox 403 718 2018 792; baseline -0.002 -17"><span class='ocrx_word' id='word_1_32' title='bbox 403 722 639 790; x_wconf 79' lang='grc' dir='ltr'><strong>ἀφίκετο</strong></span> <span class='ocrx_word' id='word_1_33' title='bbox 666 721 843 783; x_wconf 86' lang='grc' dir='ltr'><strong>πόλιν,</strong></span> <span class='ocrx_word' id='word_1_34' title='bbox 872 721 932 775; x_wconf 83' lang='grc' dir='ltr'><strong>τὸ</strong></span> <span class='ocrx_word' id='word_1_35' title='bbox 960 722 1060 792; x_wconf 82' lang='grc' dir='ltr'><strong>τῆς</strong></span> <span class='ocrx_word' id='word_1_36' title='bbox 1098 720 1345 784; x_wconf 86' lang='grc' dir='ltr'><strong>δουλείας</strong></span> <span class='ocrx_word' id='word_1_37' title='bbox 1379 718 1546 789; x_wconf 77' lang='grc' dir='ltr'>ζυγὸν</span> <span class='ocrx_word' id='word_1_38' title='bbox 1572 719 2018 792; x_wconf 80' lang='grc' dir='ltr'><strong>ἀποφορτισάμε-</strong></span> 
     </span>
    </p>
   </div>
   <div class='ocr_carea' id='block_1_8' title="bbox 402 811 2018 886">
    <p class='ocr_par' dir='ltr' id='par_1_8' title="bbox 402 811 2018 886">
     <span class='ocr_line' id='line_1_8' title="bbox 402 811 2018 886; baseline -0.002 -19"><span class='ocrx_word' id='word_1_39' title='bbox 402 832 516 878; x_wconf 86' lang='grc' dir='ltr'><strong>νος.</strong></span> <span class='ocrx_word' id='word_1_40' title='bbox 565 814 678 868; x_wconf 77' lang='grc' dir='ltr'><strong>Καὶ</strong></span> <span class='ocrx_word' id='word_1_41' title='bbox 725 815 792 886; x_wconf 82' lang='grc' dir='ltr'><strong>δὴ</strong></span> <span class='ocrx_word' id='word_1_42' title='bbox 834 816 862 868; x_wconf 97' lang='lat'><strong>6</strong></span> <span class='ocrx_word' id='word_1_43' title='bbox 894 813 1037 878; x_wconf 81' lang='grc' dir='ltr'><strong>θεῖος</strong></span> <span class='ocrx_word' id='word_1_44' title='bbox 1088 814 1391 885; x_wconf 82' lang='grc' dir='ltr'><strong>ἐγήγερται</strong></span> <span class='ocrx_word' id='word_1_45' title='bbox 1432 813 1578 876; x_wconf 82' lang='grc' dir='ltr'><strong>ναὸς,</strong></span> <span class='ocrx_word' id='word_1_46' title='bbox 1633 811 2018 880; x_wconf 80' lang='grc' dir='ltr'><strong>ἐφεστηκότων</strong></span> 
     </span>
    </p>
   </div>
   <div class='ocr_carea' id='block_1_9' title="bbox 403 897 2020 977">
    <p class='ocr_par' dir='ltr' id='par_1_9' title="bbox 403 897 2020 977">
     <span class='ocr_line' id='line_1_9' title="bbox 403 897 2020 977; baseline 0 -24"><span class='ocrx_word' id='word_1_47' title='bbox 403 905 515 964; x_wconf 81' lang='grc' dir='ltr'><strong>τοῖς</strong></span> <span class='ocrx_word' id='word_1_48' title='bbox 543 901 730 973; x_wconf 78' lang='grc' dir='ltr'><strong>ἔργοις</strong></span> <span class='ocrx_word' id='word_1_49' title='bbox 763 901 1074 974; x_wconf 73' lang='grc' dir='ltr'><strong>Ζοροϐάϐελ.</strong></span> <span class='ocrx_word' id='word_1_50' title='bbox 1098 920 1157 955; x_wconf 88' lang='grc' dir='ltr'><strong>τε</strong></span> <span class='ocrx_word' id='word_1_51' title='bbox 1191 904 1286 956; x_wconf 58' lang='grc' dir='ltr'><strong>καὶ¹</strong></span> <span class='ocrx_word' id='word_1_52' title='bbox 1318 901 1410 957; x_wconf 88' lang='grc' dir='ltr'><strong>τοῦ</strong></span> <span class='ocrx_word' id='word_1_53' title='bbox 1442 901 1741 977; x_wconf 80' lang='grc' dir='ltr'><strong>Σαλαθιήλ,</strong></span> <span class='ocrx_word' id='word_1_54' title='bbox 1768 901 1828 966; x_wconf 83' lang='grc' dir='ltr'><strong>ὃς</strong></span> <span class='ocrx_word' id='word_1_55' title='bbox 1853 897 1921 973; x_wconf 84' lang='grc' dir='ltr'><strong>ἦν</strong></span> <span class='ocrx_word' id='word_1_56' title='bbox 1955 901 2020 954; x_wconf 81' lang='grc' dir='ltr'><strong>ὲκ</strong></span> 
     </span>
    </p>
   </div>
   <div class='ocr_carea' id='block_1_10' title="bbox 405 991 2020 1068">
    <p class='ocr_par' dir='ltr' id='par_1_10' title="bbox 405 991 2020 1068">
     <span class='ocr_line' id='line_1_10' title="bbox 405 991 2020 1068; baseline 0.004 -24"><span class='ocrx_word' id='word_1_57' title='bbox 405 991 584 1062; x_wconf 69' lang='grc' dir='ltr'><strong>ῳυλῆς</strong></span> <span class='ocrx_word' id='word_1_58' title='bbox 633 993 828 1059; x_wconf 80' lang='grc' dir='ltr'><strong>Ἰούδα,</strong></span> <span class='ocrx_word' id='word_1_59' title='bbox 872 996 966 1048; x_wconf 78' lang='grc' dir='ltr'><strong>καὶ</strong></span> <span class='ocrx_word' id='word_1_60' title='bbox 1017 995 1192 1066; x_wconf 87' lang='grc' dir='ltr'><strong>Ἰησοῦ</strong></span> <span class='ocrx_word' id='word_1_61' title='bbox 1237 995 1330 1049; x_wconf 87' lang='grc' dir='ltr'><strong>τοῦ</strong></span> <span class='ocrx_word' id='word_1_62' title='bbox 1388 997 1660 1062; x_wconf 84' lang='grc' dir='ltr'><strong>Ἰωσεδὲκ,</strong></span> <span class='ocrx_word' id='word_1_63' title='bbox 1696 995 1792 1051; x_wconf 85' lang='grc' dir='ltr'><strong>τοῦ</strong></span> <span class='ocrx_word' id='word_1_64' title='bbox 1827 995 2020 1068; x_wconf 72' lang='grc' dir='ltr'><strong>ἱερέως</strong></span> 
     </span>
    </p>
   </div>
   <div class='ocr_carea' id='block_1_11' title="bbox 404 1083 2020 1162">
    <p class='ocr_par' dir='ltr' id='par_1_11' title="bbox 404 1083 2020 1162">
     <span class='ocr_line' id='line_1_11' title="bbox 404 1083 2020 1162; baseline 0.004 -26"><span class='ocrx_word' id='word_1_65' title='bbox 404 1083 501 1136; x_wconf 81' lang='grc' dir='ltr'><strong>τοῦ</strong></span> <span class='ocrx_word' id='word_1_66' title='bbox 540 1085 804 1156; x_wconf 75' lang='grc' dir='ltr'><strong>μεγάλου.</strong></span> <span class='ocrx_word' id='word_1_67' title='bbox 839 1087 1221 1160; x_wconf 85' lang='grc' dir='ltr'><strong>Προεφήτευον</strong></span> <span class='ocrx_word' id='word_1_68' title='bbox 1249 1089 1305 1143; x_wconf 88' lang='grc' dir='ltr'><strong>δὲ</strong></span> <span class='ocrx_word' id='word_1_69' title='bbox 1341 1090 1462 1143; x_wconf 81' lang='grc' dir='ltr'><strong>κατ’</strong></span> <span class='ocrx_word' id='word_1_70' title='bbox 1492 1091 1671 1144; x_wconf 82' lang='grc' dir='ltr'><strong>ἐκεῖνο</strong></span> <span class='ocrx_word' id='word_1_71' title='bbox 1699 1089 1793 1144; x_wconf 85' lang='grc' dir='ltr'><strong>τοῦ</strong></span> <span class='ocrx_word' id='word_1_72' title='bbox 1823 1087 2020 1162; x_wconf 77' lang='grc' dir='ltr'><strong>καιροῦ</strong></span> 
     </span>
    </p>
   </div>
   <div class='ocr_carea' id='block_1_12' title="bbox 406 1178 2020 1252">
    <p class='ocr_par' dir='ltr' id='par_1_12' title="bbox 406 1178 2020 1252">
     <span class='ocr_line' id='line_1_12' title="bbox 406 1178 2020 1252; baseline 0.002 -22"><span class='ocrx_word' id='word_1_73' title='bbox 406 1180 522 1240; x_wconf 80' lang='grc' dir='ltr'><strong>τοῖς</strong></span> <span class='ocrx_word' id='word_1_74' title='bbox 550 1181 616 1232; x_wconf 79' lang='grc' dir='ltr'><strong>ἐκ</strong></span> <span class='ocrx_word' id='word_1_75' title='bbox 640 1179 740 1250; x_wconf 80' lang='grc' dir='ltr'><strong>τῆς</strong></span> <span class='ocrx_word' id='word_1_76' title='bbox 773 1178 1156 1249; x_wconf 72' lang='grc' dir='ltr'><strong>αἰχμαλωσίας</strong></span> <span class='ocrx_word' id='word_1_77' title='bbox 1195 1180 1628 1252; x_wconf 84' lang='grc' dir='ltr'><strong>λελυτρωμένοις</strong></span> <span class='ocrx_word' id='word_1_78' title='bbox 1680 1179 1932 1250; x_wconf 77' lang='grc' dir='ltr'><strong>Ἀγγαῖος</strong></span> <span class='ocrx_word' id='word_1_79' title='bbox 1959 1197 2020 1233; x_wconf 91' lang='grc' dir='ltr'><strong>τε</strong></span> 
     </span>
    </p>
   </div>
   <div class='ocr_carea' id='block_1_13' title="bbox 407 1271 2020 1345">
    <p class='ocr_par' dir='ltr' id='par_1_13' title="bbox 407 1271 2020 1345">
     <span class='ocr_line' id='line_1_13' title="bbox 407 1271 2020 1345; baseline 0.002 -21"><span class='ocrx_word' id='word_1_80' title='bbox 407 1271 507 1324; x_wconf 77' lang='grc' dir='ltr'><strong>καὶ</strong></span> <span class='ocrx_word' id='word_1_81' title='bbox 570 1272 873 1344; x_wconf 75' lang='grc' dir='ltr'><strong>Ζαχαρίας,</strong></span> <span class='ocrx_word' id='word_1_82' title='bbox 926 1273 1137 1345; x_wconf 84' lang='grc' dir='ltr'><strong>Ἔσδρα</strong></span> <span class='ocrx_word' id='word_1_83' title='bbox 1193 1292 1252 1327; x_wconf 89' lang='grc' dir='ltr'><strong>τε</strong></span> <span class='ocrx_word' id='word_1_84' title='bbox 1308 1275 1403 1329; x_wconf 80' lang='grc' dir='ltr'><strong>καὶ</strong></span> <span class='ocrx_word' id='word_1_85' title='bbox 1454 1275 1694 1344; x_wconf 85' lang='grc' dir='ltr'><strong>Νεεμίου</strong></span> <span class='ocrx_word' id='word_1_86' title='bbox 1750 1275 2020 1329; x_wconf 83' lang='grc' dir='ltr'><strong>συνόντων</strong></span> 
     </span>
    </p>
   </div>
   <div class='ocr_carea' id='block_1_14' title="bbox 408 1364 2020 1438">
    <p class='ocr_par' dir='ltr' id='par_1_14' title="bbox 408 1364 2020 1438">
     <span class='ocr_line' id='line_1_14' title="bbox 408 1364 2020 1438; baseline 0.001 -22"><span class='ocrx_word' id='word_1_87' title='bbox 408 1364 598 1428; x_wconf 77' lang='grc' dir='ltr'><strong>αὐτοῖς</strong></span> <span class='ocrx_word' id='word_1_88' title='bbox 630 1365 738 1418; x_wconf 80' lang='grc' dir='ltr'><strong>τῶν</strong></span> <span class='ocrx_word' id='word_1_89' title='bbox 775 1365 1100 1438; x_wconf 85' lang='grc' dir='ltr'><strong>ίερουργῶν.</strong></span> <span class='ocrx_word' id='word_1_90' title='bbox 1144 1366 1454 1437; x_wconf 86' lang='grc' dir='ltr'><strong>Σύγχρονος</strong></span> <span class='ocrx_word' id='word_1_91' title='bbox 1481 1365 1540 1419; x_wconf 75' lang='grc' dir='ltr'><strong>δὲ</strong></span> <span class='ocrx_word' id='word_1_92' title='bbox 1567 1367 1682 1428; x_wconf 88' lang='grc' dir='ltr'><strong>τοῖς</strong></span> <span class='ocrx_word' id='word_1_93' title='bbox 1712 1382 1817 1436; x_wconf 86' lang='grc' dir='ltr'><strong>μνη</strong></span> <span class='ocrx_word' id='word_1_94' title='bbox 1828 1382 2020 1436; x_wconf 78' lang='grc' dir='ltr'><strong>μονευο</strong></span> 
     </span>
    </p>
   </div>
   <div class='ocr_carea' id='block_1_15' title="bbox 409 1456 2024 1530">
    <p class='ocr_par' dir='ltr' id='par_1_15' title="bbox 409 1456 2024 1530">
     <span class='ocr_line' id='line_1_15' title="bbox 409 1456 2024 1530; baseline 0 -20"><span class='ocrx_word' id='word_1_95' title='bbox 409 1456 585 1511; x_wconf 82' lang='grc' dir='ltr'>θεῖσιν</span> <span class='ocrx_word' id='word_1_96' title='bbox 617 1457 796 1527; x_wconf 81' lang='grc' dir='ltr'>ἁγίοις</span> <span class='ocrx_word' id='word_1_97' title='bbox 829 1460 1162 1530; x_wconf 77' lang='grc' dir='ltr'><strong>προφήταις,</strong></span> <span class='ocrx_word' id='word_1_98' title='bbox 1214 1459 1246 1529; x_wconf 82' lang='grc' dir='ltr'>ἢ</span> <span class='ocrx_word' id='word_1_99' title='bbox 1295 1458 1476 1527; x_wconf 82' lang='grc' dir='ltr'><strong>ὀλίγον</strong></span> <span class='ocrx_word' id='word_1_100' title='bbox 1518 1457 1694 1529; x_wconf 81' lang='grc' dir='ltr'><strong>βραχὺ</strong></span> <span class='ocrx_word' id='word_1_101' title='bbox 1731 1457 1851 1529; x_wconf 86' lang='grc' dir='ltr'><strong>μετ’</strong></span> <span class='ocrx_word' id='word_1_102' title='bbox 1878 1458 2024 1512; x_wconf 80' lang='grc' dir='ltr'><strong>ὲκεί-</strong></span> 
     </span>
    </p>
   </div>
   <div class='ocr_carea' id='block_1_16' title="bbox 407 1549 2020 1622">
    <p class='ocr_par' dir='ltr' id='par_1_16' title="bbox 407 1549 2020 1622">
     <span class='ocr_line' id='line_1_16' title="bbox 407 1549 2020 1622; baseline -0.001 -19"><span class='ocrx_word' id='word_1_103' title='bbox 407 1567 559 1614; x_wconf 89' lang='grc' dir='ltr'><strong>νους,</strong></span> <span class='ocrx_word' id='word_1_104' title='bbox 580 1551 674 1604; x_wconf 74' lang='grc' dir='ltr'><strong>καὶ</strong></span> <span class='ocrx_word' id='word_1_105' title='bbox 692 1553 720 1603; x_wconf 93' lang='lat'><strong>6</strong></span> <span class='ocrx_word' id='word_1_106' title='bbox 742 1550 1036 1615; x_wconf 81' lang='grc' dir='ltr'>Θεσπέσιος</span> <span class='ocrx_word' id='word_1_107' title='bbox 1057 1550 1254 1620; x_wconf 76' lang='grc' dir='ltr'><strong>γέγονε</strong></span> <span class='ocrx_word' id='word_1_108' title='bbox 1281 1551 1596 1622; x_wconf 80' lang='grc' dir='ltr'><strong>Μαλαχίας,</strong></span> <span class='ocrx_word' id='word_1_109' title='bbox 1615 1550 1674 1613; x_wconf 87' lang='grc' dir='ltr'><strong>ὃς</strong></span> <span class='ocrx_word' id='word_1_110' title='bbox 1693 1550 1757 1620; x_wconf 80' lang='grc' dir='ltr'><strong>δὴ</strong></span> <span class='ocrx_word' id='word_1_111' title='bbox 1776 1549 2020 1604; x_wconf 86' lang='grc' dir='ltr'><strong>καλεῖται</strong></span> 
     </span>
    </p>
   </div>
   <div class='ocr_carea' id='block_1_17' title="bbox 408 1637 2020 1716">
    <p class='ocr_par' dir='ltr' id='par_1_17' title="bbox 408 1637 2020 1716">
     <span class='ocr_line' id='line_1_17' title="bbox 408 1637 2020 1716; baseline 0.004 -22"><span class='ocrx_word' id='word_1_112' title='bbox 408 1641 509 1695; x_wconf 76' lang='grc' dir='ltr'><strong>καὶ</strong></span> <span class='ocrx_word' id='word_1_113' title='bbox 547 1643 813 1711; x_wconf 77' lang='grc' dir='ltr'><strong>Ἀγγελος</strong></span> <span class='ocrx_word' id='word_1_114' title='bbox 841 1660 854 1675; x_wconf 86' lang='grc'><strong>·</strong></span> <span class='ocrx_word' id='word_1_115' title='bbox 883 1643 1304 1716; x_wconf 84' lang='grc' dir='ltr'><strong>διερμηνεύεται</strong></span> <span class='ocrx_word' id='word_1_116' title='bbox 1329 1643 1439 1716; x_wconf 83' lang='grc' dir='ltr'><strong>γὰρ</strong></span> <span class='ocrx_word' id='word_1_117' title='bbox 1464 1637 1566 1698; x_wconf 79' lang='grc' dir='ltr'><strong>ὦδε</strong></span> <span class='ocrx_word' id='word_1_118' title='bbox 1593 1643 1904 1714; x_wconf 83' lang='grc' dir='ltr'><strong>Μαλαχίας.</strong></span> <span class='ocrx_word' id='word_1_119' title='bbox 1945 1643 2020 1700; x_wconf 78' lang='grc' dir='ltr'><strong>Οὐ</strong></span> 
     </span>
    </p>
   </div>
   <div class='ocr_carea' id='block_1_18' title="bbox 412 1735 2022 1810">
    <p class='ocr_par' dir='ltr' id='par_1_18' title="bbox 412 1735 2022 1810">
     <span class='ocr_line' id='line_1_18' title="bbox 412 1735 2022 1810; baseline 0.001 -22"><span class='ocrx_word' id='word_1_120' title='bbox 412 1735 790 1807; x_wconf 78' lang='grc' dir='ltr'><strong>παραδεκτέον</strong></span> <span class='ocrx_word' id='word_1_121' title='bbox 811 1735 936 1801; x_wconf 88' lang='grc' dir='ltr'><strong>τούς</strong></span> <span class='ocrx_word' id='word_1_122' title='bbox 959 1755 1122 1792; x_wconf 89' lang='grc' dir='ltr'><strong>τινων</strong></span> <span class='ocrx_word' id='word_1_123' title='bbox 1158 1738 1302 1810; x_wconf 75' lang='grc' dir='ltr'><strong>περὶ.</strong></span> <span class='ocrx_word' id='word_1_124' title='bbox 1320 1737 1488 1791; x_wconf 79' lang='grc' dir='ltr'><strong>αὑτοῦ</strong></span> <span class='ocrx_word' id='word_1_125' title='bbox 1515 1735 1728 1805; x_wconf 80' lang='grc' dir='ltr'><strong>λόγους,</strong></span> <span class='ocrx_word' id='word_1_126' title='bbox 1762 1736 1811 1790; x_wconf 84' lang='grc' dir='ltr'><strong>οἳ</strong></span> <span class='ocrx_word' id='word_1_127' title='bbox 1845 1737 2022 1808; x_wconf 82' lang='grc' dir='ltr'><strong>μάτην</strong></span> 
     </span>
    </p>
   </div>
   <div class='ocr_carea' id='block_1_19' title="bbox 410 1828 2022 1902">
    <p class='ocr_par' dir='ltr' id='par_1_19' title="bbox 410 1828 2022 1902">
     <span class='ocr_line' id='line_1_19' title="bbox 410 1828 2022 1902; baseline 0.001 -21"><span class='ocrx_word' id='word_1_128' title='bbox 410 1828 896 1900; x_wconf 70' lang='grc' dir='ltr'><strong>ἐρραψῳδήκασιν,</strong></span> <span class='ocrx_word' id='word_1_129' title='bbox 937 1829 1171 1900; x_wconf 80' lang='grc' dir='ltr'><strong>ἄγγελον</strong></span> <span class='ocrx_word' id='word_1_130' title='bbox 1222 1830 1324 1900; x_wconf 80' lang='grc' dir='ltr'><strong>μὲν</strong></span> <span class='ocrx_word' id='word_1_131' title='bbox 1353 1829 1451 1902; x_wconf 80' lang='grc' dir='ltr'><strong>τὴν</strong></span> <span class='ocrx_word' id='word_1_132' title='bbox 1479 1829 1643 1899; x_wconf 85' lang='grc' dir='ltr'><strong>φύσιν</strong></span> <span class='ocrx_word' id='word_1_133' title='bbox 1681 1829 1919 1899; x_wconf 83' lang='grc' dir='ltr'><strong>οἰόμενοί</strong></span> <span class='ocrx_word' id='word_1_134' title='bbox 1959 1847 2022 1883; x_wconf 86' lang='grc' dir='ltr'><strong>τε</strong></span> 
     </span>
    </p>
   </div>
   <div class='ocr_carea' id='block_1_20' title="bbox 410 1921 2023 1996">
    <p class='ocr_par' dir='ltr' id='par_1_20' title="bbox 410 1921 2023 1996">
     <span class='ocr_line' id='line_1_20' title="bbox 410 1921 2023 1996; baseline 0 -21"><span class='ocrx_word' id='word_1_135' title='bbox 410 1922 510 1975; x_wconf 81' lang='grc' dir='ltr'><strong>καὶ</strong></span> <span class='ocrx_word' id='word_1_136' title='bbox 539 1922 814 1991; x_wconf 81' lang='grc' dir='ltr'><strong>λέγοντες,</strong></span> <span class='ocrx_word' id='word_1_137' title='bbox 859 1921 1296 1995; x_wconf 59' lang='grc' dir='ltr'><strong>σεσωμτῶσθαί</strong></span> <span class='ocrx_word' id='word_1_138' title='bbox 1330 1940 1395 1993; x_wconf 88' lang='grc' dir='ltr'><strong>γε</strong></span> <span class='ocrx_word' id='word_1_139' title='bbox 1439 1922 1546 1996; x_wconf 78' lang='grc' dir='ltr'><strong>μὴν</strong></span> <span class='ocrx_word' id='word_1_140' title='bbox 1590 1923 1733 1978; x_wconf 76' lang='grc' dir='ltr'><strong>κατὰ</strong></span> <span class='ocrx_word' id='word_1_141' title='bbox 1768 1922 2023 1994; x_wconf 83' lang='grc' dir='ltr'><strong>βούλησιν</strong></span> 
     </span>
    </p>
   </div>
   <div class='ocr_carea' id='block_1_21' title="bbox 405 2014 2024 2088">
    <p class='ocr_par' dir='ltr' id='par_1_21' title="bbox 405 2014 2024 2088">
     <span class='ocr_line' id='line_1_21' title="bbox 405 2014 2024 2088; baseline 0.001 -20"><span class='ocrx_word' id='word_1_142' title='bbox 405 2014 573 2079; x_wconf 82' lang='grc' dir='ltr'><strong>Θεοῦ,</strong></span> <span class='ocrx_word' id='word_1_143' title='bbox 622 2017 719 2070; x_wconf 76' lang='grc' dir='ltr'><strong>καὶ</strong></span> <span class='ocrx_word' id='word_1_144' title='bbox 761 2017 820 2070; x_wconf 82' lang='grc' dir='ltr'><strong>ἐν</strong></span> <span class='ocrx_word' id='word_1_145' title='bbox 859 2017 1138 2088; x_wconf 81' lang='grc' dir='ltr'><strong>προφήτου</strong></span> <span class='ocrx_word' id='word_1_146' title='bbox 1174 2015 1330 2082; x_wconf 79' lang='grc' dir='ltr'><strong>τάξει</strong></span> <span class='ocrx_word' id='word_1_147' title='bbox 1373 2016 1629 2086; x_wconf 88' lang='grc' dir='ltr'><strong>γενέσθαι</strong></span> <span class='ocrx_word' id='word_1_148' title='bbox 1660 2018 1776 2080; x_wconf 87' lang='grc' dir='ltr'><strong>τοῖς</strong></span> <span class='ocrx_word' id='word_1_149' title='bbox 1805 2014 1866 2081; x_wconf 77' lang='grc' dir='ltr'><strong>ἐξ</strong></span> <span class='ocrx_word' id='word_1_150' title='bbox 1924 2017 2024 2069; x_wconf 84' lang='grc' dir='ltr'><strong>Ἰσ·</strong></span> 
     </span>
    </p>
   </div>
   <div class='ocr_carea' id='block_1_22' title="bbox 409 2109 2028 2183">
    <p class='ocr_par' dir='ltr' id='par_1_22' title="bbox 409 2109 2028 2183">
     <span class='ocr_line' id='line_1_22' title="bbox 409 2109 2028 2183; baseline -0.001 -21"><span class='ocrx_word' id='word_1_151' title='bbox 409 2111 576 2182; x_wconf 84' lang='grc' dir='ltr'><strong>ραήλ.</strong></span> <span class='ocrx_word' id='word_1_152' title='bbox 620 2110 852 2183; x_wconf 70' lang='grc' dir='ltr'><strong>Εἴρηται</strong></span> <span class='ocrx_word' id='word_1_153' title='bbox 884 2112 994 2182; x_wconf 82' lang='grc' dir='ltr'><strong>γὰρ</strong></span> <span class='ocrx_word' id='word_1_154' title='bbox 1027 2110 1283 2180; x_wconf 79' lang='grc' dir='ltr'><strong>ἄγγελος,</strong></span> <span class='ocrx_word' id='word_1_155' title='bbox 1319 2111 1393 2175; x_wconf 82' lang='grc' dir='ltr'><strong>ὡς</strong></span> <span class='ocrx_word' id='word_1_156' title='bbox 1445 2109 1602 2182; x_wconf 72' lang='grc' dir='ltr'><strong>ἔφην,</strong></span> <span class='ocrx_word' id='word_1_157' title='bbox 1656 2109 1892 2180; x_wconf 80' lang='grc' dir='ltr'><strong>μάλιστα</strong></span> <span class='ocrx_word' id='word_1_158' title='bbox 1925 2109 2028 2180; x_wconf 78' lang='grc' dir='ltr'><strong>μὲν.</strong></span> 
     </span>
    </p>
   </div>
   <div class='ocr_carea' id='block_1_23' title="bbox 404 2201 2026 2276">
    <p class='ocr_par' dir='ltr' id='par_1_23' title="bbox 404 2201 2026 2276">
     <span class='ocr_line' id='line_1_23' title="bbox 404 2201 2026 2276; baseline -0.001 -18"><span class='ocrx_word' id='word_1_159' title='bbox 404 2203 508 2270; x_wconf 67' lang='grc' dir='ltr'><strong>καὶ</strong></span> <span class='ocrx_word' id='word_1_160' title='bbox 533 2202 630 2257; x_wconf 85' lang='grc' dir='ltr'><strong>τοῦ</strong></span> <span class='ocrx_word' id='word_1_161' title='bbox 659 2205 930 2274; x_wconf 78' lang='grc' dir='ltr'><strong>ὀνόματος</strong></span> <span class='ocrx_word' id='word_1_162' title='bbox 962 2202 1168 2276; x_wconf 85' lang='grc' dir='ltr'><strong>ταύτην</strong></span> <span class='ocrx_word' id='word_1_163' title='bbox 1197 2203 1416 2276; x_wconf 74' lang='grc' dir='ltr'><strong>ἔχοντος</strong></span> <span class='ocrx_word' id='word_1_164' title='bbox 1452 2205 1538 2273; x_wconf 75' lang='grc' dir='ltr'>ἐφ’</span> <span class='ocrx_word' id='word_1_165' title='bbox 1576 2201 1758 2273; x_wconf 84' lang='grc' dir='ltr'><strong>ἑαυτῷ</strong></span> <span class='ocrx_word' id='word_1_166' title='bbox 1803 2202 1901 2274; x_wconf 80' lang='grc' dir='ltr'><strong>τὴν</strong></span> <span class='ocrx_word' id='word_1_167' title='bbox 1934 2203 2026 2273; x_wconf 74' lang='grc' dir='ltr'><strong>ἐρσ-</strong></span> 
     </span>
    </p>
   </div>
   <div class='ocr_carea' id='block_1_24' title="bbox 410 2293 2025 2368">
    <p class='ocr_par' dir='ltr' id='par_1_24' title="bbox 410 2293 2025 2368">
     <span class='ocr_line' id='line_1_24' title="bbox 410 2293 2025 2368; baseline 0 -18"><span class='ocrx_word' id='word_1_168' title='bbox 410 2297 646 2368; x_wconf 85' lang='grc' dir='ltr'><strong>μηνείαν</strong></span> <span class='ocrx_word' id='word_1_169' title='bbox 665 2313 681 2329; x_wconf 88' lang='grc'><strong>·</strong></span> <span class='ocrx_word' id='word_1_170' title='bbox 713 2293 835 2352; x_wconf 76' lang='grc' dir='ltr'><strong>εἶτα</strong></span> <span class='ocrx_word' id='word_1_171' title='bbox 865 2299 948 2352; x_wconf 75' lang='grc' dir='ltr'><strong>ὅτι</strong></span> <span class='ocrx_word' id='word_1_172' title='bbox 975 2299 1102 2362; x_wconf 76' lang='grc' dir='ltr'><strong>τοὺς</strong></span> <span class='ocrx_word' id='word_1_173' title='bbox 1123 2298 1332 2353; x_wconf 80' lang='grc' dir='ltr'><strong>ἄνωθεν</strong></span> <span class='ocrx_word' id='word_1_174' title='bbox 1379 2298 1475 2351; x_wconf 70' lang='grc' dir='ltr'><strong>καὶ</strong></span> <span class='ocrx_word' id='word_1_175' title='bbox 1502 2297 1657 2368; x_wconf 78' lang='grc' dir='ltr'><strong>παρὰ</strong></span> <span class='ocrx_word' id='word_1_176' title='bbox 1675 2296 1813 2352; x_wconf 79' lang='grc' dir='ltr'><strong>Θεοῦ</strong></span> <span class='ocrx_word' id='word_1_177' title='bbox 1833 2295 2025 2366; x_wconf 81' lang='grc' dir='ltr'><strong>λόγους</strong></span> 
     </span>
    </p>
   </div>
   <div class='ocr_carea' id='block_1_25' title="bbox 403 2389 2025 2464">
    <p class='ocr_par' dir='ltr' id='par_1_25' title="bbox 403 2389 2025 2464">
     <span class='ocr_line' id='line_1_25' title="bbox 403 2389 2025 2464; baseline -0.002 -17"><span class='ocrx_word' id='word_1_178' title='bbox 403 2392 778 2462; x_wconf 71' lang='grc' dir='ltr'><strong>ἀπαγγέλλων</strong></span> <span class='ocrx_word' id='word_1_179' title='bbox 805 2395 918 2457; x_wconf 84' lang='grc' dir='ltr'><strong>τοῖς</strong></span> <span class='ocrx_word' id='word_1_180' title='bbox 948 2391 1262 2464; x_wconf 79' lang='grc' dir='ltr'><strong>ὲξῚσραὴλ,</strong></span> <span class='ocrx_word' id='word_1_181' title='bbox 1290 2392 1493 2446; x_wconf 78' lang='grc' dir='ltr'><strong>καλοῖτ’</strong></span> <span class='ocrx_word' id='word_1_182' title='bbox 1520 2392 1586 2446; x_wconf 83' lang='grc' dir='ltr'><strong>ἂν</strong></span> <span class='ocrx_word' id='word_1_183' title='bbox 1615 2393 1716 2445; x_wconf 73' lang='grc' dir='ltr'><strong>οὐκ</strong></span> <span class='ocrx_word' id='word_1_184' title='bbox 1741 2389 2025 2454; x_wconf 78' lang='grc' dir='ltr'><strong>ἀπιθάνως</strong></span> 
     </span>
    </p>
   </div>
   <div class='ocr_carea' id='block_1_26' title="bbox 406 2482 2024 2556">
    <p class='ocr_par' dir='ltr' id='par_1_26' title="bbox 406 2482 2024 2556">
     <span class='ocr_line' id='line_1_26' title="bbox 406 2482 2024 2556; baseline 0 -21"><span class='ocrx_word' id='word_1_185' title='bbox 406 2483 508 2536; x_wconf 72' lang='grc' dir='ltr'><strong>καὶ</strong></span> <span class='ocrx_word' id='word_1_186' title='bbox 536 2482 793 2552; x_wconf 75' lang='grc' dir='ltr'><strong>ἅγγελος.</strong></span> <span class='ocrx_word' id='word_1_187' title='bbox 827 2484 941 2538; x_wconf 73' lang='grc' dir='ltr'><strong>Καὶ</strong></span> <span class='ocrx_word' id='word_1_188' title='bbox 973 2482 1105 2553; x_wconf 87' lang='grc' dir='ltr'><strong>γοῦν</strong></span> <span class='ocrx_word' id='word_1_189' title='bbox 1140 2484 1303 2547; x_wconf 68' lang='grc' dir='ltr'><strong>αὐτὸς</strong></span> <span class='ocrx_word' id='word_1_190' title='bbox 1346 2487 1373 2538; x_wconf 93' lang='lat'><strong>6</strong></span> <span class='ocrx_word' id='word_1_191' title='bbox 1415 2485 1703 2556; x_wconf 74' lang='grc' dir='ltr'><strong>προφήτης</strong></span> <span class='ocrx_word' id='word_1_192' title='bbox 1735 2482 2024 2555; x_wconf 83' lang='grc' dir='ltr'><strong>Μαλαχίας</strong></span> 
     </span>
    </p>
   </div>
   <div class='ocr_carea' id='block_1_27' title="bbox 407 2573 2023 2648">
    <p class='ocr_par' dir='ltr' id='par_1_27' title="bbox 407 2573 2023 2648">
     <span class='ocr_line' id='line_1_27' title="bbox 407 2573 2023 2648; baseline 0 -22"><span class='ocrx_word' id='word_1_193' title='bbox 407 2577 472 2629; x_wconf 79' lang='grc' dir='ltr'><strong>ἐν</strong></span> <span class='ocrx_word' id='word_1_194' title='bbox 498 2578 611 2637; x_wconf 87' lang='grc' dir='ltr'><strong>τοῖς</strong></span> <span class='ocrx_word' id='word_1_195' title='bbox 645 2575 846 2644; x_wconf 75' lang='grc' dir='ltr'><strong>ἑφεξῆς</strong></span> <span class='ocrx_word' id='word_1_196' title='bbox 878 2575 1007 2648; x_wconf 81' lang='grc' dir='ltr'><strong>περὶ</strong></span> <span class='ocrx_word' id='word_1_197' title='bbox 1030 2576 1231 2639; x_wconf 77' lang='grc' dir='ltr'><strong>παντὸς</strong></span> <span class='ocrx_word' id='word_1_198' title='bbox 1255 2573 1448 2646; x_wconf 70' lang='grc' dir='ltr'><strong>ἱερέως</strong></span> <span class='ocrx_word' id='word_1_199' title='bbox 1474 2576 1660 2646; x_wconf 68' lang='grc' dir='ltr'><strong>φησὶν,</strong></span> <span class='ocrx_word' id='word_1_200' title='bbox 1695 2577 1776 2628; x_wconf 77' lang='grc' dir='ltr'><strong>ὅτι</strong></span> <span class='ocrx_word' id='word_1_201' title='bbox 1805 2595 1822 2625; x_wconf 75' lang='grc' dir='ltr'>ι</span> <span class='ocrx_word' id='word_1_202' title='bbox 1855 2575 2023 2646; x_wconf 82' lang='grc' dir='ltr'><strong>Χείλη</strong></span> 
     </span>
    </p>
   </div>
   <div class='ocr_carea' id='block_1_28' title="bbox 410 2668 2026 2740">
    <p class='ocr_par' dir='ltr' id='par_1_28' title="bbox 410 2668 2026 2740">
     <span class='ocr_line' id='line_1_28' title="bbox 410 2668 2026 2740; baseline -0.001 -18"><span class='ocrx_word' id='word_1_203' title='bbox 410 2669 609 2740; x_wconf 75' lang='grc' dir='ltr'><strong>ἱερέως</strong></span> <span class='ocrx_word' id='word_1_204' title='bbox 649 2668 946 2738; x_wconf 76' lang='grc' dir='ltr'><strong>φυλάξεται</strong></span> <span class='ocrx_word' id='word_1_205' title='bbox 996 2668 1222 2737; x_wconf 82' lang='grc' dir='ltr'><strong>γνῶσιν,</strong></span> <span class='ocrx_word' id='word_1_206' title='bbox 1271 2669 1367 2724; x_wconf 66' lang='grc' dir='ltr'><strong>καὶ</strong></span> <span class='ocrx_word' id='word_1_207' title='bbox 1414 2670 1577 2739; x_wconf 77' lang='grc' dir='ltr'><strong>νόμον</strong></span> <span class='ocrx_word' id='word_1_208' title='bbox 1623 2669 2026 2740; x_wconf 76' lang='grc' dir='ltr'><strong>ἐκζητήσουσιν</strong></span> 
     </span>
    </p>
   </div>
   <div class='ocr_carea' id='block_1_29' title="bbox 409 2759 2029 2834">
    <p class='ocr_par' dir='ltr' id='par_1_29' title="bbox 409 2759 2029 2834">
     <span class='ocr_line' id='line_1_29' title="bbox 409 2759 2029 2834; baseline -0.001 -18"><span class='ocrx_word' id='word_1_209' title='bbox 409 2764 481 2825; x_wconf 65' lang='grc' dir='ltr'><strong>ἐκ</strong></span> <span class='ocrx_word' id='word_1_210' title='bbox 514 2760 784 2832; x_wconf 83' lang='grc' dir='ltr'><strong>στόματος</strong></span> <span class='ocrx_word' id='word_1_211' title='bbox 813 2759 1008 2828; x_wconf 73' lang='grc' dir='ltr'><strong>αὐτοῦ,</strong></span> <span class='ocrx_word' id='word_1_212' title='bbox 1043 2761 1176 2815; x_wconf 71' lang='grc' dir='ltr'><strong>διότι</strong></span> <span class='ocrx_word' id='word_1_213' title='bbox 1212 2761 1443 2831; x_wconf 82' lang='grc' dir='ltr'><strong>ἅγγελος</strong></span> <span class='ocrx_word' id='word_1_214' title='bbox 1480 2762 1688 2833; x_wconf 84' lang='grc' dir='ltr'><strong>Κυρίου</strong></span> <span class='ocrx_word' id='word_1_215' title='bbox 1721 2761 2029 2834; x_wconf 65' lang='grc' dir='ltr'><strong>παντοκρά-</strong></span> 
     </span>
    </p>
   </div>
   <div class='ocr_carea' id='block_1_30' title="bbox 405 2851 2027 2924">
    <p class='ocr_par' dir='ltr' id='par_1_30' title="bbox 405 2851 2027 2924">
     <span class='ocr_line' id='line_1_30' title="bbox 405 2851 2027 2924; baseline -0.001 -18"><span class='ocrx_word' id='word_1_216' title='bbox 405 2853 574 2923; x_wconf 77' lang='grc' dir='ltr'><strong>τορός</strong></span> <span class='ocrx_word' id='word_1_217' title='bbox 612 2854 749 2905; x_wconf 80' lang='grc' dir='ltr'><strong>ἐστι.</strong></span> <span class='ocrx_word' id='word_1_218' title='bbox 797 2870 814 2903; x_wconf 78' lang='lat' dir='ltr'><strong>t</strong></span> <span class='ocrx_word' id='word_1_219' title='bbox 857 2852 992 2922; x_wconf 77' lang='grc' dir='ltr'><strong>Περὶ</strong></span> <span class='ocrx_word' id='word_1_220' title='bbox 1024 2851 1082 2906; x_wconf 82' lang='grc' dir='ltr'><strong>δέ</strong></span> <span class='ocrx_word' id='word_1_221' title='bbox 1129 2869 1191 2921; x_wconf 91' lang='grc' dir='ltr'><strong>γε</strong></span> <span class='ocrx_word' id='word_1_222' title='bbox 1221 2851 1318 2904; x_wconf 86' lang='grc' dir='ltr'><strong>τοῦ</strong></span> <span class='ocrx_word' id='word_1_223' title='bbox 1368 2852 1718 2924; x_wconf 68' lang='grc' dir='ltr'><strong>Ἐμμανουήλ</strong></span> <span class='ocrx_word' id='word_1_224' title='bbox 1753 2854 1781 2906; x_wconf 89' lang='lat'><strong>6</strong></span> <span class='ocrx_word' id='word_1_225' title='bbox 1815 2853 2027 2924; x_wconf 74' lang='grc' dir='ltr'><strong>προφή-</strong></span> 
     </span>
    </p>
   </div>
   <div class='ocr_carea' id='block_1_31' title="bbox 407 2943 2028 3016">
    <p class='ocr_par' dir='ltr' id='par_1_31' title="bbox 407 2943 2028 3016">
     <span class='ocr_line' id='line_1_31' title="bbox 407 2943 2028 3016; baseline 0.001 -20"><span class='ocrx_word' id='word_1_226' title='bbox 407 2960 516 3015; x_wconf 75' lang='grc' dir='ltr'><strong>της</strong></span> <span class='ocrx_word' id='word_1_227' title='bbox 558 2943 812 3009; x_wconf 80' lang='grc' dir='ltr'><strong>Ἠσοῖας,</strong></span> <span class='ocrx_word' id='word_1_228' title='bbox 860 2963 877 2996; x_wconf 83' lang='grc' dir='ltr'>ι</span> <span class='ocrx_word' id='word_1_229' title='bbox 921 2944 1032 2997; x_wconf 74' lang='grc' dir='ltr'><strong>Καὶ</strong></span> <span class='ocrx_word' id='word_1_230' title='bbox 1080 2943 1392 3015; x_wconf 80' lang='grc' dir='ltr'><strong>θελήσουσι,</strong></span> <span class='ocrx_word' id='word_1_231' title='bbox 1449 2944 1636 3016; x_wconf 75' lang='grc' dir='ltr'><strong>φησὶν,</strong></span> <span class='ocrx_word' id='word_1_232' title='bbox 1683 2946 1732 2997; x_wconf 82' lang='grc' dir='ltr'><strong>εἰ</strong></span> <span class='ocrx_word' id='word_1_233' title='bbox 1778 2944 2028 3013; x_wconf 77' lang='grc' dir='ltr'><strong>ἐγένοντο</strong></span> 
     </span>
    </p>
   </div>
   <div class='ocr_carea' id='block_1_32' title="bbox 411 3035 2024 3110">
    <p class='ocr_par' dir='ltr' id='par_1_32' title="bbox 411 3035 2024 3110">
     <span class='ocr_line' id='line_1_32' title="bbox 411 3035 2024 3110; baseline 0 -21"><span class='ocrx_word' id='word_1_234' title='bbox 411 3035 808 3108; x_wconf 75' lang='grc' dir='ltr'><strong>πυρίκαυστοι,</strong></span> <span class='ocrx_word' id='word_1_235' title='bbox 844 3036 926 3090; x_wconf 80' lang='grc' dir='ltr'><strong>ὅτι</strong></span> <span class='ocrx_word' id='word_1_236' title='bbox 976 3035 1190 3091; x_wconf 81' lang='grc' dir='ltr'><strong>παιδίον</strong></span> <span class='ocrx_word' id='word_1_237' title='bbox 1240 3037 1531 3108; x_wconf 77' lang='grc' dir='ltr'><strong>ἐγεννήθη,</strong></span> <span class='ocrx_word' id='word_1_238' title='bbox 1575 3037 1690 3101; x_wconf 76' lang='grc' dir='ltr'><strong>υίὸς</strong></span> <span class='ocrx_word' id='word_1_239' title='bbox 1733 3037 1828 3091; x_wconf 71' lang='grc' dir='ltr'><strong>καὶ</strong></span> <span class='ocrx_word' id='word_1_240' title='bbox 1866 3037 2024 3110; x_wconf 79' lang='grc' dir='ltr'><strong>ἐδόθη</strong></span> 
     </span>
    </p>
   </div>
   <div class='ocr_carea' id='block_1_33' title="bbox 409 3128 2028 3203">
    <p class='ocr_par' dir='ltr' id='par_1_33' title="bbox 409 3128 2028 3203">
     <span class='ocr_line' id='line_1_33' title="bbox 409 3128 2028 3203; baseline 0.001 -22"><span class='ocrx_word' id='word_1_241' title='bbox 409 3131 574 3200; x_wconf 73' lang='grc' dir='ltr'><strong>ἡμῖν,</strong></span> <span class='ocrx_word' id='word_1_242' title='bbox 606 3129 701 3182; x_wconf 76' lang='grc' dir='ltr'><strong>καὶ</strong></span> <span class='ocrx_word' id='word_1_243' title='bbox 735 3128 981 3182; x_wconf 79' lang='grc' dir='ltr'><strong>καλεῖται</strong></span> <span class='ocrx_word' id='word_1_244' title='bbox 1022 3128 1083 3183; x_wconf 81' lang='grc' dir='ltr'><strong>τὸ</strong></span> <span class='ocrx_word' id='word_1_245' title='bbox 1115 3129 1288 3200; x_wconf 79' lang='grc' dir='ltr'><strong>ὄνομα</strong></span> <span class='ocrx_word' id='word_1_246' title='bbox 1334 3128 1502 3182; x_wconf 75' lang='grc' dir='ltr'><strong>αὑτοῦ</strong></span> <span class='ocrx_word' id='word_1_247' title='bbox 1555 3130 1800 3201; x_wconf 82' lang='grc' dir='ltr'><strong>μεγάλης</strong></span> <span class='ocrx_word' id='word_1_248' title='bbox 1830 3129 2028 3203; x_wconf 83' lang='grc' dir='ltr'><strong>βουλῆς</strong></span> 
     </span>
    </p>
   </div>
   <div class='ocr_carea' id='block_1_34' title="bbox 2122 615 3724 690">
    <p class='ocr_par' dir='ltr' id='par_1_34' title="bbox 2122 615 3724 690">
     <span class='ocr_line' id='line_1_34' title="bbox 2122 615 3724 690; baseline -0.002 -14"><span class='ocrx_word' id='word_1_249' title='bbox 2122 631 2367 677; x_wconf 82' lang='lat' dir='ltr'><strong>sanctam</strong></span> <span class='ocrx_word' id='word_1_250' title='bbox 2407 622 2574 684; x_wconf 88' lang='lat' dir='ltr'><strong>venit,</strong></span> <span class='ocrx_word' id='word_1_251' title='bbox 2600 620 2729 690; x_wconf 84' lang='lat' dir='ltr'><strong>jugo</strong></span> <span class='ocrx_word' id='word_1_252' title='bbox 2756 617 3043 674; x_wconf 85' lang='lat' dir='ltr'><strong>servitutis</strong></span> <span class='ocrx_word' id='word_1_253' title='bbox 3075 616 3434 672; x_wconf 64' lang='lat' dir='ltr'><strong>exoneratus;</strong></span> <span class='ocrx_word' id='word_1_254' title='bbox 3471 615 3724 683; x_wconf 81' lang='lat' dir='ltr'><strong>Divinum</strong></span> 
     </span>
    </p>
   </div>
   <div class='ocr_carea' id='block_1_35' title="bbox 2125 707 3726 785">
    <p class='ocr_par' dir='ltr' id='par_1_35' title="bbox 2125 707 3726 785">
     <span class='ocr_line' id='line_1_35' title="bbox 2125 707 3726 785; baseline -0.002 -17"><span class='ocrx_word' id='word_1_255' title='bbox 2125 730 2342 785; x_wconf 85' lang='lat' dir='ltr'><strong>quoque</strong></span> <span class='ocrx_word' id='word_1_256' title='bbox 2375 714 2632 783; x_wconf 90' lang='lat' dir='ltr'><strong>templmn</strong></span> <span class='ocrx_word' id='word_1_257' title='bbox 2672 714 2784 783; x_wconf 88' lang='lat' dir='ltr'><strong>jam</strong></span> <span class='ocrx_word' id='word_1_258' title='bbox 2819 711 3020 776; x_wconf 79' lang='lat' dir='ltr'><strong>stabat,</strong></span> <span class='ocrx_word' id='word_1_259' title='bbox 3054 709 3412 776; x_wconf 84' lang='lat' dir='ltr'><strong>Zorobabele,</strong></span> <span class='ocrx_word' id='word_1_260' title='bbox 3453 707 3726 764; x_wconf 63' lang='lat' dir='ltr'><strong>Salathiev</strong></span> 
     </span>
    </p>
   </div>
   <div class='ocr_carea' id='block_1_36' title="bbox 2121 801 3724 875">
    <p class='ocr_par' dir='ltr' id='par_1_36' title="bbox 2121 801 3724 875">
     <span class='ocr_line' id='line_1_36' title="bbox 2121 801 3724 875; baseline -0.004 -12"><span class='ocrx_word' id='word_1_261' title='bbox 2121 808 2190 863; x_wconf 86' lang='lat' dir='ltr'><strong>lis</strong></span> <span class='ocrx_word' id='word_1_262' title='bbox 2218 807 2352 875; x_wconf 75' lang='lat' dir='ltr'><strong>(ilio,</strong></span> <span class='ocrx_word' id='word_1_263' title='bbox 2383 821 2449 862; x_wconf 86' lang='lat' dir='ltr'><strong>ex</strong></span> <span class='ocrx_word' id='word_1_264' title='bbox 2487 807 2629 862; x_wconf 88' lang='lat' dir='ltr'><strong>tribtt</strong></span> <span class='ocrx_word' id='word_1_265' title='bbox 2653 804 2788 861; x_wconf 81' lang='lat' dir='ltr'><strong>Juda</strong></span> <span class='ocrx_word' id='word_1_266' title='bbox 2820 805 3073 867; x_wconf 78' lang='lat' dir='ltr'><strong>oriundo,</strong></span> <span class='ocrx_word' id='word_1_267' title='bbox 3102 814 3152 856; x_wconf 85' lang='lat' dir='ltr'><strong>et</strong></span> <span class='ocrx_word' id='word_1_268' title='bbox 3171 801 3325 869; x_wconf 87' lang='lat' dir='ltr'><strong>Jesu,</strong></span> <span class='ocrx_word' id='word_1_269' title='bbox 3352 801 3724 864; x_wconf 78' lang='lat' dir='ltr'><strong>ﬁlioJosedec.</strong></span> 
     </span>
    </p>
   </div>
   <div class='ocr_carea' id='block_1_37' title="bbox 2123 891 3730 966">
    <p class='ocr_par' dir='ltr' id='par_1_37' title="bbox 2123 891 3730 966">
     <span class='ocr_line' id='line_1_37' title="bbox 2123 891 3730 966; baseline -0.007 -12"><span class='ocrx_word' id='word_1_270' title='bbox 2123 899 2410 954; x_wconf 84' lang='lat' dir='ltr'><strong>sacerdote</strong></span> <span class='ocrx_word' id='word_1_271' title='bbox 2457 912 2654 966; x_wconf 82' lang='lat' dir='ltr'><strong>magno</strong></span> <span class='ocrx_word' id='word_1_272' title='bbox 2697 893 2972 966; x_wconf 67' lang='lat' dir='ltr'><strong>praal‘ectis</strong></span> <span class='ocrx_word' id='word_1_273' title='bbox 3027 907 3280 962; x_wconf 88' lang='lat' dir='ltr'><strong>operum.</strong></span> <span class='ocrx_word' id='word_1_274' title='bbox 3339 891 3438 949; x_wconf 89' lang='lat' dir='ltr'><strong>lllo</strong></span> <span class='ocrx_word' id='word_1_275' title='bbox 3483 902 3730 962; x_wconf 83' lang='lat' dir='ltr'><strong>tempore</strong></span> 
     </span>
    </p>
   </div>
   <div class='ocr_carea' id='block_1_38' title="bbox 2125 985 3730 1061">
    <p class='ocr_par' dir='ltr' id='par_1_38' title="bbox 2125 985 3730 1061">
     <span class='ocr_line' id='line_1_38' title="bbox 2125 985 3730 1061; baseline -0.006 -13"><span class='ocrx_word' id='word_1_276' title='bbox 2125 991 2446 1061; x_wconf 74' lang='lat' dir='ltr'><strong>captivitate</strong></span> <span class='ocrx_word' id='word_1_277' title='bbox 2498 987 2744 1045; x_wconf 87' lang='lat' dir='ltr'><strong>liberatis</strong></span> <span class='ocrx_word' id='word_1_278' title='bbox 2788 989 3019 1058; x_wconf 71' lang='lat' dir='ltr'><strong>Aggaaus</strong></span> <span class='ocrx_word' id='word_1_279' title='bbox 3075 996 3132 1042; x_wconf 90' lang='lat' dir='ltr'><strong>et</strong></span> <span class='ocrx_word' id='word_1_280' title='bbox 3179 985 3478 1042; x_wconf 80' lang='lat' dir='ltr'><strong>Zacharias</strong></span> <span class='ocrx_word' id='word_1_281' title='bbox 3535 985 3730 1044; x_wconf 69' lang='lat' dir='ltr'><strong>vatici»</strong></span> 
     </span>
    </p>
   </div>
   <div class='ocr_carea' id='block_1_39' title="bbox 2123 1079 3732 1149">
    <p class='ocr_par' dir='ltr' id='par_1_39' title="bbox 2123 1079 3732 1149">
     <span class='ocr_line' id='line_1_39' title="bbox 2123 1079 3732 1149; baseline -0.004 -9"><span class='ocrx_word' id='word_1_282' title='bbox 2123 1087 2235 1140; x_wconf 86' lang='lat' dir='ltr'><strong>uati</strong></span> <span class='ocrx_word' id='word_1_283' title='bbox 2287 1086 2524 1149; x_wconf 80' lang='lat' dir='ltr'><strong>fuerant,</strong></span> <span class='ocrx_word' id='word_1_284' title='bbox 2569 1099 2693 1140; x_wconf 91' lang='lat' dir='ltr'><strong>cum</strong></span> <span class='ocrx_word' id='word_1_285' title='bbox 2740 1083 2946 1138; x_wconf 88' lang='lat' dir='ltr'><strong>Esdras</strong></span> <span class='ocrx_word' id='word_1_286' title='bbox 2996 1093 3052 1136; x_wconf 90' lang='lat' dir='ltr'><strong>et</strong></span> <span class='ocrx_word' id='word_1_287' title='bbox 3102 1080 3361 1136; x_wconf 85' lang='lat' dir='ltr'><strong>Neemias</strong></span> <span class='ocrx_word' id='word_1_288' title='bbox 3413 1079 3732 1138; x_wconf 77' lang='lat' dir='ltr'><strong>sacerdotes</strong></span> 
     </span>
    </p>
   </div>
   <div class='ocr_carea' id='block_1_40' title="bbox 2126 1172 3730 1243">
    <p class='ocr_par' dir='ltr' id='par_1_40' title="bbox 2126 1172 3730 1243">
     <span class='ocr_line' id='line_1_40' title="bbox 2126 1172 3730 1243; baseline -0.001 -11"><span class='ocrx_word' id='word_1_289' title='bbox 2126 1179 2390 1234; x_wconf 77' lang='lat' dir='ltr'><strong>viverent.</strong></span> <span class='ocrx_word' id='word_1_290' title='bbox 2436 1176 2555 1243; x_wconf 84' lang='lat' dir='ltr'><strong>Quo</strong></span> <span class='ocrx_word' id='word_1_291' title='bbox 2601 1176 2816 1238; x_wconf 90' lang='lat' dir='ltr'><strong>eodem,</strong></span> <span class='ocrx_word' id='word_1_292' title='bbox 2873 1183 2966 1230; x_wconf 82' lang='lat' dir='ltr'><strong>aut</strong></span> <span class='ocrx_word' id='word_1_293' title='bbox 3015 1172 3175 1242; x_wconf 86' lang='lat' dir='ltr'><strong>paulo</strong></span> <span class='ocrx_word' id='word_1_294' title='bbox 3218 1183 3342 1243; x_wconf 89' lang='lat' dir='ltr'><strong>post</strong></span> <span class='ocrx_word' id='word_1_295' title='bbox 3387 1181 3730 1230; x_wconf 79' lang='lat' dir='ltr'><strong>memoratos</strong></span> 
     </span>
    </p>
   </div>
   <div class='ocr_carea' id='block_1_41' title="bbox 2124 1264 3728 1340">
    <p class='ocr_par' dir='ltr' id='par_1_41' title="bbox 2124 1264 3728 1340">
     <span class='ocr_line' id='line_1_41' title="bbox 2124 1264 3728 1340; baseline -0.005 -15"><span class='ocrx_word' id='word_1_296' title='bbox 2124 1271 2420 1340; x_wconf 81' lang='lat' dir='ltr'><strong>prephetas</strong></span> <span class='ocrx_word' id='word_1_297' title='bbox 2453 1277 2693 1336; x_wconf 87' lang='lat' dir='ltr'><strong>sanctos,</strong></span> <span class='ocrx_word' id='word_1_298' title='bbox 2727 1266 2949 1323; x_wconf 86' lang='lat' dir='ltr'><strong>divinus</strong></span> <span class='ocrx_word' id='word_1_299' title='bbox 2990 1280 3212 1336; x_wconf 86' lang='lat' dir='ltr'><strong>quoque</strong></span> <span class='ocrx_word' id='word_1_300' title='bbox 3239 1264 3539 1322; x_wconf 85' lang='lat' dir='ltr'><strong>Malachias</strong></span> <span class='ocrx_word' id='word_1_301' title='bbox 3567 1265 3728 1328; x_wconf 75' lang='lat' dir='ltr'><strong>vixit,</strong></span> 
     </span>
    </p>
   </div>
   <div class='ocr_carea' id='block_1_42' title="bbox 2125 1356 3730 1436">
    <p class='ocr_par' dir='ltr' id='par_1_42' title="bbox 2125 1356 3730 1436">
     <span class='ocr_line' id='line_1_42' title="bbox 2125 1356 3730 1436; baseline -0.004 -19"><span class='ocrx_word' id='word_1_302' title='bbox 2125 1364 2216 1436; x_wconf 88' lang='lat' dir='ltr'><strong>qui</strong></span> <span class='ocrx_word' id='word_1_303' title='bbox 2250 1371 2305 1418; x_wconf 89' lang='lat' dir='ltr'><strong>et</strong></span> <span class='ocrx_word' id='word_1_304' title='bbox 2335 1362 2578 1432; x_wconf 75' lang='lat' dir='ltr'><strong>Angelus</strong></span> <span class='ocrx_word' id='word_1_305' title='bbox 2612 1372 2881 1417; x_wconf 86' lang='lat' dir='ltr'><strong>vocatur:</strong></span> <span class='ocrx_word' id='word_1_306' title='bbox 2924 1360 3005 1416; x_wconf 91' lang='lat' dir='ltr'><strong>sic</strong></span> <span class='ocrx_word' id='word_1_307' title='bbox 3039 1360 3184 1414; x_wconf 89' lang='lat' dir='ltr'><strong>enim</strong></span> <span class='ocrx_word' id='word_1_308' title='bbox 3225 1356 3504 1414; x_wconf 70' lang='lat' dir='ltr'><strong>Malachia:</strong></span> <span class='ocrx_word' id='word_1_309' title='bbox 3532 1372 3730 1412; x_wconf 81' lang='lat' dir='ltr'><strong>nomen</strong></span> 
     </span>
    </p>
   </div>
   <div class='ocr_carea' id='block_1_43' title="bbox 2127 1455 3732 1526">
    <p class='ocr_par' dir='ltr' id='par_1_43' title="bbox 2127 1455 3732 1526">
     <span class='ocr_line' id='line_1_43' title="bbox 2127 1455 3732 1526; baseline -0.002 -15"><span class='ocrx_word' id='word_1_310' title='bbox 2127 1457 2392 1513; x_wconf 76' lang='lat' dir='ltr'><strong>redditur.</strong></span> <span class='ocrx_word' id='word_1_311' title='bbox 2443 1456 2859 1526; x_wconf 80' lang='lat' dir='ltr'><strong>Explodendum</strong></span> <span class='ocrx_word' id='word_1_312' title='bbox 2911 1467 2999 1512; x_wconf 89' lang='lat' dir='ltr'><strong>est</strong></span> <span class='ocrx_word' id='word_1_313' title='bbox 3037 1465 3220 1510; x_wconf 80' lang='lat' dir='ltr'><strong>autem</strong></span> <span class='ocrx_word' id='word_1_314' title='bbox 3251 1456 3616 1524; x_wconf 88' lang='lat' dir='ltr'><strong>quorumdam</strong></span> <span class='ocrx_word' id='word_1_315' title='bbox 3662 1455 3732 1510; x_wconf 77' lang='lat' dir='ltr'><strong>de</strong></span> 
     </span>
    </p>
   </div>
   <div class='ocr_carea' id='block_1_44' title="bbox 2127 1551 3729 1624">
    <p class='ocr_par' dir='ltr' id='par_1_44' title="bbox 2127 1551 3729 1624">
     <span class='ocr_line' id='line_1_44' title="bbox 2127 1551 3729 1624; baseline -0.002 -17"><span class='ocrx_word' id='word_1_316' title='bbox 2127 1553 2242 1624; x_wconf 86' lang='lat' dir='ltr'><strong>ipso</strong></span> <span class='ocrx_word' id='word_1_317' title='bbox 2271 1567 2370 1609; x_wconf 91' lang='lat' dir='ltr'><strong>nec</strong></span> <span class='ocrx_word' id='word_1_318' title='bbox 2405 1554 2740 1608; x_wconf 84' lang='lat' dir='ltr'><strong>audiendum</strong></span> <span class='ocrx_word' id='word_1_319' title='bbox 2782 1561 3185 1617; x_wconf 89' lang='lat' dir='ltr'><strong>commentum,</strong></span> <span class='ocrx_word' id='word_1_320' title='bbox 3219 1551 3314 1622; x_wconf 89' lang='lat' dir='ltr'><strong>qui</strong></span> <span class='ocrx_word' id='word_1_321' title='bbox 3347 1551 3729 1614; x_wconf 87' lang='lat' dir='ltr'><strong>crediderunt,</strong></span> 
     </span>
    </p>
   </div>
   <div class='ocr_carea' id='block_1_45' title="bbox 2129 1647 3734 1719">
    <p class='ocr_par' dir='ltr' id='par_1_45' title="bbox 2129 1647 3734 1719">
     <span class='ocr_line' id='line_1_45' title="bbox 2129 1647 3734 1719; baseline -0.002 -18"><span class='ocrx_word' id='word_1_322' title='bbox 2129 1657 2442 1717; x_wconf 86' lang='lat' dir='ltr'><strong>temereque</strong></span> <span class='ocrx_word' id='word_1_323' title='bbox 2464 1647 2633 1719; x_wconf 78' lang='lat'><strong>817</strong></span> <span class='ocrx_word' id='word_1_324' title='bbox 2661 1647 2892 1702; x_wconf 79' lang='lat' dir='ltr'><strong>fabulati</strong></span> <span class='ocrx_word' id='word_1_325' title='bbox 2933 1653 3082 1708; x_wconf 88' lang='lat' dir='ltr'><strong>sunt,</strong></span> <span class='ocrx_word' id='word_1_326' title='bbox 3132 1660 3256 1700; x_wconf 88' lang='lat' dir='ltr'><strong>eum</strong></span> <span class='ocrx_word' id='word_1_327' title='bbox 3311 1651 3511 1699; x_wconf 83' lang='lat' dir='ltr'><strong>natura</strong></span> <span class='ocrx_word' id='word_1_328' title='bbox 3568 1658 3734 1712; x_wconf 86' lang='lat' dir='ltr'><strong>ange—</strong></span> 
     </span>
    </p>
   </div>
   <div class='ocr_carea' id='block_1_46' title="bbox 2129 1737 3732 1807">
    <p class='ocr_par' dir='ltr' id='par_1_46' title="bbox 2129 1737 3732 1807">
     <span class='ocr_line' id='line_1_46' title="bbox 2129 1737 3732 1807; baseline -0.004 -11"><span class='ocrx_word' id='word_1_329' title='bbox 2129 1742 2238 1796; x_wconf 87' lang='lat' dir='ltr'><strong>lum</strong></span> <span class='ocrx_word' id='word_1_330' title='bbox 2293 1742 2484 1807; x_wconf 81' lang='lat' dir='ltr'><strong>fuisse,</strong></span> <span class='ocrx_word' id='word_1_331' title='bbox 2562 1742 2657 1797; x_wconf 88' lang='lat' dir='ltr'><strong>sed</strong></span> <span class='ocrx_word' id='word_1_332' title='bbox 2708 1743 2991 1797; x_wconf 90' lang='lat' dir='ltr'><strong>voluntate</strong></span> <span class='ocrx_word' id='word_1_333' title='bbox 3039 1741 3135 1796; x_wconf 85' lang='lat' dir='ltr'><strong>Dei</strong></span> <span class='ocrx_word' id='word_1_334' title='bbox 3170 1738 3449 1807; x_wconf 87' lang='lat' dir='ltr'><strong>‘eorporis</strong></span> <span class='ocrx_word' id='word_1_335' title='bbox 3499 1737 3732 1792; x_wconf 83' lang='lat' dir='ltr'><strong>formam</strong></span> 
     </span>
    </p>
   </div>
   <div class='ocr_carea' id='block_1_47' title="bbox 2129 1829 3736 1902">
    <p class='ocr_par' dir='ltr' id='par_1_47' title="bbox 2129 1829 3736 1902">
     <span class='ocr_line' id='line_1_47' title="bbox 2129 1829 3736 1902; baseline -0.003 -16"><span class='ocrx_word' id='word_1_336' title='bbox 2129 1832 2490 1902; x_wconf 80' lang='lat' dir='ltr'><strong>habitumque</strong></span> <span class='ocrx_word' id='word_1_337' title='bbox 2554 1831 2950 1902; x_wconf 78' lang='lat' dir='ltr'><strong>assumpsisse,</strong></span> <span class='ocrx_word' id='word_1_338' title='bbox 3001 1838 3057 1885; x_wconf 84' lang='lat' dir='ltr'><strong>et</strong></span> <span class='ocrx_word' id='word_1_339' title='bbox 3110 1829 3382 1886; x_wconf 85' lang='lat' dir='ltr'><strong>Israelitis</strong></span> <span class='ocrx_word' id='word_1_340' title='bbox 3432 1829 3736 1899; x_wconf 72' lang='lat' dir='ltr'><strong>prophetiae</strong></span> 
     </span>
    </p>
   </div>
   <div class='ocr_carea' id='block_1_48' title="bbox 2129 1921 3732 1996">
    <p class='ocr_par' dir='ltr' id='par_1_48' title="bbox 2129 1921 3732 1996">
     <span class='ocr_line' id='line_1_48' title="bbox 2129 1921 3732 1996; baseline -0.004 -16"><span class='ocrx_word' id='word_1_341' title='bbox 2129 1923 2365 1980; x_wconf 81' lang='lat' dir='ltr'><strong>ol‘licimn</strong></span> <span class='ocrx_word' id='word_1_342' title='bbox 2394 1924 2736 1996; x_wconf 65' lang='lat' dir='ltr'><strong>praestitisse.</strong></span> <span class='ocrx_word' id='word_1_343' title='bbox 2782 1925 2968 1980; x_wconf 87' lang='lat' dir='ltr'><strong>Dictus</strong></span> <span class='ocrx_word' id='word_1_344' title='bbox 3011 1931 3095 1979; x_wconf 88' lang='lat' dir='ltr'><strong>est</strong></span> <span class='ocrx_word' id='word_1_345' title='bbox 3128 1938 3368 1993; x_wconf 84' lang='lat' dir='ltr'><strong>namque</strong></span> <span class='ocrx_word' id='word_1_346' title='bbox 3401 1921 3645 1991; x_wconf 77' lang='lat' dir='ltr'><strong>Angelus</strong></span> <span class='ocrx_word' id='word_1_347' title='bbox 3679 1924 3732 1975; x_wconf 89' lang='lat' dir='ltr'><strong>in</strong></span> 
     </span>
    </p>
   </div>
   <div class='ocr_carea' id='block_1_49' title="bbox 2129 2014 3738 2087">
    <p class='ocr_par' dir='ltr' id='par_1_49' title="bbox 2129 2014 3738 2087">
     <span class='ocr_line' id='line_1_49' title="bbox 2129 2014 3738 2087; baseline -0.001 -17"><span class='ocrx_word' id='word_1_348' title='bbox 2129 2017 2324 2085; x_wconf 88' lang='lat' dir='ltr'><strong>primis</strong></span> <span class='ocrx_word' id='word_1_349' title='bbox 2370 2016 2628 2087; x_wconf 83' lang='lat' dir='ltr'><strong>quidem,</strong></span> <span class='ocrx_word' id='word_1_350' title='bbox 2683 2016 2829 2087; x_wconf 84' lang='lat' dir='ltr'><strong>quod</strong></span> <span class='ocrx_word' id='word_1_351' title='bbox 2865 2015 2982 2086; x_wconf 83' lang='lat' dir='ltr'><strong>ejus</strong></span> <span class='ocrx_word' id='word_1_352' title='bbox 3021 2029 3245 2078; x_wconf 89' lang='lat' dir='ltr'><strong>nomen,</strong></span> <span class='ocrx_word' id='word_1_353' title='bbox 3299 2025 3358 2068; x_wconf 87' lang='lat' dir='ltr'><strong>ut</strong></span> <span class='ocrx_word' id='word_1_354' title='bbox 3406 2015 3542 2080; x_wconf 74' lang='lat' dir='ltr'><strong>dixi,</strong></span> <span class='ocrx_word' id='word_1_355' title='bbox 3592 2014 3738 2068; x_wconf 78' lang='lat' dir='ltr'><strong>hanc</strong></span> 
     </span>
    </p>
   </div>
   <div class='ocr_carea' id='block_1_50' title="bbox 2129 2107 3744 2178">
    <p class='ocr_par' dir='ltr' id='par_1_50' title="bbox 2129 2107 3744 2178">
     <span class='ocr_line' id='line_1_50' title="bbox 2129 2107 3744 2178; baseline -0.004 -15"><span class='ocrx_word' id='word_1_356' title='bbox 2129 2110 2410 2164; x_wconf 88' lang='lat' dir='ltr'><strong>notionem</strong></span> <span class='ocrx_word' id='word_1_357' title='bbox 2459 2109 2722 2176; x_wconf 85' lang='lat' dir='ltr'><strong>haberet;</strong></span> <span class='ocrx_word' id='word_1_358' title='bbox 2766 2108 2966 2163; x_wconf 85' lang='lat' dir='ltr'><strong>deinde</strong></span> <span class='ocrx_word' id='word_1_359' title='bbox 2994 2107 3140 2178; x_wconf 92' lang='lat' dir='ltr'><strong>quod</strong></span> <span class='ocrx_word' id='word_1_360' title='bbox 3167 2122 3293 2162; x_wconf 91' lang='lat' dir='ltr'><strong>cum</strong></span> <span class='ocrx_word' id='word_1_361' title='bbox 3330 2107 3582 2163; x_wconf 63' lang='lat' dir='ltr'><strong>caelestes</strong></span> <span class='ocrx_word' id='word_1_362' title='bbox 3611 2116 3668 2163; x_wconf 88' lang='lat' dir='ltr'><strong>et</strong></span> <span class='ocrx_word' id='word_1_363' title='bbox 3704 2124 3744 2160; x_wconf 87' lang='lat' dir='ltr'><strong>a.</strong></span> 
     </span>
    </p>
   </div>
   <div class='ocr_carea' id='block_1_51' title="bbox 2129 2199 3736 2273">
    <p class='ocr_par' dir='ltr' id='par_1_51' title="bbox 2129 2199 3736 2273">
     <span class='ocr_line' id='line_1_51' title="bbox 2129 2199 3736 2273; baseline -0.003 -16"><span class='ocrx_word' id='word_1_364' title='bbox 2129 2202 2244 2258; x_wconf 85' lang='lat' dir='ltr'><strong>Deo</strong></span> <span class='ocrx_word' id='word_1_365' title='bbox 2293 2202 2588 2273; x_wconf 90' lang='lat' dir='ltr'><strong>inspiratos</strong></span> <span class='ocrx_word' id='word_1_366' title='bbox 2619 2217 2906 2258; x_wconf 81' lang='lat' dir='ltr'><strong>sermones</strong></span> <span class='ocrx_word' id='word_1_367' title='bbox 2950 2199 3136 2256; x_wconf 88' lang='lat' dir='ltr'><strong>lsraeli</strong></span> <span class='ocrx_word' id='word_1_368' title='bbox 3173 2201 3466 2267; x_wconf 85' lang='lat' dir='ltr'><strong>nuntiarit,</strong></span> <span class='ocrx_word' id='word_1_369' title='bbox 3503 2215 3611 2255; x_wconf 89' lang='lat' dir='ltr'><strong>non</strong></span> <span class='ocrx_word' id='word_1_370' title='bbox 3652 2202 3736 2254; x_wconf 74' lang='lat' dir='ltr'><strong>iv.-</strong></span> 
     </span>
    </p>
   </div>
   <div class='ocr_carea' id='block_1_52' title="bbox 2130 2292 3736 2367">
    <p class='ocr_par' dir='ltr' id='par_1_52' title="bbox 2130 2292 3736 2367">
     <span class='ocr_line' id='line_1_52' title="bbox 2130 2292 3736 2367; baseline -0.002 -17"><span class='ocrx_word' id='word_1_371' title='bbox 2130 2297 2270 2353; x_wconf 88' lang='lat' dir='ltr'><strong>scite</strong></span> <span class='ocrx_word' id='word_1_372' title='bbox 2304 2297 2469 2351; x_wconf 86' lang='lat' dir='ltr'><strong>etiam</strong></span> <span class='ocrx_word' id='word_1_373' title='bbox 2512 2296 2739 2367; x_wconf 85' lang='lat' dir='ltr'><strong>angelus</strong></span> <span class='ocrx_word' id='word_1_374' title='bbox 2768 2294 2954 2350; x_wconf 87' lang='lat' dir='ltr'><strong>vocari</strong></span> <span class='ocrx_word' id='word_1_375' title='bbox 2997 2294 3200 2366; x_wconf 80' lang='lat' dir='ltr'><strong>possit.</strong></span> <span class='ocrx_word' id='word_1_376' title='bbox 3235 2292 3424 2362; x_wconf 83' lang='lat' dir='ltr'><strong>itaque</strong></span> <span class='ocrx_word' id='word_1_377' title='bbox 3464 2294 3736 2362; x_wconf 81' lang='lat' dir='ltr'><strong>ipsepra-</strong></span> 
     </span>
    </p>
   </div>
   <div class='ocr_carea' id='block_1_53' title="bbox 2128 2384 3738 2460">
    <p class='ocr_par' dir='ltr' id='par_1_53' title="bbox 2128 2384 3738 2460">
     <span class='ocr_line' id='line_1_53' title="bbox 2128 2384 3738 2460; baseline -0.004 -16"><span class='ocrx_word' id='word_1_378' title='bbox 2128 2392 2290 2460; x_wconf 87' lang='lat' dir='ltr'><strong>pbeta</strong></span> <span class='ocrx_word' id='word_1_379' title='bbox 2328 2389 2621 2446; x_wconf 73' lang='lat' dir='ltr'><strong>Malaehias</strong></span> <span class='ocrx_word' id='word_1_380' title='bbox 2660 2391 2714 2444; x_wconf 93' lang='lat' dir='ltr'><strong>in</strong></span> <span class='ocrx_word' id='word_1_381' title='bbox 2750 2394 3011 2444; x_wconf 85' lang='lat' dir='ltr'><strong>contextu</strong></span> <span class='ocrx_word' id='word_1_382' title='bbox 3047 2388 3114 2441; x_wconf 89' lang='lat' dir='ltr'><strong>de</strong></span> <span class='ocrx_word' id='word_1_383' title='bbox 3150 2385 3398 2455; x_wconf 83' lang='lat' dir='ltr'><strong>quolibet</strong></span> <span class='ocrx_word' id='word_1_384' title='bbox 3447 2384 3738 2440; x_wconf 79' lang='lat' dir='ltr'><strong>sacerdote</strong></span> 
     </span>
    </p>
   </div>
   <div class='ocr_carea' id='block_1_54' title="bbox 2131 2478 3737 2551">
    <p class='ocr_par' dir='ltr' id='par_1_54' title="bbox 2131 2478 3737 2551">
     <span class='ocr_line' id='line_1_54' title="bbox 2131 2478 3737 2551; baseline -0.005 -10"><span class='ocrx_word' id='word_1_385' title='bbox 2131 2489 2207 2541; x_wconf 88' lang='lat' dir='ltr'><strong>ait</strong></span> <span class='ocrx_word' id='word_1_386' title='bbox 2238 2506 2251 2551; x_wconf 73' lang='grc' dir='ltr'><strong>ς</strong></span> <span class='ocrx_word' id='word_1_387' title='bbox 2284 2505 2303 2538; x_wconf 87' lang='grc'><em>‹</em></span> <span class='ocrx_word' id='word_1_388' title='bbox 2336 2485 2502 2540; x_wconf 86' lang='lat' dir='ltr'><strong>Labia</strong></span> <span class='ocrx_word' id='word_1_389' title='bbox 2537 2485 2842 2542; x_wconf 83' lang='lat' dir='ltr'><strong>sacerdotis</strong></span> <span class='ocrx_word' id='word_1_390' title='bbox 2871 2483 3187 2539; x_wconf 85' lang='lat' dir='ltr'><strong>custodient</strong></span> <span class='ocrx_word' id='word_1_391' title='bbox 3228 2481 3542 2544; x_wconf 79' lang='lat' dir='ltr'><strong>scientiam,</strong></span> <span class='ocrx_word' id='word_1_392' title='bbox 3570 2488 3626 2534; x_wconf 88' lang='lat' dir='ltr'><strong>et</strong></span> <span class='ocrx_word' id='word_1_393' title='bbox 3659 2478 3737 2534; x_wconf 86' lang='lat' dir='ltr'><strong>le-</strong></span> 
     </span>
    </p>
   </div>
   <div class='ocr_carea' id='block_1_55' title="bbox 2130 2571 3746 2650">
    <p class='ocr_par' dir='ltr' id='par_1_55' title="bbox 2130 2571 3746 2650">
     <span class='ocr_line' id='line_1_55' title="bbox 2130 2571 3746 2650; baseline -0.004 -15"><span class='ocrx_word' id='word_1_394' title='bbox 2130 2597 2249 2650; x_wconf 87' lang='lat' dir='ltr'><strong>gem</strong></span> <span class='ocrx_word' id='word_1_395' title='bbox 2302 2582 2588 2644; x_wconf 81' lang='lat' dir='ltr'><strong>requirent</strong></span> <span class='ocrx_word' id='word_1_396' title='bbox 2639 2594 2704 2635; x_wconf 81' lang='lat' dir='ltr'><strong>ex</strong></span> <span class='ocrx_word' id='word_1_397' title='bbox 2740 2595 2838 2634; x_wconf 90' lang='lat' dir='ltr'><strong>ore</strong></span> <span class='ocrx_word' id='word_1_398' title='bbox 2891 2581 3031 2646; x_wconf 85' lang='lat' dir='ltr'><strong>ejus,</strong></span> <span class='ocrx_word' id='word_1_399' title='bbox 3065 2578 3328 2650; x_wconf 87' lang='lat' dir='ltr'><strong>quoniam</strong></span> <span class='ocrx_word' id='word_1_400' title='bbox 3382 2574 3609 2645; x_wconf 79' lang='lat' dir='ltr'><strong>angelus</strong></span> <span class='ocrx_word' id='word_1_401' title='bbox 3639 2571 3746 2628; x_wconf 62' lang='grc' dir='ltr'><strong>Βοι-</strong></span> 
     </span>
    </p>
   </div>
   <div class='ocr_carea' id='block_1_56' title="bbox 2131 2667 3755 2742">
    <p class='ocr_par' dir='ltr' id='par_1_56' title="bbox 2131 2667 3755 2742">
     <span class='ocr_line' id='line_1_56' title="bbox 2131 2667 3755 2742; baseline -0.004 -16"><span class='ocrx_word' id='word_1_402' title='bbox 2131 2672 2264 2726; x_wconf 90' lang='lat' dir='ltr'><strong>mini</strong></span> <span class='ocrx_word' id='word_1_403' title='bbox 2307 2671 2702 2742; x_wconf 84' lang='lat' dir='ltr'><strong>omnipotentis</strong></span> <span class='ocrx_word' id='word_1_404' title='bbox 2741 2682 2827 2726; x_wconf 89' lang='lat' dir='ltr'><strong>est</strong></span> <span class='ocrx_word' id='word_1_405' title='bbox 2853 2673 2921 2728; x_wconf 72' lang='lat'><strong>“.</strong></span> <span class='ocrx_word' id='word_1_406' title='bbox 2950 2691 2969 2724; x_wconf 73' lang='grc' dir='ltr'>ι</span> <span class='ocrx_word' id='word_1_407' title='bbox 3021 2672 3096 2728; x_wconf 86' lang='lat' dir='ltr'><strong>De</strong></span> <span class='ocrx_word' id='word_1_408' title='bbox 3147 2667 3502 2725; x_wconf 89' lang='lat' dir='ltr'><strong>Emmanuele</strong></span> <span class='ocrx_word' id='word_1_409' title='bbox 3555 2677 3755 2722; x_wconf 79' lang='lat' dir='ltr'><strong>autem-</strong></span> 
     </span>
    </p>
   </div>
   <div class='ocr_carea' id='block_1_57' title="bbox 2095 2757 3740 2838">
    <p class='ocr_par' dir='ltr' id='par_1_57' title="bbox 2095 2757 3740 2838">
     <span class='ocr_line' id='line_1_57' title="bbox 2095 2757 3740 2838; baseline -0.004 -18"><span class='ocrx_word' id='word_1_410' title='bbox 2095 2757 2397 2838; x_wconf 50' lang='lat' dir='ltr'><strong>‘propheta</strong></span> <span class='ocrx_word' id='word_1_411' title='bbox 2432 2768 2605 2823; x_wconf 89' lang='lat' dir='ltr'><strong>Isaias</strong></span> <span class='ocrx_word' id='word_1_412' title='bbox 2637 2787 2649 2822; x_wconf 93' lang='lat'><strong>:</strong></span> <span class='ocrx_word' id='word_1_413' title='bbox 2684 2786 2702 2819; x_wconf 75' lang='grc' dir='ltr'><strong>ι</strong></span> <span class='ocrx_word' id='word_1_414' title='bbox 2735 2767 2804 2822; x_wconf 88' lang='grc' dir='ltr'><strong>Ει</strong></span> <span class='ocrx_word' id='word_1_415' title='bbox 2855 2766 3040 2823; x_wconf 84' lang='lat' dir='ltr'><strong>volent</strong></span> <span class='ocrx_word' id='word_1_416' title='bbox 3084 2765 3130 2824; x_wconf 90' lang='lat' dir='ltr'><strong>si</strong></span> <span class='ocrx_word' id='word_1_417' title='bbox 3169 2765 3373 2820; x_wconf 81' lang='lat' dir='ltr'><strong>fuerint</strong></span> <span class='ocrx_word' id='word_1_418' title='bbox 3423 2763 3548 2836; x_wconf 84' lang='lat' dir='ltr'><strong>igne</strong></span> <span class='ocrx_word' id='word_1_419' title='bbox 3588 2779 3740 2818; x_wconf 81' lang='lat' dir='ltr'><strong>com-</strong></span> 
     </span>
    </p>
   </div>
   <div class='ocr_carea' id='block_1_58' title="bbox 2131 2856 3741 2930">
    <p class='ocr_par' dir='ltr' id='par_1_58' title="bbox 2131 2856 3741 2930">
     <span class='ocr_line' id='line_1_58' title="bbox 2131 2856 3741 2930; baseline -0.004 -15"><span class='ocrx_word' id='word_1_420' title='bbox 2131 2863 2295 2928; x_wconf 89' lang='lat' dir='ltr'><strong>busti,</strong></span> <span class='ocrx_word' id='word_1_421' title='bbox 2343 2861 2470 2930; x_wconf 86' lang='lat' dir='ltr'><strong>quia</strong></span> <span class='ocrx_word' id='word_1_422' title='bbox 2512 2876 2651 2930; x_wconf 88' lang='lat' dir='ltr'><strong>puer</strong></span> <span class='ocrx_word' id='word_1_423' title='bbox 2704 2868 2863 2914; x_wconf 90' lang='lat' dir='ltr'><strong>natus</strong></span> <span class='ocrx_word' id='word_1_424' title='bbox 2910 2869 2994 2914; x_wconf 91' lang='lat' dir='ltr'><strong>est</strong></span> <span class='ocrx_word' id='word_1_425' title='bbox 3036 2857 3222 2923; x_wconf 90' lang='lat' dir='ltr'><strong>nobis;</strong></span> <span class='ocrx_word' id='word_1_426' title='bbox 3272 2857 3416 2910; x_wconf 83' lang='lat' dir='ltr'><strong>lilius</strong></span> <span class='ocrx_word' id='word_1_427' title='bbox 3452 2856 3610 2910; x_wconf 83' lang='lat' dir='ltr'><strong>datus</strong></span> <span class='ocrx_word' id='word_1_428' title='bbox 3653 2864 3741 2910; x_wconf 87' lang='lat' dir='ltr'><strong>est</strong></span> 
     </span>
    </p>
   </div>
   <div class='ocr_carea' id='block_1_59' title="bbox 2132 2945 3743 3029">
    <p class='ocr_par' dir='ltr' id='par_1_59' title="bbox 2132 2945 3743 3029">
     <span class='ocr_line' id='line_1_59' title="bbox 2132 2945 3743 3029; baseline -0.006 -21"><span class='ocrx_word' id='word_1_429' title='bbox 2132 2953 2312 3018; x_wconf 90' lang='lat' dir='ltr'><strong>nobis,</strong></span> <span class='ocrx_word' id='word_1_430' title='bbox 2347 2961 2404 3029; x_wconf 85' lang='lat' dir='ltr'><strong>et</strong></span> <span class='ocrx_word' id='word_1_431' title='bbox 2440 2952 2732 3007; x_wconf 82' lang='lat' dir='ltr'><strong>vocabitur</strong></span> <span class='ocrx_word' id='word_1_432' title='bbox 2769 2965 2969 3019; x_wconf 86' lang='lat' dir='ltr'><strong>nomen</strong></span> <span class='ocrx_word' id='word_1_433' title='bbox 3003 2950 3121 3018; x_wconf 84' lang='lat' dir='ltr'><strong>ejus</strong></span> <span class='ocrx_word' id='word_1_434' title='bbox 3156 2947 3336 3016; x_wconf 83' lang='lat' dir='ltr'><strong>magni</strong></span> <span class='ocrx_word' id='word_1_435' title='bbox 3381 2945 3594 3000; x_wconf 86' lang='lat' dir='ltr'><strong>consilii</strong></span> <span class='ocrx_word' id='word_1_436' title='bbox 3627 2945 3743 3000; x_wconf 87' lang='lat' dir='ltr'><strong>Au-</strong></span> 
     </span>
    </p>
   </div>
   <div class='ocr_carea' id='block_1_60' title="bbox 2131 3039 3742 3122">
    <p class='ocr_par' dir='ltr' id='par_1_60' title="bbox 2131 3039 3742 3122">
     <span class='ocr_line' id='line_1_60' title="bbox 2131 3039 3742 3122; baseline -0.004 -22"><span class='ocrx_word' id='word_1_437' title='bbox 2131 3048 2283 3121; x_wconf 78' lang='lat' dir='ltr'><strong>gelus</strong></span> <span class='ocrx_word' id='word_1_438' title='bbox 2302 3046 2370 3100; x_wconf 82' lang='grc'><strong>⁸⁸.</strong></span> <span class='ocrx_word' id='word_1_439' title='bbox 2403 3063 2426 3100; x_wconf 70' lang='grc' dir='ltr'><strong>ι</strong></span> <span class='ocrx_word' id='word_1_440' title='bbox 2458 3043 2628 3100; x_wconf 76' lang='lat' dir='ltr'><strong>Vides</strong></span> <span class='ocrx_word' id='word_1_441' title='bbox 2661 3043 3121 3113; x_wconf 78' lang='lat' dir='ltr'><strong>quemadmodum</strong></span> <span class='ocrx_word' id='word_1_442' title='bbox 3159 3039 3557 3108; x_wconf 78' lang='grc' dir='ltr'><strong>ἀπαγγέλλειν,</strong></span> <span class='ocrx_word' id='word_1_443' title='bbox 3604 3055 3742 3122; x_wconf 53' lang='grc' dir='ltr'><strong>πται-ε</strong></span> 
     </span>
    </p>
   </div>
   <div class='ocr_carea' id='block_1_61' title="bbox 2135 3133 3738 3208">
    <p class='ocr_par' dir='ltr' id='par_1_61' title="bbox 2135 3133 3738 3208">
     <span class='ocr_line' id='line_1_61' title="bbox 2135 3133 3738 3208; baseline -0.005 -14"><span class='ocrx_word' id='word_1_444' title='bbox 2135 3141 2270 3194; x_wconf 78' lang='lat' dir='ltr'><strong>tiare</strong></span> <span class='ocrx_word' id='word_1_445' title='bbox 2302 3152 2424 3208; x_wconf 85' lang='lat' dir='ltr'><strong>quae</strong></span> <span class='ocrx_word' id='word_1_446' title='bbox 2452 3137 2601 3193; x_wconf 91' lang='lat' dir='ltr'><strong>illius</strong></span> <span class='ocrx_word' id='word_1_447' title='bbox 2636 3149 2910 3206; x_wconf 67' lang='lat' dir='ltr'><strong>supremae</strong></span> <span class='ocrx_word' id='word_1_448' title='bbox 2963 3143 3172 3189; x_wconf 86' lang='lat' dir='ltr'><strong>naturae</strong></span> <span class='ocrx_word' id='word_1_449' title='bbox 3209 3143 3360 3200; x_wconf 91' lang='lat' dir='ltr'><strong>sunt,</strong></span> <span class='ocrx_word' id='word_1_450' title='bbox 3408 3133 3738 3203; x_wconf 86' lang='lat' dir='ltr'><strong>quibusdam</strong></span> 
     </span>
    </p>
   </div>
   <div class='ocr_carea' id='block_1_62' title="bbox 416 3220 2043 3313">
    <p class='ocr_par' dir='ltr' id='par_1_62' title="bbox 416 3220 2024 3293">
     <span class='ocr_line' id='line_1_62' title="bbox 416 3220 2024 3293; baseline 0.001 -18"><span class='ocrx_word' id='word_1_451' title='bbox 416 3222 710 3292; x_wconf 71' lang='grc' dir='ltr'><strong>Ἄγγελος.</strong></span> <span class='ocrx_word' id='word_1_452' title='bbox 763 3240 782 3273; x_wconf 76' lang='grc' dir='ltr'><strong>ι</strong></span> <span class='ocrx_word' id='word_1_453' title='bbox 832 3220 998 3292; x_wconf 75' lang='grc' dir='ltr'><strong>Ὁρᾷς</strong></span> <span class='ocrx_word' id='word_1_454' title='bbox 1030 3221 1212 3275; x_wconf 80' lang='grc' dir='ltr'>ὅτιτὸ</span> <span class='ocrx_word' id='word_1_455' title='bbox 1257 3220 1670 3291; x_wconf 70' lang='grc' dir='ltr'><strong>ἀπαγγέλλειν</strong></span> <span class='ocrx_word' id='word_1_456' title='bbox 1710 3223 1919 3293; x_wconf 81' lang='grc' dir='ltr'><strong>ἑτέροις</strong></span> <span class='ocrx_word' id='word_1_457' title='bbox 1954 3222 2024 3276; x_wconf 75' lang='grc' dir='ltr'><strong>τὰ</strong></span> 
     </span>
    </p>
   </div>
   <div class='ocr_carea' id='block_1_63' title="bbox 2131 3220 3738 3313">
    <p class='ocr_par' dir='ltr' id='par_1_63' title="bbox 2141 3225 3738 3301">
     <span class='ocr_line' id='line_1_63' title="bbox 2141 3225 3738 3301; baseline -0.006 -14"><span class='ocrx_word' id='word_1_458' title='bbox 2141 3233 2302 3289; x_wconf 87' lang='lat' dir='ltr'><strong>etiam</strong></span> <span class='ocrx_word' id='word_1_459' title='bbox 2333 3231 2651 3301; x_wconf 81' lang='lat' dir='ltr'><strong>angelorum</strong></span> <span class='ocrx_word' id='word_1_460' title='bbox 2685 3243 2884 3284; x_wconf 88' lang='lat' dir='ltr'><strong>nomen</strong></span> <span class='ocrx_word' id='word_1_461' title='bbox 2939 3225 3215 3292; x_wconf 85' lang='lat' dir='ltr'><strong>conciliet,</strong></span> <span class='ocrx_word' id='word_1_462' title='bbox 3251 3225 3502 3297; x_wconf 80' lang='lat' dir='ltr'><strong>quamvis</strong></span> <span class='ocrx_word' id='word_1_463' title='bbox 3543 3231 3738 3278; x_wconf 85' lang='lat' dir='ltr'><strong>natura</strong></span> 
     </span>
    </p>
   </div>
   <div class='ocr_carea' id='block_1_64' title="bbox 409 3316 2028 3389">
    <p class='ocr_par' dir='ltr' id='par_1_64' title="bbox 409 3316 2028 3389">
     <span class='ocr_line' id='line_1_64' title="bbox 409 3316 2028 3389; baseline 0.002 -20"><span class='ocrx_word' id='word_1_464' title='bbox 409 3318 520 3389; x_wconf 74' lang='grc' dir='ltr'><strong>τῆς</strong></span> <span class='ocrx_word' id='word_1_465' title='bbox 576 3316 864 3388; x_wconf 80' lang='grc' dir='ltr'><strong>ἀνωτάτης</strong></span> <span class='ocrx_word' id='word_1_466' title='bbox 909 3316 1148 3386; x_wconf 78' lang='grc' dir='ltr'><strong>φύσεως,</strong></span> <span class='ocrx_word' id='word_1_467' title='bbox 1181 3316 1550 3389; x_wconf 77' lang='grc' dir='ltr'><strong>ὀνομάζεσθαι</strong></span> <span class='ocrx_word' id='word_1_468' title='bbox 1605 3320 1699 3371; x_wconf 68' lang='grc' dir='ltr'><strong>καὶ</strong></span> <span class='ocrx_word' id='word_1_469' title='bbox 1759 3318 2028 3388; x_wconf 78' lang='grc' dir='ltr'><strong>ἀγγέλους</strong></span> 
     </span>
    </p>
   </div>
   <div class='ocr_carea' id='block_1_65' title="bbox 410 3409 2031 3482">
    <p class='ocr_par' dir='ltr' id='par_1_65' title="bbox 410 3409 2031 3482">
     <span class='ocr_line' id='line_1_65' title="bbox 410 3409 2031 3482; baseline 0.002 -18"><span class='ocrx_word' id='word_1_470' title='bbox 410 3409 837 3482; x_wconf 67' lang='grc' dir='ltr'><strong>παρασκευάζει</strong></span> <span class='ocrx_word' id='word_1_471' title='bbox 873 3412 1056 3476; x_wconf 79' lang='grc' dir='ltr'><strong>τινὰς,</strong></span> <span class='ocrx_word' id='word_1_472' title='bbox 1118 3410 1301 3464; x_wconf 84' lang='grc' dir='ltr'><strong>καίτοι</strong></span> <span class='ocrx_word' id='word_1_473' title='bbox 1341 3411 1484 3464; x_wconf 84' lang='grc' dir='ltr'><strong>κατὰ</strong></span> <span class='ocrx_word' id='word_1_474' title='bbox 1530 3411 1692 3479; x_wconf 70' lang='grc' dir='ltr'><strong>φύσιν</strong></span> <span class='ocrx_word' id='word_1_475' title='bbox 1726 3412 1826 3466; x_wconf 68' lang='grc' dir='ltr'><strong>οὒκ</strong></span> <span class='ocrx_word' id='word_1_476' title='bbox 1869 3413 2031 3478; x_wconf 74' lang='grc' dir='ltr'><strong>ὄντας</strong></span> 
     </span>
    </p>
   </div>
   <div class='ocr_carea' id='block_1_66' title="bbox 411 3500 2032 3577">
    <p class='ocr_par' dir='ltr' id='par_1_66' title="bbox 411 3500 2032 3577">
     <span class='ocr_line' id='line_1_66' title="bbox 411 3500 2032 3577; baseline 0.004 -26"><span class='ocrx_word' id='word_1_477' title='bbox 411 3500 724 3567; x_wconf 72' lang='grc' dir='ltr'><strong>ᾁγγέλουςς</strong></span> <span class='ocrx_word' id='word_1_478' title='bbox 764 3500 1080 3573; x_wconf 75' lang='grc' dir='ltr'><strong>’Ἄνθρωποι</strong></span> <span class='ocrx_word' id='word_1_479' title='bbox 1115 3504 1216 3574; x_wconf 77' lang='grc' dir='ltr'><strong>μὲν</strong></span> <span class='ocrx_word' id='word_1_480' title='bbox 1267 3503 1396 3573; x_wconf 85' lang='grc' dir='ltr'><strong>γὰρ,</strong></span> <span class='ocrx_word' id='word_1_481' title='bbox 1437 3505 1484 3556; x_wconf 82' lang='grc' dir='ltr'><strong>οἱ</strong></span> <span class='ocrx_word' id='word_1_482' title='bbox 1509 3503 1599 3555; x_wconf 77' lang='grc' dir='ltr'><strong>τὸν</strong></span> <span class='ocrx_word' id='word_1_483' title='bbox 1633 3503 1776 3556; x_wconf 69' lang='grc' dir='ltr'><strong>θεῖον</strong></span> <span class='ocrx_word' id='word_1_484' title='bbox 1804 3504 2032 3577; x_wconf 78' lang='grc' dir='ltr'><strong>διερμηο</strong></span> 
     </span>
    </p>
   </div>
   <div class='ocr_carea' id='block_1_67' title="bbox 411 3591 2033 3667">
    <p class='ocr_par' dir='ltr' id='par_1_67' title="bbox 411 3591 2033 3667">
     <span class='ocr_line' id='line_1_67' title="bbox 411 3591 2033 3667; baseline 0.002 -20"><span class='ocrx_word' id='word_1_485' title='bbox 411 3591 671 3658; x_wconf 77' lang='grc' dir='ltr'><strong>νεύοντες</strong></span> <span class='ocrx_word' id='word_1_486' title='bbox 717 3594 918 3665; x_wconf 88' lang='grc' dir='ltr'><strong>νόμον,</strong></span> <span class='ocrx_word' id='word_1_487' title='bbox 953 3594 1236 3648; x_wconf 77' lang='grc' dir='ltr'><strong>τουτέστιν</strong></span> <span class='ocrx_word' id='word_1_488' title='bbox 1290 3596 1340 3648; x_wconf 81' lang='grc' dir='ltr'><strong>οἱ</strong></span> <span class='ocrx_word' id='word_1_489' title='bbox 1384 3597 1584 3667; x_wconf 76' lang='grc' dir='ltr'><strong>ἱερεῖς’</strong></span> <span class='ocrx_word' id='word_1_490' title='bbox 1628 3598 1764 3660; x_wconf 77' lang='grc' dir='ltr'>Θεὸς</span> <span class='ocrx_word' id='word_1_491' title='bbox 1810 3598 1885 3663; x_wconf 80' lang='grc' dir='ltr'><strong>δὲ,</strong></span> <span class='ocrx_word' id='word_1_492' title='bbox 1936 3597 2033 3654; x_wconf 77' lang='grc' dir='ltr'><strong>καὶ</strong></span> 
     </span>
    </p>
   </div>
   <div class='ocr_carea' id='block_1_68' title="bbox 415 3685 2032 3760">
    <p class='ocr_par' dir='ltr' id='par_1_68' title="bbox 415 3685 2032 3760">
     <span class='ocr_line' id='line_1_68' title="bbox 415 3685 2032 3760; baseline 0.001 -21"><span class='ocrx_word' id='word_1_493' title='bbox 415 3689 482 3739; x_wconf 85' lang='grc' dir='ltr'><strong>ὲκ</strong></span> <span class='ocrx_word' id='word_1_494' title='bbox 513 3685 650 3740; x_wconf 82' lang='grc' dir='ltr'><strong>Θεοῦ</strong></span> <span class='ocrx_word' id='word_1_495' title='bbox 680 3686 826 3742; x_wconf 72' lang='grc' dir='ltr'><strong>κατὰ</strong></span> <span class='ocrx_word' id='word_1_496' title='bbox 857 3685 1042 3756; x_wconf 78' lang='grc' dir='ltr'><strong>φύσιν,</strong></span> <span class='ocrx_word' id='word_1_497' title='bbox 1075 3687 1103 3741; x_wconf 82' lang='lat'><strong>6</strong></span> <span class='ocrx_word' id='word_1_498' title='bbox 1137 3687 1281 3752; x_wconf 76' lang='grc' dir='ltr'><strong>Υἱός.</strong></span> <span class='ocrx_word' id='word_1_499' title='bbox 1309 3689 1631 3760; x_wconf 76' lang='grc' dir='ltr'><strong>Ἀνθρωπος</strong></span> <span class='ocrx_word' id='word_1_500' title='bbox 1671 3689 1734 3760; x_wconf 77' lang='grc' dir='ltr'><strong>δή</strong></span> <span class='ocrx_word' id='word_1_501' title='bbox 1780 3685 1873 3743; x_wconf 75' lang='grc' dir='ltr'>οὖν</span> <span class='ocrx_word' id='word_1_502' title='bbox 1907 3687 2032 3744; x_wconf 82' lang='grc' dir='ltr'><strong>καθ’</strong></span> 
     </span>
    </p>
   </div>
   <div class='ocr_carea' id='block_1_69' title="bbox 413 3779 2032 3854">
    <p class='ocr_par' dir='ltr' id='par_1_69' title="bbox 413 3779 2032 3854">
     <span class='ocr_line' id='line_1_69' title="bbox 413 3779 2032 3854; baseline 0 -22"><span class='ocrx_word' id='word_1_503' title='bbox 413 3779 570 3849; x_wconf 78' lang='grc' dir='ltr'><strong>ἡμᾶς</strong></span> <span class='ocrx_word' id='word_1_504' title='bbox 597 3780 625 3833; x_wconf 83' lang='lat'><strong>6</strong></span> <span class='ocrx_word' id='word_1_505' title='bbox 659 3780 952 3852; x_wconf 63' lang='grc' dir='ltr'><strong>προφήτης</strong></span> <span class='ocrx_word' id='word_1_506' title='bbox 989 3781 1296 3850; x_wconf 75' lang='grc' dir='ltr'><strong>Μαλαχίας.</strong></span> <span class='ocrx_word' id='word_1_507' title='bbox 1327 3781 1558 3852; x_wconf 76' lang='grc' dir='ltr'><strong>Σύμπας</strong></span> <span class='ocrx_word' id='word_1_508' title='bbox 1579 3782 1635 3836; x_wconf 71' lang='grc' dir='ltr'><strong>δὲ</strong></span> <span class='ocrx_word' id='word_1_509' title='bbox 1660 3781 1852 3852; x_wconf 82' lang='grc' dir='ltr'><strong>ὥσπερ</strong></span> <span class='ocrx_word' id='word_1_510' title='bbox 1882 3781 2032 3854; x_wconf 82' lang='grc' dir='ltr'><strong>αύτῷ</strong></span> 
     </span>
    </p>
   </div>
   <div class='ocr_carea' id='block_1_70' title="bbox 409 3871 2030 3944">
    <p class='ocr_par' dir='ltr' id='par_1_70' title="bbox 409 3871 2030 3944">
     <span class='ocr_line' id='line_1_70' title="bbox 409 3871 2030 3944; baseline -0.004 -10"><span class='ocrx_word' id='word_1_511' title='bbox 409 3873 518 3944; x_wconf 78' lang='grc' dir='ltr'><strong>τῆς</strong></span> <span class='ocrx_word' id='word_1_512' title='bbox 550 3871 893 3943; x_wconf 70' lang='grc' dir='ltr'><strong>προφητείας</strong></span> <span class='ocrx_word' id='word_1_513' title='bbox 920 3873 948 3926; x_wconf 88' lang='lat'><strong>6</strong></span> <span class='ocrx_word' id='word_1_514' title='bbox 980 3871 1183 3936; x_wconf 76' lang='grc' dir='ltr'><strong>σκοπὸς</strong></span> <span class='ocrx_word' id='word_1_515' title='bbox 1226 3875 1305 3937; x_wconf 83' lang='grc' dir='ltr'><strong>είς</strong></span> <span class='ocrx_word' id='word_1_516' title='bbox 1335 3872 1428 3926; x_wconf 86' lang='grc' dir='ltr'><strong>δύο</strong></span> <span class='ocrx_word' id='word_1_517' title='bbox 1458 3873 1634 3928; x_wconf 83' lang='grc' dir='ltr'><strong>ταῦτα</strong></span> <span class='ocrx_word' id='word_1_518' title='bbox 1676 3875 2030 3938; x_wconf 65' lang='grc' dir='ltr'><strong>συντείνεται,</strong></span> 
     </span>
    </p>
   </div>
   <div class='ocr_carea' id='block_1_71' title="bbox 432 3962 2033 4038">
    <p class='ocr_par' dir='ltr' id='par_1_71' title="bbox 432 3962 2033 4038">
     <span class='ocr_line' id='line_1_71' title="bbox 432 3962 2033 4038; baseline 0.002 -22"><span class='ocrx_word' id='word_1_519' title='bbox 432 3963 842 4035; x_wconf 83' lang='grc' dir='ltr'><strong>Ἐγηγερμένου</strong></span> <span class='ocrx_word' id='word_1_520' title='bbox 872 3962 984 4036; x_wconf 66' lang='grc' dir='ltr'><strong>γὰρ</strong></span> <span class='ocrx_word' id='word_1_521' title='bbox 1006 3963 1099 4017; x_wconf 83' lang='grc' dir='ltr'><strong>τοῦ</strong></span> <span class='ocrx_word' id='word_1_522' title='bbox 1132 3963 1276 4021; x_wconf 77' lang='grc' dir='ltr'><strong>θείου</strong></span> <span class='ocrx_word' id='word_1_523' title='bbox 1312 3965 1465 4032; x_wconf 79' lang='grc' dir='ltr'><strong>ναοῦ,</strong></span> <span class='ocrx_word' id='word_1_524' title='bbox 1498 3964 1694 4038; x_wconf 74' lang='grc' dir='ltr'><strong>καιροῦ</strong></span> <span class='ocrx_word' id='word_1_525' title='bbox 1737 3966 2033 4032; x_wconf 72' lang='grc' dir='ltr'><strong>καλοῦντος</strong></span> 
     </span>
    </p>
   </div>
   <div class='ocr_carea' id='block_1_72' title="bbox 416 4056 2033 4130">
    <p class='ocr_par' dir='ltr' id='par_1_72' title="bbox 416 4056 2033 4130">
     <span class='ocr_line' id='line_1_72' title="bbox 416 4056 2033 4130; baseline -0.008 -21"><span class='ocrx_word' id='word_1_526' title='bbox 416 4058 500 4120; x_wconf 82' lang='grc' dir='ltr'><strong>εἰς</strong></span> <span class='ocrx_word' id='word_1_527' title='bbox 537 4056 856 4128; x_wconf 77' lang='grc' dir='ltr'><strong>ἱερουργίαν</strong></span> <span class='ocrx_word' id='word_1_528' title='bbox 900 4058 1028 4121; x_wconf 77' lang='grc' dir='ltr'><strong>τοὺς</strong></span> <span class='ocrx_word' id='word_1_529' title='bbox 1063 4057 1476 4129; x_wconf 80' lang='grc' dir='ltr'><strong>προεστηκότας</strong></span> <span class='ocrx_word' id='word_1_530' title='bbox 1522 4058 1679 4123; x_wconf 84' lang='grc' dir='ltr'><strong>λαοῦ,</strong></span> <span class='ocrx_word' id='word_1_531' title='bbox 1732 4059 1851 4130; x_wconf 69' lang='grc' dir='ltr'><strong>ἦτοι</strong></span> <span class='ocrx_word' id='word_1_532' title='bbox 1903 4061 2033 4124; x_wconf 64' lang='grc' dir='ltr'><strong>τοὺς</strong></span> 
     </span>
    </p>
   </div>
   <div class='ocr_carea' id='block_1_73' title="bbox 418 4131 2028 4222">
    <p class='ocr_par' dir='ltr' id='par_1_73' title="bbox 418 4147 2028 4222">
     <span class='ocr_line' id='line_1_73' title="bbox 418 4147 2028 4222; baseline 0.002 -22"><span class='ocrx_word' id='word_1_533' title='bbox 418 4147 480 4213; x_wconf 77' lang='grc' dir='ltr'>ἐξ</span> <span class='ocrx_word' id='word_1_534' title='bbox 515 4149 759 4218; x_wconf 79' lang='grc' dir='ltr'><strong>Ἰσραὴλ,</strong></span> <span class='ocrx_word' id='word_1_535' title='bbox 785 4147 1052 4220; x_wconf 78' lang='grc' dir='ltr'><strong>πληροῦν,</strong></span> <span class='ocrx_word' id='word_1_536' title='bbox 1081 4150 1129 4203; x_wconf 75' lang='grc' dir='ltr'><strong>εἰ</strong></span> <span class='ocrx_word' id='word_1_537' title='bbox 1163 4149 1389 4215; x_wconf 67' lang='grc' dir='ltr'><strong>ἕλοιντο,</strong></span> <span class='ocrx_word' id='word_1_538' title='bbox 1424 4150 1523 4213; x_wconf 77' lang='grc' dir='ltr'><strong>τὰς</strong></span> <span class='ocrx_word' id='word_1_539' title='bbox 1565 4149 1711 4204; x_wconf 77' lang='grc' dir='ltr'><strong>κατὰ</strong></span> <span class='ocrx_word' id='word_1_540' title='bbox 1733 4151 1900 4222; x_wconf 83' lang='grc' dir='ltr'><strong>νόμον</strong></span> <span class='ocrx_word' id='word_1_541' title='bbox 1934 4151 2028 4204; x_wconf 88' lang='grc' dir='ltr'><strong>εύ-</strong></span> 
     </span>
    </p>
   </div>
   <div class='ocr_carea' id='block_1_74' title="bbox 416 4238 2032 4311">
    <p class='ocr_par' dir='ltr' id='par_1_74' title="bbox 416 4238 2032 4311">
     <span class='ocr_line' id='line_1_74' title="bbox 416 4238 2032 4311; baseline 0.002 -20"><span class='ocrx_word' id='word_1_542' title='bbox 416 4238 544 4308; x_wconf 80' lang='grc' dir='ltr'><strong>χὰς,</strong></span> <span class='ocrx_word' id='word_1_543' title='bbox 580 4239 885 4311; x_wconf 79' lang='grc' dir='ltr'><strong>ἐκέχρηντο</strong></span> <span class='ocrx_word' id='word_1_544' title='bbox 922 4239 1024 4311; x_wconf 79' lang='grc' dir='ltr'><strong>μὲν</strong></span> <span class='ocrx_word' id='word_1_545' title='bbox 1063 4241 1182 4304; x_wconf 86' lang='grc' dir='ltr'><strong>ταῖς</strong></span> <span class='ocrx_word' id='word_1_546' title='bbox 1235 4239 1324 4293; x_wconf 71' lang='grc' dir='ltr'><strong>διὰ</strong></span> <span class='ocrx_word' id='word_1_547' title='bbox 1379 4239 1625 4306; x_wconf 81' lang='grc' dir='ltr'><strong>Μωσέως</strong></span> <span class='ocrx_word' id='word_1_548' title='bbox 1674 4241 1937 4305; x_wconf 80' lang='grc' dir='ltr'><strong>ἐντολαῖς,</strong></span> <span class='ocrx_word' id='word_1_549' title='bbox 1971 4241 2032 4294; x_wconf 85' lang='grc' dir='ltr'><strong>ού</strong></span> 
     </span>
    </p>
   </div>
   <div class='ocr_carea' id='block_1_75' title="bbox 421 4331 2037 4404">
    <p class='ocr_par' dir='ltr' id='par_1_75' title="bbox 421 4331 2037 4404">
     <span class='ocr_line' id='line_1_75' title="bbox 421 4331 2037 4404; baseline 0 -19"><span class='ocrx_word' id='word_1_550' title='bbox 421 4331 531 4403; x_wconf 79' lang='grc' dir='ltr'><strong>μὴν</strong></span> <span class='ocrx_word' id='word_1_551' title='bbox 555 4331 878 4402; x_wconf 78' lang='grc' dir='ltr'><strong>ἀμωμήτως</strong></span> <span class='ocrx_word' id='word_1_552' title='bbox 911 4331 1006 4385; x_wconf 70' lang='grc' dir='ltr'><strong>καὶ</strong></span> <span class='ocrx_word' id='word_1_553' title='bbox 1040 4331 1323 4395; x_wconf 76' lang='grc' dir='ltr'><strong>ἐπιεικῶς.</strong></span> <span class='ocrx_word' id='word_1_554' title='bbox 1360 4333 1771 4404; x_wconf 74' lang='grc' dir='ltr'><strong>Προσεκὸμιζον</strong></span> <span class='ocrx_word' id='word_1_555' title='bbox 1804 4334 1901 4404; x_wconf 76' lang='grc' dir='ltr'><strong>μὲν</strong></span> <span class='ocrx_word' id='word_1_556' title='bbox 1925 4333 2037 4404; x_wconf 75' lang='grc' dir='ltr'><strong>γὰρ</strong></span> 
     </span>
    </p>
   </div>
   <div class='ocr_carea' id='block_1_76' title="bbox 417 4423 2036 4498">
    <p class='ocr_par' dir='ltr' id='par_1_76' title="bbox 417 4423 2036 4498">
     <span class='ocr_line' id='line_1_76' title="bbox 417 4423 2036 4498; baseline 0.003 -22"><span class='ocrx_word' id='word_1_557' title='bbox 417 4427 499 4488; x_wconf 84' lang='grc' dir='ltr'><strong>εἰς</strong></span> <span class='ocrx_word' id='word_1_558' title='bbox 541 4423 736 4478; x_wconf 78' lang='grc' dir='ltr'><strong>θυσίαν</strong></span> <span class='ocrx_word' id='word_1_559' title='bbox 769 4425 819 4477; x_wconf 72' lang='lat' dir='ltr'><strong>oi</strong></span> <span class='ocrx_word' id='word_1_560' title='bbox 867 4424 990 4478; x_wconf 73' lang='grc' dir='ltr'><strong>λαοὶ</strong></span> <span class='ocrx_word' id='word_1_561' title='bbox 1022 4426 1091 4478; x_wconf 77' lang='grc' dir='ltr'><strong>τὰ</strong></span> <span class='ocrx_word' id='word_1_562' title='bbox 1129 4425 1356 4496; x_wconf 80' lang='grc' dir='ltr'><strong>συνήθη,</strong></span> <span class='ocrx_word' id='word_1_563' title='bbox 1393 4424 1535 4496; x_wconf 78' lang='grc' dir='ltr'><strong>πλὴν</strong></span> <span class='ocrx_word' id='word_1_564' title='bbox 1579 4426 1640 4480; x_wconf 78' lang='grc' dir='ltr'>οὐ</span> <span class='ocrx_word' id='word_1_565' title='bbox 1679 4427 1887 4498; x_wconf 73' lang='grc' dir='ltr'><strong>σφόδρα</strong></span> <span class='ocrx_word' id='word_1_566' title='bbox 1933 4445 2036 4480; x_wconf 87' lang='grc' dir='ltr'><strong>πε-</strong></span> 
     </span>
    </p>
   </div>
   <div class='ocr_carea' id='block_1_77' title="bbox 419 4517 2038 4592">
    <p class='ocr_par' dir='ltr' id='par_1_77' title="bbox 419 4517 2038 4592">
     <span class='ocr_line' id='line_1_77' title="bbox 419 4517 2038 4592; baseline 0.001 -21"><span class='ocrx_word' id='word_1_567' title='bbox 419 4517 838 4590; x_wconf 78' lang='grc' dir='ltr'><strong>φροντισμένως</strong></span> <span class='ocrx_word' id='word_1_568' title='bbox 861 4559 874 4581; x_wconf 90' lang='grc'><strong>,</strong></span> <span class='ocrx_word' id='word_1_569' title='bbox 910 4517 1162 4592; x_wconf 83' lang='grc' dir='ltr'><strong>ὀκνηρῶς</strong></span> <span class='ocrx_word' id='word_1_570' title='bbox 1197 4518 1253 4572; x_wconf 77' lang='grc' dir='ltr'><strong>δὲ</strong></span> <span class='ocrx_word' id='word_1_571' title='bbox 1300 4518 1502 4591; x_wconf 79' lang='grc' dir='ltr'><strong>μᾶλλον</strong></span> <span class='ocrx_word' id='word_1_572' title='bbox 1533 4519 1628 4573; x_wconf 74' lang='grc' dir='ltr'><strong>καὶ</strong></span> <span class='ocrx_word' id='word_1_573' title='bbox 1653 4521 2038 4592; x_wconf 82' lang='grc' dir='ltr'><strong>κατημελημέ·</strong></span> 
     </span>
    </p>
   </div>
   <div class='ocr_carea' id='block_1_78' title="bbox 2134 3315 3740 3395">
    <p class='ocr_par' dir='ltr' id='par_1_78' title="bbox 2134 3315 3740 3395">
     <span class='ocr_line' id='line_1_78' title="bbox 2134 3315 3740 3395; baseline -0.006 -16"><span class='ocrx_word' id='word_1_574' title='bbox 2134 3325 2308 3395; x_wconf 88' lang='lat' dir='ltr'><strong>angeli</strong></span> <span class='ocrx_word' id='word_1_575' title='bbox 2346 3340 2452 3381; x_wconf 91' lang='lat' dir='ltr'><strong>non</strong></span> <span class='ocrx_word' id='word_1_576' title='bbox 2497 3322 2647 3378; x_wconf 87' lang='lat' dir='ltr'><strong>sint?</strong></span> <span class='ocrx_word' id='word_1_577' title='bbox 2689 3319 2955 3375; x_wconf 78' lang='lat' dir='ltr'><strong>Homines</strong></span> <span class='ocrx_word' id='word_1_578' title='bbox 2986 3318 3133 3373; x_wconf 90' lang='lat' dir='ltr'><strong>enim</strong></span> <span class='ocrx_word' id='word_1_579' title='bbox 3179 3329 3329 3386; x_wconf 88' lang='lat' dir='ltr'><strong>sunt,</strong></span> <span class='ocrx_word' id='word_1_580' title='bbox 3363 3315 3457 3386; x_wconf 88' lang='lat' dir='ltr'><strong>qui</strong></span> <span class='ocrx_word' id='word_1_581' title='bbox 3495 3315 3740 3371; x_wconf 88' lang='lat' dir='ltr'><strong>divinam</strong></span> 
     </span>
    </p>
   </div>
   <div class='ocr_carea' id='block_1_79' title="bbox 2134 3409 3739 3490">
    <p class='ocr_par' dir='ltr' id='par_1_79' title="bbox 2134 3409 3739 3490">
     <span class='ocr_line' id='line_1_79' title="bbox 2134 3409 3739 3490; baseline -0.005 -18"><span class='ocrx_word' id='word_1_582' title='bbox 2134 3419 2307 3490; x_wconf 82' lang='lat' dir='ltr'><strong>legem</strong></span> <span class='ocrx_word' id='word_1_583' title='bbox 2337 3415 2654 3488; x_wconf 79' lang='lat' dir='ltr'><strong>explanant,</strong></span> <span class='ocrx_word' id='word_1_584' title='bbox 2705 3427 2902 3484; x_wconf 88' lang='lat' dir='ltr'><strong>nempe</strong></span> <span class='ocrx_word' id='word_1_585' title='bbox 2935 3410 3258 3468; x_wconf 84' lang='lat' dir='ltr'><strong>sacerdotes</strong></span> <span class='ocrx_word' id='word_1_586' title='bbox 3287 3429 3300 3465; x_wconf 89' lang='lat'><strong>:</strong></span> <span class='ocrx_word' id='word_1_587' title='bbox 3334 3409 3483 3465; x_wconf 86' lang='lat' dir='ltr'><strong>Deus</strong></span> <span class='ocrx_word' id='word_1_588' title='bbox 3532 3419 3739 3479; x_wconf 88' lang='lat' dir='ltr'><strong>autem,</strong></span> 
     </span>
    </p>
   </div>
   <div class='ocr_carea' id='block_1_80' title="bbox 2133 3501 3740 3574">
    <p class='ocr_par' dir='ltr' id='par_1_80' title="bbox 2133 3501 3740 3574">
     <span class='ocr_line' id='line_1_80' title="bbox 2133 3501 3740 3574; baseline -0.007 -6"><span class='ocrx_word' id='word_1_589' title='bbox 2133 3523 2189 3568; x_wconf 91' lang='lat' dir='ltr'><strong>et</strong></span> <span class='ocrx_word' id='word_1_590' title='bbox 2224 3528 2290 3568; x_wconf 80' lang='lat' dir='ltr'><strong>ex</strong></span> <span class='ocrx_word' id='word_1_591' title='bbox 2318 3512 2431 3568; x_wconf 87' lang='lat' dir='ltr'><strong>Deo</strong></span> <span class='ocrx_word' id='word_1_592' title='bbox 2465 3509 2766 3567; x_wconf 89' lang='lat' dir='ltr'><strong>secundum</strong></span> <span class='ocrx_word' id='word_1_593' title='bbox 2817 3516 3068 3562; x_wconf 88' lang='lat' dir='ltr'><strong>naturam</strong></span> <span class='ocrx_word' id='word_1_594' title='bbox 3117 3504 3309 3560; x_wconf 83' lang='lat' dir='ltr'><strong>Filius.</strong></span> <span class='ocrx_word' id='word_1_595' title='bbox 3341 3503 3518 3560; x_wconf 84' lang='lat' dir='ltr'><strong>Homo</strong></span> <span class='ocrx_word' id='word_1_596' title='bbox 3552 3501 3740 3574; x_wconf 86' lang='lat' dir='ltr'><strong>igitur,</strong></span> 
     </span>
    </p>
   </div>
   <div class='ocr_carea' id='block_1_81' title="bbox 2136 3591 3741 3673">
    <p class='ocr_par' dir='ltr' id='par_1_81' title="bbox 2136 3591 3741 3673">
     <span class='ocr_line' id='line_1_81' title="bbox 2136 3591 3741 3673; baseline -0.007 -12"><span class='ocrx_word' id='word_1_597' title='bbox 2136 3615 2387 3663; x_wconf 87' lang='lat' dir='ltr'><strong>nostrum</strong></span> <span class='ocrx_word' id='word_1_598' title='bbox 2437 3603 2657 3670; x_wconf 89' lang='lat' dir='ltr'><strong>similis,</strong></span> <span class='ocrx_word' id='word_1_599' title='bbox 2695 3601 2962 3673; x_wconf 87' lang='lat' dir='ltr'><strong>propheta</strong></span> <span class='ocrx_word' id='word_1_600' title='bbox 2996 3591 3320 3654; x_wconf 82' lang='lat' dir='ltr'><strong>Malachias.</strong></span> <span class='ocrx_word' id='word_1_601' title='bbox 3344 3596 3511 3667; x_wconf 86' lang='lat' dir='ltr'><strong>Cujus</strong></span> <span class='ocrx_word' id='word_1_602' title='bbox 3546 3596 3741 3652; x_wconf 89' lang='lat' dir='ltr'><strong>vatici-</strong></span> 
     </span>
    </p>
   </div>
   <div class='ocr_carea' id='block_1_82' title="bbox 2135 3691 3742 3776">
    <p class='ocr_par' dir='ltr' id='par_1_82' title="bbox 2135 3691 3742 3776">
     <span class='ocr_line' id='line_1_82' title="bbox 2135 3691 3742 3776; baseline -0.007 -21"><span class='ocrx_word' id='word_1_603' title='bbox 2135 3701 2207 3755; x_wconf 90' lang='lat' dir='ltr'><strong>nii</strong></span> <span class='ocrx_word' id='word_1_604' title='bbox 2242 3713 2443 3770; x_wconf 86' lang='lat' dir='ltr'><strong>scepus</strong></span> <span class='ocrx_word' id='word_1_605' title='bbox 2479 3697 2768 3752; x_wconf 87' lang='lat' dir='ltr'><strong>universus</strong></span> <span class='ocrx_word' id='word_1_606' title='bbox 2803 3695 2870 3776; x_wconf 84' lang='lat' dir='ltr'><strong>ad</strong></span> <span class='ocrx_word' id='word_1_607' title='bbox 2918 3695 3025 3749; x_wconf 89' lang='lat' dir='ltr'><strong>duo</strong></span> <span class='ocrx_word' id='word_1_608' title='bbox 3059 3693 3176 3748; x_wconf 77' lang='lat' dir='ltr'><strong>lucc</strong></span> <span class='ocrx_word' id='word_1_609' title='bbox 3199 3691 3450 3747; x_wconf 80' lang='lat' dir='ltr'><strong>refertur</strong></span> <span class='ocrx_word' id='word_1_610' title='bbox 3475 3691 3742 3762; x_wconf 87' lang='lat' dir='ltr'><strong>quodam-</strong></span> 
     </span>
    </p>
   </div>
   <div class='ocr_carea' id='block_1_83' title="bbox 2135 3783 3740 3858">
    <p class='ocr_par' dir='ltr' id='par_1_83' title="bbox 2135 3783 3740 3858">
     <span class='ocr_line' id='line_1_83' title="bbox 2135 3783 3740 3858; baseline -0.007 -9"><span class='ocrx_word' id='word_1_611' title='bbox 2135 3793 2319 3850; x_wconf 88' lang='lat' dir='ltr'><strong>modo.</strong></span> <span class='ocrx_word' id='word_1_612' title='bbox 2369 3787 2701 3847; x_wconf 81' lang='lat' dir='ltr'><strong>Constructo</strong></span> <span class='ocrx_word' id='word_1_613' title='bbox 2731 3788 2896 3844; x_wconf 79' lang='lat' dir='ltr'><strong>enim</strong></span> <span class='ocrx_word' id='word_1_614' title='bbox 2943 3785 3058 3858; x_wconf 84' lang='lat' dir='ltr'><strong>jam</strong></span> <span class='ocrx_word' id='word_1_615' title='bbox 3109 3787 3293 3842; x_wconf 88' lang='lat' dir='ltr'><strong>divino</strong></span> <span class='ocrx_word' id='word_1_616' title='bbox 3344 3783 3570 3854; x_wconf 89' lang='lat' dir='ltr'><strong>templo,</strong></span> <span class='ocrx_word' id='word_1_617' title='bbox 3615 3797 3740 3840; x_wconf 82' lang='lat' dir='ltr'><strong>cum</strong></span> 
     </span>
    </p>
   </div>
   <div class='ocr_carea' id='block_1_84' title="bbox 2138 3879 3744 3956">
    <p class='ocr_par' dir='ltr' id='par_1_84' title="bbox 2138 3879 3744 3956">
     <span class='ocr_line' id='line_1_84' title="bbox 2138 3879 3744 3956; baseline -0.007 -14"><span class='ocrx_word' id='word_1_618' title='bbox 2138 3898 2352 3956; x_wconf 88' lang='lat' dir='ltr'><strong>tempus</strong></span> <span class='ocrx_word' id='word_1_619' title='bbox 2382 3883 2566 3956; x_wconf 89' lang='lat' dir='ltr'><strong>populi</strong></span> <span class='ocrx_word' id='word_1_620' title='bbox 2612 3881 2959 3956; x_wconf 70' lang='lat' dir='ltr'><strong>praepositos,</strong></span> <span class='ocrx_word' id='word_1_621' title='bbox 3019 3881 3135 3936; x_wconf 88' lang='lat' dir='ltr'><strong>sive</strong></span> <span class='ocrx_word' id='word_1_622' title='bbox 3182 3894 3276 3935; x_wconf 87' lang='lat' dir='ltr'><strong>eos</strong></span> <span class='ocrx_word' id='word_1_623' title='bbox 3329 3879 3420 3950; x_wconf 91' lang='lat' dir='ltr'><strong>qui</strong></span> <span class='ocrx_word' id='word_1_624' title='bbox 3470 3885 3631 3935; x_wconf 78' lang='lat' dir='ltr'><strong>erant</strong></span> <span class='ocrx_word' id='word_1_625' title='bbox 3673 3879 3744 3931; x_wconf 83' lang='lat' dir='ltr'><strong>de</strong></span> 
     </span>
    </p>
   </div>
   <div class='ocr_carea' id='block_1_85' title="bbox 2137 3969 3739 4048">
    <p class='ocr_par' dir='ltr' id='par_1_85' title="bbox 2137 3969 3739 4048">
     <span class='ocr_line' id='line_1_85' title="bbox 2137 3969 3739 4048; baseline -0.007 -13"><span class='ocrx_word' id='word_1_626' title='bbox 2137 3978 2406 4048; x_wconf 84' lang='lat' dir='ltr'><strong>sanguine</strong></span> <span class='ocrx_word' id='word_1_627' title='bbox 2440 3975 2596 4043; x_wconf 79' lang='lat' dir='ltr'><strong>Levi,</strong></span> <span class='ocrx_word' id='word_1_628' title='bbox 2651 3975 2718 4030; x_wconf 90' lang='lat' dir='ltr'><strong>ad</strong></span> <span class='ocrx_word' id='word_1_629' title='bbox 2755 3971 3029 4031; x_wconf 85' lang='lat' dir='ltr'><strong>sacriﬁcia</strong></span> <span class='ocrx_word' id='word_1_630' title='bbox 3077 3981 3328 4045; x_wconf 77' lang='lat' dir='ltr'><strong>vocaret,</strong></span> <span class='ocrx_word' id='word_1_631' title='bbox 3371 3980 3537 4044; x_wconf 86' lang='lat' dir='ltr'><strong>atque</strong></span> <span class='ocrx_word' id='word_1_632' title='bbox 3571 3969 3739 4027; x_wconf 90' lang='lat' dir='ltr'><strong>etiam</strong></span> 
     </span>
    </p>
   </div>
   <div class='ocr_carea' id='block_1_86' title="bbox 2137 4061 3742 4142">
    <p class='ocr_par' dir='ltr' id='par_1_86' title="bbox 2137 4061 3742 4142">
     <span class='ocr_line' id='line_1_86' title="bbox 2137 4061 3742 4142; baseline -0.003 -20"><span class='ocrx_word' id='word_1_633' title='bbox 2137 4071 2273 4142; x_wconf 86' lang='lat' dir='ltr'><strong>ipsis</strong></span> <span class='ocrx_word' id='word_1_634' title='bbox 2319 4068 2581 4124; x_wconf 87' lang='lat' dir='ltr'><strong>lsraelitis</strong></span> <span class='ocrx_word' id='word_1_635' title='bbox 2613 4081 2806 4138; x_wconf 86' lang='lat' dir='ltr'><strong>preces</strong></span> <span class='ocrx_word' id='word_1_636' title='bbox 2846 4074 2902 4121; x_wconf 90' lang='lat' dir='ltr'><strong>et</strong></span> <span class='ocrx_word' id='word_1_637' title='bbox 2953 4075 3077 4122; x_wconf 86' lang='lat' dir='ltr'><strong>vota</strong></span> <span class='ocrx_word' id='word_1_638' title='bbox 3111 4067 3412 4122; x_wconf 86' lang='lat' dir='ltr'><strong>secundum</strong></span> <span class='ocrx_word' id='word_1_639' title='bbox 3460 4061 3655 4136; x_wconf 85' lang='lat' dir='ltr'><strong>legem,</strong></span> <span class='ocrx_word' id='word_1_640' title='bbox 3694 4063 3742 4117; x_wconf 90' lang='lat' dir='ltr'><strong>si</strong></span> 
     </span>
    </p>
   </div>
   <div class='ocr_carea' id='block_1_87' title="bbox 2137 4158 3745 4232">
    <p class='ocr_par' dir='ltr' id='par_1_87' title="bbox 2137 4158 3745 4232">
     <span class='ocr_line' id='line_1_87' title="bbox 2137 4158 3745 4232; baseline -0.006 -13"><span class='ocrx_word' id='word_1_641' title='bbox 2137 4166 2358 4230; x_wconf 83' lang='lat' dir='ltr'><strong>liberet,</strong></span> <span class='ocrx_word' id='word_1_642' title='bbox 2385 4162 2636 4220; x_wconf 89' lang='lat' dir='ltr'><strong>obeunda</strong></span> <span class='ocrx_word' id='word_1_643' title='bbox 2659 4160 3063 4232; x_wconf 88' lang='lat' dir='ltr'><strong>quodammodo</strong></span> <span class='ocrx_word' id='word_1_644' title='bbox 3082 4167 3420 4232; x_wconf 75' lang='lat' dir='ltr'><strong>suggereret,</strong></span> <span class='ocrx_word' id='word_1_645' title='bbox 3446 4158 3745 4213; x_wconf 84' lang='lat' dir='ltr'><strong>servabant</strong></span> 
     </span>
    </p>
   </div>
   <div class='ocr_carea' id='block_1_88' title="bbox 2141 4250 3740 4326">
    <p class='ocr_par' dir='ltr' id='par_1_88' title="bbox 2141 4250 3740 4326">
     <span class='ocr_line' id='line_1_88' title="bbox 2141 4250 3740 4326; baseline -0.004 -17"><span class='ocrx_word' id='word_1_646' title='bbox 2141 4255 2214 4310; x_wconf 90' lang='lat' dir='ltr'><strong>illi</strong></span> <span class='ocrx_word' id='word_1_647' title='bbox 2245 4255 2465 4326; x_wconf 88' lang='lat' dir='ltr'><strong>quidem</strong></span> <span class='ocrx_word' id='word_1_648' title='bbox 2493 4254 2745 4308; x_wconf 90' lang='lat' dir='ltr'><strong>mandata</strong></span> <span class='ocrx_word' id='word_1_649' title='bbox 2779 4250 2968 4318; x_wconf 81' lang='lat' dir='ltr'><strong>Musis,</strong></span> <span class='ocrx_word' id='word_1_650' title='bbox 2999 4267 3110 4306; x_wconf 89' lang='lat' dir='ltr'><strong>non</strong></span> <span class='ocrx_word' id='word_1_651' title='bbox 3139 4261 3318 4307; x_wconf 87' lang='lat' dir='ltr'><strong>tamen</strong></span> <span class='ocrx_word' id='word_1_652' title='bbox 3356 4251 3494 4308; x_wconf 90' lang='lat' dir='ltr'><strong>citra</strong></span> <span class='ocrx_word' id='word_1_653' title='bbox 3525 4250 3740 4319; x_wconf 88' lang='lat' dir='ltr'><strong>culpam</strong></span> 
     </span>
    </p>
   </div>
   <div class='ocr_carea' id='block_1_89' title="bbox 2140 4343 3744 4416">
    <p class='ocr_par' dir='ltr' id='par_1_89' title="bbox 2140 4343 3744 4416">
     <span class='ocr_line' id='line_1_89' title="bbox 2140 4343 3744 4416; baseline -0.004 -13"><span class='ocrx_word' id='word_1_654' title='bbox 2140 4357 2195 4403; x_wconf 87' lang='lat' dir='ltr'><strong>et</strong></span> <span class='ocrx_word' id='word_1_655' title='bbox 2247 4357 2308 4402; x_wconf 89' lang='lat' dir='ltr'><strong>ut</strong></span> <span class='ocrx_word' id='word_1_656' title='bbox 2343 4347 2486 4402; x_wconf 91' lang='lat' dir='ltr'><strong>ratio</strong></span> <span class='ocrx_word' id='word_1_657' title='bbox 2533 4345 2834 4412; x_wconf 77' lang='lat' dir='ltr'><strong>ﬂagitabat.</strong></span> <span class='ocrx_word' id='word_1_658' title='bbox 2891 4343 3027 4400; x_wconf 86' lang='lat' dir='ltr'><strong>Nam</strong></span> <span class='ocrx_word' id='word_1_659' title='bbox 3078 4345 3312 4416; x_wconf 89' lang='lat' dir='ltr'><strong>populus</strong></span> <span class='ocrx_word' id='word_1_660' title='bbox 3359 4352 3621 4401; x_wconf 88' lang='lat' dir='ltr'><strong>consueta</strong></span> <span class='ocrx_word' id='word_1_661' title='bbox 3673 4343 3744 4398; x_wconf 88' lang='lat' dir='ltr'><strong>ad</strong></span> 
     </span>
    </p>
   </div>
   <div class='ocr_carea' id='block_1_90' title="bbox 2140 4437 3740 4507">
    <p class='ocr_par' dir='ltr' id='par_1_90' title="bbox 2140 4437 3740 4507">
     <span class='ocr_line' id='line_1_90' title="bbox 2140 4437 3740 4507; baseline -0.003 -12"><span class='ocrx_word' id='word_1_662' title='bbox 2140 4441 2331 4495; x_wconf 83' lang='lat' dir='ltr'><strong>altaris</strong></span> <span class='ocrx_word' id='word_1_663' title='bbox 2391 4438 2726 4495; x_wconf 81' lang='lat' dir='ltr'><strong>sacrificium</strong></span> <span class='ocrx_word' id='word_1_664' title='bbox 2779 4437 3080 4505; x_wconf 71' lang='lat' dir='ltr'><strong>olferehat,</strong></span> <span class='ocrx_word' id='word_1_665' title='bbox 3129 4453 3319 4495; x_wconf 89' lang='lat' dir='ltr'><strong>verum</strong></span> <span class='ocrx_word' id='word_1_666' title='bbox 3373 4453 3482 4493; x_wconf 88' lang='lat' dir='ltr'><strong>non</strong></span> <span class='ocrx_word' id='word_1_667' title='bbox 3543 4451 3740 4507; x_wconf 80' lang='lat' dir='ltr'><strong>magna</strong></span> 
     </span>
    </p>
   </div>
   <div class='ocr_carea' id='block_1_91' title="bbox 2141 4529 3747 4602">
    <p class='ocr_par' dir='ltr' id='par_1_91' title="bbox 2141 4529 3747 4602">
     <span class='ocr_line' id='line_1_91' title="bbox 2141 4529 3747 4602; baseline -0.005 -14"><span class='ocrx_word' id='word_1_668' title='bbox 2141 4548 2272 4588; x_wconf 87' lang='lat' dir='ltr'><strong>cura</strong></span> <span class='ocrx_word' id='word_1_669' title='bbox 2310 4531 2577 4597; x_wconf 76' lang='lat' dir='ltr'><strong>adhibita,</strong></span> <span class='ocrx_word' id='word_1_670' title='bbox 2624 4530 2719 4587; x_wconf 91' lang='lat' dir='ltr'><strong>sed</strong></span> <span class='ocrx_word' id='word_1_671' title='bbox 2748 4529 3119 4602; x_wconf 74' lang='lat' dir='ltr'><strong>perfunctorie</strong></span> <span class='ocrx_word' id='word_1_672' title='bbox 3162 4541 3217 4586; x_wconf 89' lang='lat' dir='ltr'><strong>et</strong></span> <span class='ocrx_word' id='word_1_673' title='bbox 3248 4529 3612 4602; x_wconf 78' lang='lat' dir='ltr'><strong>negligenter.</strong></span> <span class='ocrx_word' id='word_1_674' title='bbox 3642 4529 3747 4583; x_wconf 76' lang='lat' dir='ltr'><strong>lle-</strong></span> 
     </span>
    </p>
   </div>
   <div class='ocr_carea' id='block_1_92' title="bbox 417 4613 2043 4695">
    <p class='ocr_par' dir='ltr' id='par_1_92' title="bbox 417 4613 2034 4688">
     <span class='ocr_line' id='line_1_92' title="bbox 417 4613 2034 4688; baseline 0.002 -20"><span class='ocrx_word' id='word_1_675' title='bbox 417 4633 548 4679; x_wconf 87' lang='grc' dir='ltr'><strong>νως.</strong></span> <span class='ocrx_word' id='word_1_676' title='bbox 572 4613 670 4669; x_wconf 76' lang='grc' dir='ltr'><strong>’Τὰ</strong></span> <span class='ocrx_word' id='word_1_677' title='bbox 700 4616 811 4688; x_wconf 84' lang='grc' dir='ltr'><strong>γὰρ</strong></span> <span class='ocrx_word' id='word_1_678' title='bbox 839 4616 1089 4686; x_wconf 86' lang='grc' dir='ltr'><strong>αἰσχίονα</strong></span> <span class='ocrx_word' id='word_1_679' title='bbox 1113 4615 1222 4669; x_wconf 86' lang='grc' dir='ltr'><strong>τῶν</strong></span> <span class='ocrx_word' id='word_1_680' title='bbox 1263 4615 1320 4667; x_wconf 83' lang='grc' dir='ltr'><strong>ἐν</strong></span> <span class='ocrx_word' id='word_1_681' title='bbox 1352 4616 1649 4686; x_wconf 82' lang='grc' dir='ltr'><strong>ποιμνίοις,</strong></span> <span class='ocrx_word' id='word_1_682' title='bbox 1683 4616 1945 4688; x_wconf 71' lang='grc' dir='ltr'><strong>ἄρῤωστά</strong></span> <span class='ocrx_word' id='word_1_683' title='bbox 1975 4633 2034 4671; x_wconf 87' lang='grc' dir='ltr'><strong>τε</strong></span> 
     </span>
    </p>
   </div>
   <div class='ocr_carea' id='block_1_93' title="bbox 2131 4613 3745 4695">
    <p class='ocr_par' dir='ltr' id='par_1_93' title="bbox 2146 4623 3745 4695">
     <span class='ocr_line' id='line_1_93' title="bbox 2146 4623 3745 4695; baseline -0.003 -16"><span class='ocrx_word' id='word_1_684' title='bbox 2146 4626 2342 4681; x_wconf 89' lang='lat' dir='ltr'><strong>teriora</strong></span> <span class='ocrx_word' id='word_1_685' title='bbox 2374 4623 2576 4695; x_wconf 84' lang='lat' dir='ltr'><strong>quippe</strong></span> <span class='ocrx_word' id='word_1_686' title='bbox 2605 4625 2805 4695; x_wconf 84' lang='lat' dir='ltr'><strong>gregis,</strong></span> <span class='ocrx_word' id='word_1_687' title='bbox 2833 4631 2890 4680; x_wconf 89' lang='lat' dir='ltr'><strong>et</strong></span> <span class='ocrx_word' id='word_1_688' title='bbox 2923 4625 3194 4690; x_wconf 87' lang='lat' dir='ltr'><strong>morbida,</strong></span> <span class='ocrx_word' id='word_1_689' title='bbox 3222 4633 3276 4678; x_wconf 91' lang='lat' dir='ltr'><strong>et</strong></span> <span class='ocrx_word' id='word_1_690' title='bbox 3317 4625 3628 4694; x_wconf 85' lang='lat' dir='ltr'><strong>rcjectanea</strong></span> <span class='ocrx_word' id='word_1_691' title='bbox 3677 4623 3745 4674; x_wconf 86' lang='lat' dir='ltr'><strong>ad</strong></span> 
     </span>
    </p>
   </div>
   <div class='ocr_carea' id='block_1_94' title="bbox 417 4706 2035 4781">
    <p class='ocr_par' dir='ltr' id='par_1_94' title="bbox 417 4706 2035 4781">
     <span class='ocr_line' id='line_1_94' title="bbox 417 4706 2035 4781; baseline 0.001 -19"><span class='ocrx_word' id='word_1_692' title='bbox 417 4709 518 4769; x_wconf 75' lang='grc' dir='ltr'><strong>καὶ</strong></span> <span class='ocrx_word' id='word_1_693' title='bbox 569 4707 812 4779; x_wconf 71' lang='grc' dir='ltr'><strong>ἀδόκιμα</strong></span> <span class='ocrx_word' id='word_1_694' title='bbox 854 4708 1138 4781; x_wconf 82' lang='grc' dir='ltr'><strong>προσῆγον</strong></span> <span class='ocrx_word' id='word_1_695' title='bbox 1184 4706 1264 4779; x_wconf 83' lang='grc' dir='ltr'><strong>τῷ</strong></span> <span class='ocrx_word' id='word_1_696' title='bbox 1311 4707 1706 4780; x_wconf 80' lang='grc' dir='ltr'><strong>θυσιαστηρίῳ.</strong></span> <span class='ocrx_word' id='word_1_697' title='bbox 1769 4709 2035 4778; x_wconf 83' lang='grc' dir='ltr'><strong>Προσεδέ-</strong></span> 
     </span>
    </p>
   </div>
   <div class='ocr_carea' id='block_1_95' title="bbox 416 4801 2034 4875">
    <p class='ocr_par' dir='ltr' id='par_1_95' title="bbox 416 4801 2034 4875">
     <span class='ocr_line' id='line_1_95' title="bbox 416 4801 2034 4875; baseline 0 -18"><span class='ocrx_word' id='word_1_698' title='bbox 416 4821 580 4875; x_wconf 91' lang='grc' dir='ltr'><strong>χοντο</strong></span> <span class='ocrx_word' id='word_1_699' title='bbox 610 4803 670 4857; x_wconf 82' lang='grc' dir='ltr'><strong>δὲ</strong></span> <span class='ocrx_word' id='word_1_700' title='bbox 696 4804 745 4858; x_wconf 85' lang='grc' dir='ltr'><strong>οἱ</strong></span> <span class='ocrx_word' id='word_1_701' title='bbox 779 4804 969 4875; x_wconf 77' lang='grc' dir='ltr'><strong>ἱερεῖς,</strong></span> <span class='ocrx_word' id='word_1_702' title='bbox 1004 4801 1188 4857; x_wconf 70' lang='grc' dir='ltr'><strong>οὐκέτι</strong></span> <span class='ocrx_word' id='word_1_703' title='bbox 1215 4803 1718 4874; x_wconf 80' lang='grc' dir='ltr'><strong>μωμοσκοποῦντες</strong></span> <span class='ocrx_word' id='word_1_704' title='bbox 1761 4803 1904 4857; x_wconf 81' lang='grc' dir='ltr'><strong>κατᾶ</strong></span> <span class='ocrx_word' id='word_1_705' title='bbox 1937 4803 2034 4857; x_wconf 83' lang='grc' dir='ltr'><strong>τὸν</strong></span> 
     </span>
    </p>
   </div>
   <div class='ocr_carea' id='block_1_96' title="bbox 416 4893 2030 4969">
    <p class='ocr_par' dir='ltr' id='par_1_96' title="bbox 416 4893 2030 4969">
     <span class='ocr_line' id='line_1_96' title="bbox 416 4893 2030 4969; baseline -0.001 -19"><span class='ocrx_word' id='word_1_706' title='bbox 416 4897 608 4969; x_wconf 84' lang='grc' dir='ltr'><strong>νόμον,</strong></span> <span class='ocrx_word' id='word_1_707' title='bbox 645 4895 721 4968; x_wconf 84' lang='grc' dir='ltr'><strong>μὴ</strong></span> <span class='ocrx_word' id='word_1_708' title='bbox 765 4893 961 4966; x_wconf 83' lang='grc' dir='ltr'><strong>χωλὸν,</strong></span> <span class='ocrx_word' id='word_1_709' title='bbox 1010 4894 1044 4966; x_wconf 82' lang='grc' dir='ltr'>ἢ</span> <span class='ocrx_word' id='word_1_710' title='bbox 1095 4893 1436 4965; x_wconf 87' lang='grc' dir='ltr'><strong>ὼτότμητον,</strong></span> <span class='ocrx_word' id='word_1_711' title='bbox 1473 4893 1506 4964; x_wconf 82' lang='grc' dir='ltr'>ἧ</span> <span class='ocrx_word' id='word_1_712' title='bbox 1553 4893 1961 4968; x_wconf 75' lang='grc' dir='ltr'><strong>κολοϐόρρινον,</strong></span> <span class='ocrx_word' id='word_1_713' title='bbox 1997 4895 2030 4967; x_wconf 86' lang='grc' dir='ltr'>ἢ</span> 
     </span>
    </p>
   </div>
   <div class='ocr_carea' id='block_1_97' title="bbox 414 4984 2030 5060">
    <p class='ocr_par' dir='ltr' id='par_1_97' title="bbox 414 4984 2030 5060">
     <span class='ocr_line' id='line_1_97' title="bbox 414 4984 2030 5060; baseline -0.004 -18"><span class='ocrx_word' id='word_1_714' title='bbox 414 4988 842 5060; x_wconf 78' lang='grc' dir='ltr'><strong>κολοϐὀκερκον,</strong></span> <span class='ocrx_word' id='word_1_715' title='bbox 902 4986 937 5060; x_wconf 82' lang='grc' dir='ltr'>ἢ</span> <span class='ocrx_word' id='word_1_716' title='bbox 988 4985 1349 5059; x_wconf 77' lang='grc' dir='ltr'><strong>ψωραγριῶν,</strong></span> <span class='ocrx_word' id='word_1_717' title='bbox 1396 4985 1430 5058; x_wconf 76' lang='grc' dir='ltr'>ἢ</span> <span class='ocrx_word' id='word_1_718' title='bbox 1485 4985 1742 5058; x_wconf 83' lang='grc' dir='ltr'><strong>λειχῆνας</strong></span> <span class='ocrx_word' id='word_1_719' title='bbox 1799 4984 1944 5056; x_wconf 75' lang='grc' dir='ltr'><strong>ἔχον,</strong></span> <span class='ocrx_word' id='word_1_720' title='bbox 1995 4987 2030 5058; x_wconf 77' lang='grc' dir='ltr'>ἢ</span> 
     </span>
    </p>
   </div>
   <div class='ocr_carea' id='block_1_98' title="bbox 416 5079 2028 5155">
    <p class='ocr_par' dir='ltr' id='par_1_98' title="bbox 416 5079 2028 5155">
     <span class='ocr_line' id='line_1_98' title="bbox 416 5079 2028 5155; baseline -0.001 -19"><span class='ocrx_word' id='word_1_721' title='bbox 416 5085 710 5155; x_wconf 71' lang='grc' dir='ltr'><strong>μονορχεςο</strong></span> <span class='ocrx_word' id='word_1_722' title='bbox 761 5081 1049 5153; x_wconf 77' lang='grc' dir='ltr'><strong>ἀπόϐλητα</strong></span> <span class='ocrx_word' id='word_1_723' title='bbox 1098 5081 1208 5153; x_wconf 86' lang='grc' dir='ltr'><strong>γὰρ</strong></span> <span class='ocrx_word' id='word_1_724' title='bbox 1264 5083 1505 5136; x_wconf 79' lang='grc' dir='ltr'><strong>ἐποιεῖτο</strong></span> <span class='ocrx_word' id='word_1_725' title='bbox 1543 5079 1718 5134; x_wconf 78' lang='grc' dir='ltr'><strong>ταῦτα</strong></span> <span class='ocrx_word' id='word_1_726' title='bbox 1770 5079 1797 5132; x_wconf 94' lang='lat'><strong>6</strong></span> <span class='ocrx_word' id='word_1_727' title='bbox 1842 5079 2028 5150; x_wconf 81' lang='grc' dir='ltr'><strong>νόμος,</strong></span> 
     </span>
    </p>
   </div>
   <div class='ocr_carea' id='block_1_99' title="bbox 412 5160 2030 5249">
    <p class='ocr_par' dir='ltr' id='par_1_99' title="bbox 412 5160 2030 5249">
     <span class='ocr_line' id='line_1_99' title="bbox 412 5160 2030 5249; baseline -0.001 -19"><span class='ocrx_word' id='word_1_728' title='bbox 412 5177 580 5249; x_wconf 73' lang='grc' dir='ltr'><strong>ὕϐρις</strong></span> <span class='ocrx_word' id='word_1_729' title='bbox 611 5175 667 5229; x_wconf 81' lang='grc' dir='ltr'><strong>δὲ</strong></span> <span class='ocrx_word' id='word_1_730' title='bbox 691 5169 760 5246; x_wconf 77' lang='grc' dir='ltr'><strong>ἦν</strong></span> <span class='ocrx_word' id='word_1_731' title='bbox 787 5174 849 5228; x_wconf 79' lang='grc' dir='ltr'><strong>τὸ</strong></span> <span class='ocrx_word' id='word_1_732' title='bbox 874 5160 1086 5246; x_wconf 82' lang='grc' dir='ltr'><strong>χρῆμα,</strong></span> <span class='ocrx_word' id='word_1_733' title='bbox 1119 5175 1213 5228; x_wconf 72' lang='grc' dir='ltr'><strong>καὶ</strong></span> <span class='ocrx_word' id='word_1_734' title='bbox 1241 5174 1431 5245; x_wconf 75' lang='grc' dir='ltr'><strong>ἕτερον</strong></span> <span class='ocrx_word' id='word_1_735' title='bbox 1459 5173 1636 5228; x_wconf 80' lang='grc' dir='ltr'><strong>οὐδέν.</strong></span> <span class='ocrx_word' id='word_1_736' title='bbox 1666 5173 2030 5246; x_wconf 85' lang='grc' dir='ltr'><strong>Κατημὲλουν</strong></span> 
     </span>
    </p>
   </div>
   <div class='ocr_carea' id='block_1_100' title="bbox 412 5265 2028 5341">
    <p class='ocr_par' dir='ltr' id='par_1_100' title="bbox 412 5265 2028 5341">
     <span class='ocr_line' id='line_1_100' title="bbox 412 5265 2028 5341; baseline -0.002 -17"><span class='ocrx_word' id='word_1_737' title='bbox 412 5272 472 5325; x_wconf 79' lang='grc' dir='ltr'><strong>δὲ</strong></span> <span class='ocrx_word' id='word_1_738' title='bbox 515 5270 611 5324; x_wconf 79' lang='grc' dir='ltr'><strong>καὶ</strong></span> <span class='ocrx_word' id='word_1_739' title='bbox 667 5269 872 5341; x_wconf 79' lang='grc' dir='ltr'><strong>ἑτέρως</strong></span> <span class='ocrx_word' id='word_1_740' title='bbox 925 5269 976 5322; x_wconf 83' lang='grc' dir='ltr'><strong>οἱ</strong></span> <span class='ocrx_word' id='word_1_741' title='bbox 1023 5269 1190 5340; x_wconf 81' lang='grc' dir='ltr'><strong>ἱερεῖς</strong></span> <span class='ocrx_word' id='word_1_742' title='bbox 1224 5268 1320 5320; x_wconf 71' lang='grc' dir='ltr'><strong>καὶ</strong></span> <span class='ocrx_word' id='word_1_743' title='bbox 1366 5265 1476 5328; x_wconf 80' lang='grc' dir='ltr'><strong>τῶν</strong></span> <span class='ocrx_word' id='word_1_744' title='bbox 1513 5267 1621 5322; x_wconf 76' lang='grc' dir='ltr'>ὑπὸ</span> <span class='ocrx_word' id='word_1_745' title='bbox 1667 5270 1825 5339; x_wconf 87' lang='grc' dir='ltr'><strong>χεῖρα</strong></span> <span class='ocrx_word' id='word_1_746' title='bbox 1859 5267 2028 5336; x_wconf 85' lang='grc' dir='ltr'><strong>λαῶν,</strong></span> 
     </span>
    </p>
   </div>
   <div class='ocr_carea' id='block_1_101' title="bbox 413 5359 2032 5434">
    <p class='ocr_par' dir='ltr' id='par_1_101' title="bbox 413 5359 2032 5434">
     <span class='ocr_line' id='line_1_101' title="bbox 413 5359 2032 5434; baseline 0 -18"><span class='ocrx_word' id='word_1_747' title='bbox 413 5364 542 5433; x_wconf 75' lang='grc' dir='ltr'><strong>οὐχὶ</strong></span> <span class='ocrx_word' id='word_1_748' title='bbox 590 5363 658 5416; x_wconf 65' lang='grc' dir='ltr'><strong>τὰ</strong></span> <span class='ocrx_word' id='word_1_749' title='bbox 697 5364 762 5428; x_wconf 76' lang='grc' dir='ltr'><strong>ὲκ</strong></span> <span class='ocrx_word' id='word_1_750' title='bbox 802 5363 984 5433; x_wconf 81' lang='grc' dir='ltr'><strong>νόμων</strong></span> <span class='ocrx_word' id='word_1_751' title='bbox 1027 5361 1203 5434; x_wconf 81' lang='grc' dir='ltr'><strong>ὀρθῶς</strong></span> <span class='ocrx_word' id='word_1_752' title='bbox 1243 5359 1648 5432; x_wconf 80' lang='grc' dir='ltr'><strong>εἰσηγούμενοι,</strong></span> <span class='ocrx_word' id='word_1_753' title='bbox 1693 5363 1791 5416; x_wconf 67' lang='grc' dir='ltr'><strong>καὶ</strong></span> <span class='ocrx_word' id='word_1_754' title='bbox 1835 5361 2032 5417; x_wconf 73' lang='grc' dir='ltr'><strong>παιδα-</strong></span> 
     </span>
    </p>
   </div>
   <div class='ocr_carea' id='block_1_102' title="bbox 407 5451 2031 5524">
    <p class='ocr_par' dir='ltr' id='par_1_102' title="bbox 407 5451 2031 5524">
     <span class='ocr_line' id='line_1_102' title="bbox 407 5451 2031 5524; baseline 0 -18"><span class='ocrx_word' id='word_1_755' title='bbox 407 5453 734 5523; x_wconf 71' lang='grc' dir='ltr'><strong>γωίοῦντες</strong></span> <span class='ocrx_word' id='word_1_756' title='bbox 768 5457 849 5518; x_wconf 75' lang='grc' dir='ltr'><strong>εἱς</strong></span> <span class='ocrx_word' id='word_1_757' title='bbox 895 5454 955 5507; x_wconf 80' lang='grc' dir='ltr'><strong>τὸ</strong></span> <span class='ocrx_word' id='word_1_758' title='bbox 980 5453 1058 5524; x_wconf 82' lang='grc' dir='ltr'><strong>τῷ</strong></span> <span class='ocrx_word' id='word_1_759' title='bbox 1089 5452 1209 5523; x_wconf 86' lang='grc' dir='ltr'><strong>Θεῷ</strong></span> <span class='ocrx_word' id='word_1_760' title='bbox 1238 5451 1451 5518; x_wconf 87' lang='grc' dir='ltr'><strong>δοκοῦν,</strong></span> <span class='ocrx_word' id='word_1_761' title='bbox 1483 5453 1598 5506; x_wconf 78' lang='grc' dir='ltr'><strong>ἀλλ’</strong></span> <span class='ocrx_word' id='word_1_762' title='bbox 1633 5455 1715 5518; x_wconf 86' lang='grc' dir='ltr'><strong>εἰς</strong></span> <span class='ocrx_word' id='word_1_763' title='bbox 1761 5455 2031 5522; x_wconf 72' lang='grc' dir='ltr'><strong>ἐκτύπους</strong></span> 
     </span>
    </p>
   </div>
   <div class='ocr_carea' id='block_1_103' title="bbox 411 5546 2034 5619">
    <p class='ocr_par' dir='ltr' id='par_1_103' title="bbox 411 5546 2034 5619">
     <span class='ocr_line' id='line_1_103' title="bbox 411 5546 2034 5619; baseline 0.004 -23"><span class='ocrx_word' id='word_1_764' title='bbox 411 5546 698 5619; x_wconf 74' lang='grc' dir='ltr'><strong>ἐξιτηλίας</strong></span> <span class='ocrx_word' id='word_1_765' title='bbox 754 5547 1043 5601; x_wconf 79' lang='grc' dir='ltr'><strong>ἀπονεύειν</strong></span> <span class='ocrx_word' id='word_1_766' title='bbox 1079 5546 1301 5613; x_wconf 77' lang='grc' dir='ltr'><strong>ἐῶντες,</strong></span> <span class='ocrx_word' id='word_1_767' title='bbox 1357 5547 1452 5604; x_wconf 73' lang='grc' dir='ltr'><strong>καὶ</strong></span> <span class='ocrx_word' id='word_1_768' title='bbox 1505 5547 1606 5619; x_wconf 76' lang='grc' dir='ltr'><strong>τῆς</strong></span> <span class='ocrx_word' id='word_1_769' title='bbox 1659 5548 1877 5612; x_wconf 79' lang='grc' dir='ltr'><strong>εὐθείας</strong></span> <span class='ocrx_word' id='word_1_770' title='bbox 1928 5548 2034 5618; x_wconf 78' lang='grc' dir='ltr'><strong>ἔξω</strong></span> 
     </span>
    </p>
   </div>
   <div class='ocr_carea' id='block_1_104' title="bbox 417 5635 2034 5714">
    <p class='ocr_par' dir='ltr' id='par_1_104' title="bbox 417 5635 2034 5714">
     <span class='ocr_line' id='line_1_104' title="bbox 417 5635 2034 5714; baseline 0.001 -20"><span class='ocrx_word' id='word_1_771' title='bbox 417 5641 686 5713; x_wconf 69' lang='grc' dir='ltr'><strong>φέρεσθαι</strong></span> <span class='ocrx_word' id='word_1_772' title='bbox 722 5642 936 5714; x_wconf 80' lang='grc' dir='ltr'><strong>τρίϐου,</strong></span> <span class='ocrx_word' id='word_1_773' title='bbox 972 5641 1083 5694; x_wconf 74' lang='grc' dir='ltr'><strong>Καὶ</strong></span> <span class='ocrx_word' id='word_1_774' title='bbox 1124 5635 1204 5704; x_wconf 76' lang='grc' dir='ltr'><strong>εἷς</strong></span> <span class='ocrx_word' id='word_1_775' title='bbox 1248 5640 1346 5712; x_wconf 80' lang='grc' dir='ltr'><strong>μὲν</strong></span> <span class='ocrx_word' id='word_1_776' title='bbox 1373 5636 1527 5705; x_wconf 74' lang='grc' dir='ltr'><strong>οὗτος</strong></span> <span class='ocrx_word' id='word_1_777' title='bbox 1553 5641 1651 5713; x_wconf 76' lang='grc' dir='ltr'><strong>τῆς</strong></span> <span class='ocrx_word' id='word_1_778' title='bbox 1682 5641 2034 5713; x_wconf 74' lang='grc' dir='ltr'><strong>ἐπιπλήξεως</strong></span> 
     </span>
    </p>
   </div>
   <div class='ocr_carea' id='block_1_105' title="bbox 415 5737 655 5807">
    <p class='ocr_par' dir='ltr' id='par_1_105' title="bbox 415 5737 655 5807">
     <span class='ocr_line' id='line_1_105' title="bbox 415 5737 655 5807; baseline 0.004 -20"><span class='ocrx_word' id='word_1_779' title='bbox 415 5737 622 5807; x_wconf 66' lang='grc' dir='ltr'><strong>τρόπος</strong></span> <span class='ocrx_word' id='word_1_780' title='bbox 643 5754 655 5765; x_wconf 90' lang='grc'><strong>·</strong></span> 
     </span>
    </p>
   </div>
   <div class='ocr_carea' id='block_1_106' title="bbox 703 5734 2034 5806">
    <p class='ocr_par' dir='ltr' id='par_1_106' title="bbox 703 5734 2034 5806">
     <span class='ocr_line' id='line_1_106' title="bbox 703 5734 2034 5806; baseline 0.001 -18"><span class='ocrx_word' id='word_1_781' title='bbox 703 5735 891 5806; x_wconf 76' lang='grc' dir='ltr'><strong>ἕτερος</strong></span> <span class='ocrx_word' id='word_1_782' title='bbox 927 5735 983 5788; x_wconf 71' lang='grc' dir='ltr'><strong>δὲ</strong></span> <span class='ocrx_word' id='word_1_783' title='bbox 1023 5734 1158 5805; x_wconf 73' lang='grc' dir='ltr'><strong>πρὸς</strong></span> <span class='ocrx_word' id='word_1_784' title='bbox 1192 5734 1364 5806; x_wconf 83' lang='grc' dir='ltr'><strong>τούτῳ</strong></span> <span class='ocrx_word' id='word_1_785' title='bbox 1406 5737 1520 5798; x_wconf 83' lang='grc' dir='ltr'><strong>τοῖς</strong></span> <span class='ocrx_word' id='word_1_786' title='bbox 1552 5734 1612 5799; x_wconf 78' lang='grc' dir='ltr'>ἐξ</span> <span class='ocrx_word' id='word_1_787' title='bbox 1656 5735 1862 5806; x_wconf 64' lang='grc' dir='ltr'><strong>Ἰσραὴλ</strong></span> <span class='ocrx_word' id='word_1_788' title='bbox 1894 5776 1906 5798; x_wconf 84' lang='grc'><strong>,</strong></span> <span class='ocrx_word' id='word_1_789' title='bbox 1943 5738 2034 5789; x_wconf 79' lang='grc' dir='ltr'><strong>ἐπ’</strong></span> 
     </span>
    </p>
   </div>
   <div class='ocr_carea' id='block_1_107' title="bbox 485 5915 1553 5984">
    <p class='ocr_par' dir='ltr' id='par_1_107' title="bbox 485 5915 1553 5984">
     <span class='ocr_line' id='line_1_107' title="bbox 485 5915 1553 5984; baseline -0.001 -14"><span class='ocrx_word' id='word_1_790' title='bbox 485 5915 532 5948; x_wconf 57' lang='grc' dir='ltr'><strong>εδ</strong></span> <span class='ocrx_word' id='word_1_791' title='bbox 569 5915 804 5971; x_wconf 76' lang='grc' dir='ltr'><strong>Μ.ιῐτιε1ι.</strong></span> <span class='ocrx_word' id='word_1_792' title='bbox 845 5933 907 5980; x_wconf 85' lang='grc' dir='ltr'><strong>ιι,</strong></span> <span class='ocrx_word' id='word_1_793' title='bbox 939 5916 991 5969; x_wconf 85' lang='grc'><strong>7.</strong></span> <span class='ocrx_word' id='word_1_794' title='bbox 1073 5917 1115 5948; x_wconf 75' lang='grc'><strong>³⁵</strong></span> <span class='ocrx_word' id='word_1_795' title='bbox 1152 5915 1255 5972; x_wconf 87' lang='lat' dir='ltr'><strong>lsa.</strong></span> <span class='ocrx_word' id='word_1_796' title='bbox 1293 5933 1369 5981; x_wconf 75' lang='lat' dir='ltr'><strong>Ix,</strong></span> <span class='ocrx_word' id='word_1_797' title='bbox 1412 5917 1464 5984; x_wconf 68' lang='lat' dir='ltr'><strong>ii,</strong></span> <span class='ocrx_word' id='word_1_798' title='bbox 1502 5916 1553 5969; x_wconf 80' lang='lat'><strong>6.</strong></span> 
     </span>
    </p>
   </div>
   <div class='ocr_carea' id='block_1_108' title="bbox 2135 4715 3744 4788">
    <p class='ocr_par' dir='ltr' id='par_1_108' title="bbox 2135 4715 3744 4788">
     <span class='ocr_line' id='line_1_108' title="bbox 2135 4715 3744 4788; baseline -0.004 -16"><span class='ocrx_word' id='word_1_799' title='bbox 2135 4734 2288 4773; x_wconf 89' lang='lat' dir='ltr'><strong>aram</strong></span> <span class='ocrx_word' id='word_1_800' title='bbox 2348 4716 2671 4772; x_wconf 75' lang='lat' dir='ltr'><strong>offerebant.</strong></span> <span class='ocrx_word' id='word_1_801' title='bbox 2726 4717 3057 4773; x_wconf 86' lang='lat' dir='ltr'><strong>Sacerdotes</strong></span> <span class='ocrx_word' id='word_1_802' title='bbox 3110 4731 3278 4788; x_wconf 85' lang='lat' dir='ltr'><strong>porro</strong></span> <span class='ocrx_word' id='word_1_803' title='bbox 3338 4715 3744 4786; x_wconf 79' lang='lat' dir='ltr'><strong>suscipiebant,</strong></span> 
     </span>
    </p>
   </div>
   <div class='ocr_carea' id='block_1_109' title="bbox 2132 4807 3746 4880">
    <p class='ocr_par' dir='ltr' id='par_1_109' title="bbox 2132 4807 3746 4880">
     <span class='ocr_line' id='line_1_109' title="bbox 2132 4807 3746 4880; baseline -0.004 -15"><span class='ocrx_word' id='word_1_804' title='bbox 2132 4826 2242 4865; x_wconf 84' lang='lat' dir='ltr'><strong>neu</strong></span> <span class='ocrx_word' id='word_1_805' title='bbox 2292 4809 2524 4879; x_wconf 90' lang='lat' dir='ltr'><strong>amplius</strong></span> <span class='ocrx_word' id='word_1_806' title='bbox 2559 4809 2825 4874; x_wconf 76' lang='lat' dir='ltr'><strong>maculas,</strong></span> <span class='ocrx_word' id='word_1_807' title='bbox 2860 4817 2919 4864; x_wconf 86' lang='lat' dir='ltr'><strong>ut</strong></span> <span class='ocrx_word' id='word_1_808' title='bbox 2963 4810 3052 4865; x_wconf 83' lang='lat' dir='ltr'><strong>iex</strong></span> <span class='ocrx_word' id='word_1_809' title='bbox 3078 4808 3328 4880; x_wconf 87' lang='lat' dir='ltr'><strong>jubebat,</strong></span> <span class='ocrx_word' id='word_1_810' title='bbox 3370 4807 3423 4863; x_wconf 93' lang='lat' dir='ltr'><strong>id</strong></span> <span class='ocrx_word' id='word_1_811' title='bbox 3469 4816 3574 4874; x_wconf 86' lang='lat' dir='ltr'><strong>est,</strong></span> <span class='ocrx_word' id='word_1_812' title='bbox 3613 4821 3746 4861; x_wconf 89' lang='lat' dir='ltr'><strong>num</strong></span> 
     </span>
    </p>
   </div>
   <div class='ocr_carea' id='block_1_110' title="bbox 2134 4901 3749 4970">
    <p class='ocr_par' dir='ltr' id='par_1_110' title="bbox 2134 4901 3749 4970">
     <span class='ocr_line' id='line_1_110' title="bbox 2134 4901 3749 4970; baseline -0.002 -12"><span class='ocrx_word' id='word_1_813' title='bbox 2134 4903 2409 4970; x_wconf 87' lang='lat' dir='ltr'><strong>claudum,</strong></span> <span class='ocrx_word' id='word_1_814' title='bbox 2455 4912 2549 4956; x_wconf 86' lang='lat' dir='ltr'><strong>aut</strong></span> <span class='ocrx_word' id='word_1_815' title='bbox 2599 4917 2732 4958; x_wconf 85' lang='lat' dir='ltr'><strong>aure</strong></span> <span class='ocrx_word' id='word_1_816' title='bbox 2763 4903 2961 4969; x_wconf 88' lang='lat' dir='ltr'><strong>scissa,</strong></span> <span class='ocrx_word' id='word_1_817' title='bbox 3005 4912 3102 4958; x_wconf 87' lang='lat' dir='ltr'><strong>aut</strong></span> <span class='ocrx_word' id='word_1_818' title='bbox 3147 4917 3283 4959; x_wconf 89' lang='lat' dir='ltr'><strong>naso</strong></span> <span class='ocrx_word' id='word_1_819' title='bbox 3335 4901 3611 4969; x_wconf 81' lang='lat' dir='ltr'><strong>mutilum,</strong></span> <span class='ocrx_word' id='word_1_820' title='bbox 3651 4909 3749 4956; x_wconf 84' lang='lat' dir='ltr'><strong>aut</strong></span> 
     </span>
    </p>
   </div>
   <div class='ocr_carea' id='block_1_111' title="bbox 2134 4996 3744 5069">
    <p class='ocr_par' dir='ltr' id='par_1_111' title="bbox 2134 4996 3744 5069">
     <span class='ocr_line' id='line_1_111' title="bbox 2134 4996 3744 5069; baseline -0.001 -17"><span class='ocrx_word' id='word_1_821' title='bbox 2134 4996 2306 5052; x_wconf 86' lang='lat' dir='ltr'><strong>cauda</strong></span> <span class='ocrx_word' id='word_1_822' title='bbox 2351 5006 2654 5066; x_wconf 84' lang='lat' dir='ltr'><strong>amputata,</strong></span> <span class='ocrx_word' id='word_1_823' title='bbox 2700 5006 2799 5052; x_wconf 89' lang='lat' dir='ltr'><strong>aut</strong></span> <span class='ocrx_word' id='word_1_824' title='bbox 2847 4998 3188 5065; x_wconf 88' lang='lat' dir='ltr'><strong>scabiosum,</strong></span> <span class='ocrx_word' id='word_1_825' title='bbox 3243 5007 3338 5052; x_wconf 86' lang='lat' dir='ltr'><strong>aut</strong></span> <span class='ocrx_word' id='word_1_826' title='bbox 3370 4998 3744 5069; x_wconf 82' lang='lat' dir='ltr'><strong>impetigines,</strong></span> 
     </span>
    </p>
   </div>
   <div class='ocr_carea' id='block_1_112' title="bbox 2139 5085 3748 5157">
    <p class='ocr_par' dir='ltr' id='par_1_112' title="bbox 2139 5085 3748 5157">
     <span class='ocr_line' id='line_1_112' title="bbox 2139 5085 3748 5157; baseline 0.001 -14"><span class='ocrx_word' id='word_1_827' title='bbox 2139 5085 2428 5144; x_wconf 50' lang='lat' dir='ltr'><strong>aut&#39;unum</strong></span> <span class='ocrx_word' id='word_1_828' title='bbox 2465 5089 2775 5145; x_wconf 90' lang='lat' dir='ltr'><strong>testiculum</strong></span> <span class='ocrx_word' id='word_1_829' title='bbox 2823 5088 3118 5157; x_wconf 85' lang='lat' dir='ltr'><strong>baberent,</strong></span> <span class='ocrx_word' id='word_1_830' title='bbox 3151 5089 3572 5146; x_wconf 87' lang='lat' dir='ltr'><strong>considerantes</strong></span> <span class='ocrx_word' id='word_1_831' title='bbox 3605 5106 3620 5144; x_wconf 89' lang='lat'><strong>:</strong></span> <span class='ocrx_word' id='word_1_832' title='bbox 3662 5105 3748 5144; x_wconf 91' lang='lat' dir='ltr'><strong>re-</strong></span> 
     </span>
    </p>
   </div>
   <div class='ocr_carea' id='block_1_113' title="bbox 2135 5180 3744 5256">
    <p class='ocr_par' dir='ltr' id='par_1_113' title="bbox 2135 5180 3744 5256">
     <span class='ocr_line' id='line_1_113' title="bbox 2135 5180 3744 5256; baseline 0.001 -20"><span class='ocrx_word' id='word_1_833' title='bbox 2135 5180 2357 5254; x_wconf 89' lang='lat' dir='ltr'><strong>jiciebat</strong></span> <span class='ocrx_word' id='word_1_834' title='bbox 2409 5182 2554 5237; x_wconf 90' lang='lat' dir='ltr'><strong>enim</strong></span> <span class='ocrx_word' id='word_1_835' title='bbox 2604 5182 2708 5238; x_wconf 91' lang='lat' dir='ltr'><strong>ista</strong></span> <span class='ocrx_word' id='word_1_836' title='bbox 2758 5183 2868 5252; x_wconf 77' lang='lat' dir='ltr'><strong>lex,</strong></span> <span class='ocrx_word' id='word_1_837' title='bbox 2911 5200 3014 5240; x_wconf 91' lang='lat' dir='ltr'><strong>nec</strong></span> <span class='ocrx_word' id='word_1_838' title='bbox 3057 5184 3203 5240; x_wconf 89' lang='lat' dir='ltr'><strong>aliud</strong></span> <span class='ocrx_word' id='word_1_839' title='bbox 3257 5199 3421 5256; x_wconf 88' lang='lat' dir='ltr'><strong>quam</strong></span> <span class='ocrx_word' id='word_1_840' title='bbox 3472 5182 3744 5239; x_wconf 82' lang='lat' dir='ltr'><strong>dedecora</strong></span> 
     </span>
    </p>
   </div>
   <div class='ocr_carea' id='block_1_114' title="bbox 2140 5275 3739 5345">
    <p class='ocr_par' dir='ltr' id='par_1_114' title="bbox 2140 5275 3739 5345">
     <span class='ocr_line' id='line_1_114' title="bbox 2140 5275 3739 5345; baseline -0.003 -13"><span class='ocrx_word' id='word_1_841' title='bbox 2140 5285 2299 5333; x_wconf 91' lang='lat' dir='ltr'><strong>erant</strong></span> <span class='ocrx_word' id='word_1_842' title='bbox 2325 5276 2389 5330; x_wconf 80' lang='grc'><strong>³⁸.</strong></span> <span class='ocrx_word' id='word_1_843' title='bbox 2427 5275 2545 5331; x_wconf 85' lang='lat' dir='ltr'><strong>Alia</strong></span> <span class='ocrx_word' id='word_1_844' title='bbox 2578 5277 2706 5332; x_wconf 89' lang='lat' dir='ltr'><strong>item</strong></span> <span class='ocrx_word' id='word_1_845' title='bbox 2743 5279 2957 5335; x_wconf 90' lang='lat' dir='ltr'><strong>ratione</strong></span> <span class='ocrx_word' id='word_1_846' title='bbox 3001 5279 3318 5334; x_wconf 87' lang='lat' dir='ltr'><strong>sacerdotes</strong></span> <span class='ocrx_word' id='word_1_847' title='bbox 3363 5278 3528 5333; x_wconf 86' lang='lat' dir='ltr'><strong>etiam</strong></span> <span class='ocrx_word' id='word_1_848' title='bbox 3563 5276 3739 5345; x_wconf 52' lang='lat' dir='ltr'><strong>subj.»</strong></span> 
     </span>
    </p>
   </div>
   <div class='ocr_carea' id='block_1_115' title="bbox 2142 5366 3746 5442">
    <p class='ocr_par' dir='ltr' id='par_1_115' title="bbox 2142 5366 3746 5442">
     <span class='ocr_line' id='line_1_115' title="bbox 2142 5366 3746 5442; baseline -0.001 -20"><span class='ocrx_word' id='word_1_849' title='bbox 2142 5374 2290 5422; x_wconf 89' lang='lat' dir='ltr'><strong>ctum</strong></span> <span class='ocrx_word' id='word_1_850' title='bbox 2338 5366 2439 5423; x_wconf 87' lang='lat' dir='ltr'><strong>sibi</strong></span> <span class='ocrx_word' id='word_1_851' title='bbox 2473 5370 2730 5441; x_wconf 91' lang='lat' dir='ltr'><strong>populum</strong></span> <span class='ocrx_word' id='word_1_852' title='bbox 2782 5369 3150 5442; x_wconf 85' lang='lat' dir='ltr'><strong>ncgligehant,</strong></span> <span class='ocrx_word' id='word_1_853' title='bbox 3191 5384 3314 5424; x_wconf 87' lang='lat' dir='ltr'><strong>cum</strong></span> <span class='ocrx_word' id='word_1_854' title='bbox 3370 5367 3542 5439; x_wconf 88' lang='lat' dir='ltr'><strong>legem</strong></span> <span class='ocrx_word' id='word_1_855' title='bbox 3579 5382 3746 5437; x_wconf 78' lang='lat' dir='ltr'><strong>prave</strong></span> 
     </span>
    </p>
   </div>
   <div class='ocr_carea' id='block_1_116' title="bbox 2139 5443 3744 5531">
    <p class='ocr_par' dir='ltr' id='par_1_116' title="bbox 2139 5443 3744 5531">
     <span class='ocr_line' id='line_1_116' title="bbox 2139 5443 3744 5531; baseline -0.001 -17"><span class='ocrx_word' id='word_1_856' title='bbox 2139 5460 2500 5531; x_wconf 80' lang='lat' dir='ltr'><strong>explicarent,</strong></span> <span class='ocrx_word' id='word_1_857' title='bbox 2537 5479 2638 5519; x_wconf 89' lang='lat' dir='ltr'><strong>nec</strong></span> <span class='ocrx_word' id='word_1_858' title='bbox 2682 5463 2750 5519; x_wconf 86' lang='lat' dir='ltr'><strong>ad</strong></span> <span class='ocrx_word' id='word_1_859' title='bbox 2801 5443 3279 5524; x_wconf 58' lang='lat' dir='ltr'><strong>Dci&#39;voluntatetn</strong></span> <span class='ocrx_word' id='word_1_860' title='bbox 3332 5462 3744 5530; x_wconf 72' lang='lat' dir='ltr'><strong>exsequendum</strong></span> 
     </span>
    </p>
   </div>
   <div class='ocr_carea' id='block_1_117' title="bbox 2141 5551 3746 5622">
    <p class='ocr_par' dir='ltr' id='par_1_117' title="bbox 2141 5551 3746 5622">
     <span class='ocr_line' id='line_1_117' title="bbox 2141 5551 3746 5622; baseline -0.001 -15"><span class='ocrx_word' id='word_1_861' title='bbox 2141 5553 2309 5622; x_wconf 84' lang='lat' dir='ltr'><strong>probe</strong></span> <span class='ocrx_word' id='word_1_862' title='bbox 2355 5554 2604 5610; x_wconf 84' lang='lat' dir='ltr'><strong>homines</strong></span> <span class='ocrx_word' id='word_1_863' title='bbox 2654 5556 2936 5610; x_wconf 87' lang='lat' dir='ltr'><strong>erudirent</strong></span> <span class='ocrx_word' id='word_1_864' title='bbox 2999 5555 3094 5610; x_wconf 88' lang='lat' dir='ltr'><strong>sed</strong></span> <span class='ocrx_word' id='word_1_865' title='bbox 3144 5569 3171 5606; x_wconf 91' lang='lat' dir='ltr'><strong>a</strong></span> <span class='ocrx_word' id='word_1_866' title='bbox 3233 5563 3381 5608; x_wconf 88' lang='lat' dir='ltr'><strong>recta</strong></span> <span class='ocrx_word' id='word_1_867' title='bbox 3439 5553 3642 5609; x_wconf 84' lang='lat' dir='ltr'><strong>semita</strong></span> <span class='ocrx_word' id='word_1_868' title='bbox 3680 5551 3746 5605; x_wconf 84' lang='lat' dir='ltr'><strong>ad</strong></span> 
     </span>
    </p>
   </div>
   <div class='ocr_carea' id='block_1_118' title="bbox 2141 5643 3753 5716">
    <p class='ocr_par' dir='ltr' id='par_1_118' title="bbox 2141 5643 3753 5716">
     <span class='ocr_line' id='line_1_118' title="bbox 2141 5643 3753 5716; baseline -0.003 -17"><span class='ocrx_word' id='word_1_869' title='bbox 2141 5645 2374 5716; x_wconf 87' lang='lat' dir='ltr'><strong>ineptias</strong></span> <span class='ocrx_word' id='word_1_870' title='bbox 2433 5656 2488 5703; x_wconf 85' lang='lat' dir='ltr'><strong>et</strong></span> <span class='ocrx_word' id='word_1_871' title='bbox 2533 5646 2814 5703; x_wconf 78' lang='lat' dir='ltr'><strong>fatuitates</strong></span> <span class='ocrx_word' id='word_1_872' title='bbox 2859 5645 3150 5702; x_wconf 84' lang='lat' dir='ltr'><strong>deﬂectere</strong></span> <span class='ocrx_word' id='word_1_873' title='bbox 3211 5646 3482 5702; x_wconf 86' lang='lat' dir='ltr'><strong>sinerent.</strong></span> <span class='ocrx_word' id='word_1_874' title='bbox 3537 5643 3604 5700; x_wconf 79' lang='lat' dir='ltr'><strong>Et</strong></span> <span class='ocrx_word' id='word_1_875' title='bbox 3641 5645 3753 5700; x_wconf 83' lang='lat' dir='ltr'><strong>hoc.</strong></span> 
     </span>
    </p>
   </div>
   <div class='ocr_carea' id='block_1_119' title="bbox 2140 5736 3751 5812">
    <p class='ocr_par' dir='ltr' id='par_1_119' title="bbox 2140 5736 3751 5812">
     <span class='ocr_line' id='line_1_119' title="bbox 2140 5736 3751 5812; baseline 0.006 -21"><span class='ocrx_word' id='word_1_876' title='bbox 2140 5740 2357 5810; x_wconf 83' lang='lat' dir='ltr'><strong>quidem</strong></span> <span class='ocrx_word' id='word_1_877' title='bbox 2391 5740 2788 5812; x_wconf 87' lang='lat' dir='ltr'><strong>objurgationis</strong></span> <span class='ocrx_word' id='word_1_878' title='bbox 2823 5755 2996 5810; x_wconf 88' lang='lat' dir='ltr'><strong>genus</strong></span> <span class='ocrx_word' id='word_1_879' title='bbox 3037 5755 3204 5797; x_wconf 90' lang='lat' dir='ltr'><strong>unum</strong></span> <span class='ocrx_word' id='word_1_880' title='bbox 3237 5749 3340 5799; x_wconf 87' lang='lat' dir='ltr'><strong>est.</strong></span> <span class='ocrx_word' id='word_1_881' title='bbox 3379 5739 3635 5796; x_wconf 80' lang='lat' dir='ltr'><strong>Alterum.</strong></span> <span class='ocrx_word' id='word_1_882' title='bbox 3678 5736 3751 5801; x_wconf 80' lang='lat' dir='ltr'><strong>ad.</strong></span> 
     </span>
    </p>
   </div>
   <div class='ocr_carea' id='block_1_120' title="bbox 1639 5916 2347 5990">
    <p class='ocr_par' dir='ltr' id='par_1_120' title="bbox 1639 5916 2347 5990">
     <span class='ocr_line' id='line_1_120' title="bbox 1639 5916 2347 5990; baseline 0.001 -20"><span class='ocrx_word' id='word_1_883' title='bbox 1639 5918 1680 5946; x_wconf 66' lang='grc'><strong>³⁵</strong></span> <span class='ocrx_word' id='word_1_884' title='bbox 1715 5916 1885 5972; x_wconf 80' lang='lat' dir='ltr'><strong>Levii.</strong></span> <span class='ocrx_word' id='word_1_885' title='bbox 1925 5933 2059 5983; x_wconf 59' lang='lat' dir='ltr'><strong>xxii,</strong></span> <span class='ocrx_word' id='word_1_886' title='bbox 2093 5917 2153 5978; x_wconf 77' lang='grc'><strong>21</strong></span> <span class='ocrx_word' id='word_1_887' title='bbox 2193 5933 2347 5990; x_wconf 80' lang='lat' dir='ltr'><strong>seqq.</strong></span> 
     </span>
    </p>
   </div>
  </div>
