4098 6470
301 440 408 496 281

1147 433 1710 495 COMMENTARIUS
1751 435 1822 492 IN
1859 435 2272 496 MALACHIAM
2313 436 2766 498 PROPHETAM.

3509 443 3618 500 282

302 573 414 611 σοι.
448 575 469 609 ι
495 554 656 609 Ἔστι
699 553 832 625 γὰρ,
866 551 1015 606 ἔστιν
1050 553 1319 608 ἀκούοντά
1360 571 1483 608 τινα
1518 555 1653 627 μηδὲ
1686 556 1920 611 ἀκοῦσαι

2024 559 2262 614 dientem
2283 567 2473 629 putare
2519 574 2625 612 non
2684 557 2982 621 audivisse,
3003 555 3104 611 nisi
3149 566 3382 612 mentem
3445 559 3609 613 verba

299 650 507 714 δοκεῖν,
537 650 589 703 εί
637 648 712 720 μὴ
747 648 1006 704 ἆπτοιντο
1057 650 1158 722 μὲν
1199 651 1438 716 διανοίας
1488 655 1539 706 oi
1584 652 1754 723 λόγοι,
1783 653 1920 708 ἀποο

299 743 544 806 πτάντες
570 741 629 796 δὲ
671 742 864 814 ῶσπερ
906 745 1010 815 τῆς
1048 745 1145 798 τοῦ
1182 745 1434 816 λέγοντος
1479 747 1749 820 γλώττης,
1799 746 1920 804 εἶτα

303 836 480 907 μόνην
509 835 1001 908 προσαρῤἀξαντες
1039 837 1138 910 τὴν
1164 839 1257 892 τοῦ
1287 840 1581 906 ἀκούοντος
1614 843 1807 913 ἀκοὴν,
1836 844 1919 894 εί-

304 928 487 992 καίοις
519 930 581 981 ὲν
615 929 717 1000 ἴσῳ
750 930 1198 998 καταλογισθεῖεν
1226 933 1321 985 καὶ
1357 937 1645 1003 κρυπτοῖς.
1671 934 1919 988 Τοιοῦτοί

303 1039 454 1086 τινες
486 1017 631 1094 ἦσαν
665 1023 793 1094 περὶ
836 1019 912 1076 ὧν
943 1023 1046 1092 ἔφη
1079 1041 1165 1088 τις
1211 1025 1322 1078 τῶν
1375 1026 1548 1093 ἀγίων
1582 1029 1878 1099 προφητῶν
1900 1047 1914 1066 ο

297 1130 319 1161 ι
353 1110 489 1166 Ἰδοὺ
533 1112 665 1176 λαὸς
696 1113 899 1183 μωρὸς,
937 1113 1032 1165 καὶ
1083 1113 1365 1184 ἀκάρδιος,
1398 1115 1667 1187 ὀφθαλμοὶ
1712 1119 1916 1186 αὐτοῖς,

303 1205 405 1259 καὶ
441 1204 506 1260 οὐ
548 1204 840 1275 βλέπουσιν
861 1222 874 1236 ·
907 1199 1021 1259 ῶτα
1049 1207 1258 1270 αὐτοῖς,
1291 1209 1386 1262 καὶ
1432 1209 1534 1262 οῦκ
1582 1211 1864 1267 ἀκούουσι.
1894 1232 1912 1266 ι

304 1297 612 1370 Παρεγγυᾷ
645 1297 940 1369 τοιγαροῦν
969 1299 1288 1367 ἀναγκαίως
1313 1302 1342 1354 6
1367 1304 1686 1373 προφήτης,
1719 1304 1914 1373 λέγων·

312 1409 334 1442 σ
366 1388 539 1443 Θέσθε
567 1389 630 1461 δὴ
661 1391 754 1444 ἐπὶ
803 1391 903 1454 τὰς
950 1393 1181 1464 καρδίας
1216 1393 1394 1460 ὑμῶν’
1429 1413 1448 1445 ι
1484 1399 1764 1452 τουτέστιν
1787 1439 1802 1464 ,
1837 1399 1920 1462 είς

303 1480 439 1535 νοῦν
491 1482 601 1537 ἔσω
644 1485 742 1537 καὶ
787 1485 1016 1556 καρδίαν
1063 1487 1192 1551 τοὺς
1246 1486 1425 1552 θείους
1471 1490 1919 1561 ὲναποτιθέμενοι

303 1574 526 1643 λόγους,
566 1577 661 1630 καὶ
711 1575 820 1631 τῶν
869 1576 1079 1632 ἄνωθεν
1127 1581 1626 1651 χρησμῳδημάτων
1668 1582 1919 1648 συνέντες

302 1668 413 1738 τὴν
461 1667 713 1740 δύναμιν,
769 1671 1122 1724 συναινέσατε
1171 1671 1392 1736 πάντως
1417 1689 1430 1701 ο
1469 1674 1603 1738 «Ὧς
1653 1676 1918 1745 ἠγάπησα

308 1761 418 1829 μὲν
452 1760 633 1832 ὑμᾶς,
665 1760 815 1830 λέγει
859 1761 1068 1834 Κύριος
1091 1804 1107 1827 ,
1138 1782 1156 1816 ι
1193 1764 1408 1834 ἠξίωσα
1434 1781 1494 1818 τε
1531 1765 1751 1837 ἁπάσης
1779 1769 1918 1838 ἠμε-

306 1852 565 1924 ρότητος,
613 1853 708 1908 καὶ
754 1854 1006 1922 φειδοῦς,
1062 1855 1158 1910 καὶ
1204 1856 1306 1926 τῆς
1355 1860 1470 1922 τοῖς
1527 1859 1918 1930 ἀγαπωμένοις

2031 653 2308 721 tetigerint
2338 671 2351 707 :
2383 670 2411 706 a
2441 653 2624 723 lingua
2684 653 2828 707 enim
2887 650 3161 720 loquentis
3214 650 3510 718 avolantia,
3561 661 3620 706 et

2027 745 2173 800 solas
2196 746 2657 800 audientesanres
2691 745 3038 799 verberantia
3096 747 3250 798 vanis
3310 745 3506 799 merito
3554 760 3619 798 ac

2028 854 2135 893 non
2191 838 2416 909 prolatis
2438 838 2984 906 similiajudiccntur.
3016 837 3188 905 Hujus
3221 837 3436 905 generis
3463 847 3619 889 erant

2028 933 2366 994 nonnulli,de
2389 932 2584 1000 quibus
2605 931 2823 1000 quidam
2856 941 3170 1006 sanctorum
3191 931 3616 1000 prophetatum:

2033 1044 2052 1077 ι
2097 1026 2234 1079 Ecce
2271 1026 2500 1094 populus
2528 1025 2745 1088 stultus,
2781 1035 2837 1078 et
2867 1025 2984 1078 sine
3045 1023 3249 1078 corde:
3323 1024 3464 1076 oculi
3513 1024 3618 1088 eis,

2025 1126 2200 1172 etnon
2229 1117 2436 1179 vident,
2467 1131 2629 1170 aures
2653 1116 2753 1182 eis,
2774 1124 2828 1169 et
2853 1132 2960 1170 non
2991 1115 3219 1170 audiunt
3247 1114 3318 1167 ⁸⁸.
3347 1133 3366 1165 ι
3396 1113 3615 1168 Hortari

2027 1211 2212 1279 itaque
2245 1211 2566 1278 prophetam
2621 1223 2848 1263 necesse
2930 1207 3072 1264 fuit:
3128 1226 3146 1259 (
3183 1207 3375 1261 Ponite
3454 1221 3623 1272 super

2027 1307 2190 1358 corda
2224 1311 2424 1365 vestra,
2472 1321 2490 1354 ι
2531 1303 2632 1356 hoc
2659 1310 2766 1365 est,
2799 1301 2940 1355 intra
3002 1301 3247 1354 animum
3299 1309 3351 1353 et
3377 1314 3474 1353 cor
3533 1298 3619 1351 di-

2026 1397 2150 1450 vina
2184 1397 2346 1450 verba
2380 1405 2729 1464 reponenlcs,
2754 1407 3232 1464 supernorumque
3261 1392 3614 1446 oraculorum

2025 1491 2135 1544 vim
2187 1489 2968 1560 intelligentes,assentiamini
3019 1488 3216 1556 plane:
3266 1504 3285 1536 ι
3345 1484 3615 1550 Quoniam

2027 1585 2189 1640 dilexi
2223 1599 2343 1646 vos,
2376 1585 2506 1638 dicit
2538 1583 2820 1645 Dominus,
2856 1601 2876 1634 ι
2903 1582 3164 1649 omnique
3203 1576 3620 1631 mansuetudine

2025 1687 2080 1731 et
2111 1675 2461 1747 indulgentia,
2488 1685 2543 1730 et
2591 1689 2720 1730 cura
2752 1673 2959 1738 sedula,
2996 1688 3118 1742 quae
3145 1669 3361 1726 dilect-is
3390 1668 3620 1720 adhibe-

2026 1771 2070 1826 ri
2103 1772 2261 1837 solet,
2286 1770 2540 1842 dignatus
2569 1783 2708 1828 sum.
2750 1767 2864 1823 Hoc
2896 1777 3076 1822 autem
3131 1779 3352 1820 rursum
3384 1762 3622 1816 meritis-

2025 1864 2165 1919 simo
2221 1863 2329 1916 illis
2354 1864 2670 1931 exprobrat,
2695 1861 2839 1929 quod
2882 1860 2984 1915 sibi
3032 1874 3132 1928 pro
3160 1856 3320 1911 bouis
3359 1855 3495 1907 mala
3532 1849 3622 1906 re-

306 1943 638 2014 πρεπούσης
681 1945 1014 2017 φιλοτιμίας.
1047 1947 1220 2002 Τοῦτο
1267 1949 1325 2002 δὲ
1377 1945 1445 2003 αῦ
1483 1945 1542 2004 εὖ
1596 1951 1743 2022 μάλα
1789 1969 1922 2005 κατ-

2029 1956 2502 2020 tribuerint,cum,
2536 1963 2593 2008 ut
2619 1954 2888 2008 charitate
2933 1949 3164 2019 dignati,
3217 1948 3460 2003 vicissim
3493 1959 3620 1999 eum

303 2036 670 2102 ονειδίξοντος
698 2039 796 2109 μὲν
817 2079 832 2102 ,
875 2039 951 2104 ὡς
982 2039 1196 2112 πονηρὰ
1243 2041 1366 2095 ἀντὶ
1397 2041 1623 2111 ἀγαθῶν
1645 2044 1917 2099 ἀπέδοσαν

305 2129 467 2199 αὐτῷ
491 2170 506 2193 ,
559 2131 736 2184 καίτοι
784 2131 924 2194 δέον,
957 2132 1034 2195 ὡς
1078 2133 1303 2205 ἀγάπης
1333 2135 1692 2205 ἠξιωμένους,
1731 2139 1921 2191 ἀντευ-

305 2221 567 2289 φραίνειν
591 2223 713 2286 ταῖς
739 2223 1060 2286 ὲπιεικείαις
1102 2225 1196 2278 καὶ
1223 2228 1345 2290 ταῖς
1367 2229 1447 2290 είς
1471 2229 1581 2281 πᾶν
1607 2229 1786 2282 ὁτιοῦν
1811 2228 1920 2283 τῶν

307 2313 654 2367 ἁνδανόντων
682 2314 833 2385 αὐτῷ
855 2315 1114 2380 σπουδαῖς
1140 2333 1198 2370 τε
1229 2317 1326 2370 κα)⁸
1352 2317 1704 2389 προθυμίαις.
1721 2321 1784 2373 Ei
1810 2321 1920 2388 γάρ

306 2403 432 2453 ἐστι
468 2401 578 2453 τῶν
608 2401 849 2467 ἀτόπων,
883 2404 945 2458 τὸ
991 2405 1067 2476 μὴ
1125 2405 1412 2476 βούλεσθαι
1455 2410 1568 2472 τοῖς
1618 2409 1742 2462 καθ’
1772 2411 1922 2481 ἡμᾶς

305 2493 630 2548 ἀποδιδόναι
659 2495 759 2559 τὰς
781 2496 1125 2566 ὀφειλάς,τίς
1156 2498 1222 2552 ἂν
1249 2500 1463 2567 γένοιτο
1491 2501 1649 2570 λόγος
1671 2501 1764 2556 ἐπὶ
1783 2501 1919 2555 Θεοῦ

303 2587 410 2640 τοῦ
439 2589 618 2642 πάντα
645 2589 778 2659 ἡμῖν
805 2589 1078 2655 πλουσίως
1120 2593 1468 2662 διανέμοντος
1499 2596 1566 2648 τὰ
1598 2594 1734 2665 πρὸς
1760 2593 1924 2648 εὐθυ-

311 2681 473 2750 μίαν,
505 2681 555 2733 εί
591 2682 666 2750 μὴ
699 2681 940 2752 βούλοιτό
985 2701 1072 2748 τις
1111 2686 1404 2739 ἀντιτίνειν
1433 2687 1584 2758 αὐτῷ
1616 2687 1725 2740 τῶν
1757 2687 1922 2741 δεδω-

308 2774 577 2842 ρημένων
601 2774 702 2838 τὰς
727 2775 993 2846 ἀμοιόἀςς
1025 2778 1080 2830 εί.
1109 2779 1204 2832 καὶ
1230 2778 1313 2832 ὃτι
1356 2779 1592 2849 μάλιστα
1621 2780 1822 2853 πρέποι
1852 2779 1922 2834 ἂν

2026 2051 2315 2122 probitate,
2346 2059 2394 2104 et
2427 2047 2626 2112 studio,
2688 2046 3085 2115 alacritateque
3150 2042 3218 2098 ad
3273 2040 3454 2096 omnia
3516 2037 3618 2106 ipsi

2025 2151 2246 2212 accepta
2285 2141 2558 2196 delectare
2590 2140 2871 2194 deberent.
2901 2137 2956 2192 Si
3005 2138 3150 2193 enim
3201 2133 3498 2188 absurdum
3534 2139 3621 2186 est

2026 2243 2235 2291 natura:
2266 2243 2464 2290 nostra
2489 2232 2835 2288 consortibus
2873 2240 3134 2302 prtestare
3179 2227 3323 2281 nolle
3358 2225 3500 2293 quod
3525 2223 3621 2277 de-

2026 2325 2178 2387 beas,
2212 2321 2340 2392 quid
2365 2337 2530 2392 super
2555 2321 2664 2376 Deo
2695 2318 3168 2389 respondebimus,
3201 2315 3293 2384 qui
3321 2311 3476 2368 nobis
3499 2325 3620 2364 om-

2029 2413 2117 2468 nia
2147 2414 2215 2468 ad
2242 2412 2642 2484 iucunditatem
2677 2409 3005 2481 pertinentia
3044 2407 3384 2461 abundanter
3416 2401 3625 2457 submi-t

2028 2504 2246 2569 nistrat,
2282 2505 2325 2559 si
2353 2505 2493 2559 dona
2523 2502 2682 2558 donis
2724 2516 2837 2556 non
2871 2496 3319 2571 rependerimus?
3349 2492 3620 2562 siquidem

2029 2611 2160 2653 sana
2187 2605 2370 2652 mente
2389 2611 2574 2650 revera
2607 2595 2862 2665 praeditos
2895 2593 3136 2647 maxime
3185 2591 3342 2645 decet
3375 2586 3504 2640 illud
3538 2583 3623 2637 di-

2026 2702 2193 2744 cere:
2231 2706 2250 2740 ι
2285 2687 2424 2755 Quid
2462 2688 2758 2742 retribuam
2795 2685 3052 2751 Domino,
3093 2697 3190 2754 pro
3219 2679 3474 2737 omnibus
3498 2689 3622 2746 quae

2031 2780 2433 2835 retribuitmihi
2468 2779 2554 2832 "‘l
2583 2798 2602 2831 ι
2643 2835 2646 2838 ,

305 2871 494 2920 ἐκεῖνο
547 2867 728 2938 λέγειν
792 2873 906 2934 τοῖς
941 2886 1006 2939 γε
1076 2870 1291 2943 ἀληθῶς
1359 2873 1651 2946 ἀρτίφροσι
1673 2891 1688 2904 ο
1742 2893 1761 2926 ι
1793 2872 1859 2928 Τί
1919 2873 2288 2929 ἀνταποδώσω
2337 2873 2417 2946 τῷ
2463 2873 2654 2951 Κυρίῳ
2697 2872 2828 2944 περὶ
2878 2870 3098 2926 πάντων
3142 2862 3220 2924 ὧν
3267 2859 3620 2920 ἀνταπέδωκε

355 2978 502 3024 οις»

355 2981 444 3024 οις
483 2981 502 3012 9

309 2981 351 3031 μ
387 3055 503 3108 Καὶ
548 3054 790 3108 εἷπατε’
853 3057 949 3110 Ἐν
1000 3058 1118 3110 τίνι
1171 3058 1498 3128 ἠγάπησας
1546 3060 1744 3130 mlite;
1795 3062 1920 3115 Οὐκ

304 3144 579 3214 ἀδελφὸς
604 3141 684 3215 ἦν
721 3143 906 3200 Ἡσαῦ
941 3145 1048 3200 τοῦ
1091 3147 1318 3212 Ἰακὼϐ,
1344 3147 1507 3218 λέγει
1548 3150 1787 3218 Κύριος,
1817 3147 1920 3202 καὶ

2100 3053 2266 3110 Vens.
2292 3055 2347 3110 3.
2382 3055 2448 3110 Et
2466 3056 2676 3110 dixistis
2707 3070 2728 3108 :
2782 3051 2850 3107 In
2881 3069 2983 3123 quo
3005 3049 3244 3106 dilexisti
3272 3065 3366 3104 nos
3390 3049 3415 3101 .’
3464 3047 3622 3104 Non-

2028 3167 2091 3205 ne
2122 3149 2265 3205 Esau
2289 3159 2401 3205 erat
2437 3151 2604 3220 frater
2625 3148 2659 3202 J
2667 3148 2794 3204 acab
2818 3149 2842 3204 7
2865 3147 2993 3200 dicit
3025 3141 3305 3208 Dominus,
3373 3152 3422 3198 et
3445 3142 3620 3196 dilexi

305 3237 608 3306 ἠγάπησα
660 3237 771 3291 τὸν
813 3238 1050 3302 Ἰακὼϐ,
1102 3238 1210 3293 τὸν
1254 3239 1324 3292 δὲ
1373 3239 1565 3295 Ἠσαῦ
1615 3242 1919 3311 ἐμίσησας

2026 3244 2283 3309 Jacob,et
2306 3218 2451 3298 Esau
2479 3245 2599 3298 odio
2630 3243 2834 3297 habui?
2865 3240 2932 3296 Et
2968 3242 3119 3311 posui
3164 3239 3412 3294 terminos
3431 3237 3545 3306 ejus
3565 3237 3620 3290 in

307 3331 415 3381 καὶ
451 3327 641 3393 ἔταξα
673 3329 744 3382 τὰ
781 3329 914 3397 ὅρια
946 3329 1136 3384 αὐτοῦ
1175 3331 1262 3396 εἱς
1291 3332 1661 3402 ἀφανισμὸν,
1681 3332 1780 3387 καὶ
1805 3335 1922 3402 τὴν

306 3425 729 3492 κληρονομίαν
756 3424 948 3478 αὐτοῦ
975 3426 1061 3490 είς
1085 3424 1324 3495 δώματα
1348 3427 1598 3496 ἐρήμου.

386 3516 461 3571 Δ’.
518 3515 878 3588 Ἐπλὴττοντο
925 3517 1025 3587 μὲν
1069 3517 1314 3572 Ἰουδαῖοι
1361 3501 1504 3572 κατὰ
1547 3519 1777 3590 καιροὺς
1803 3520 1919 3584 τοῖς

310 3610 381 3663 ἑκ
412 3609 563 3674 θείας
591 3610 762 3682 ὀργῆς
795 3611 1176 3680 συμῦαίνουσι,
1205 3613 1559 3685 πολυτρόπως
1589 3613 1918 3684 δεδυσσεὸη-

310 3700 492 3766 κότες.
511 3701 821 3757 Ἀπὼθοντο
849 3702 959 3774 γὰρ
1002 3705 1085 3768 είς
1114 3704 1516 3776 αἰχμαλωσίας,
1549 3704 1919 3778 καταδῃωθεί-

311 3809 420 3865 σης
462 3793 648 3858 αὐτοῖς
692 3796 792 3865 τῆς
841 3793 1046 3867 χώρας,
1079 3796 1248 3850 οἴκων
1293 3813 1352 3849 τε
1384 3797 1792 3868 ἡρημωμένων,
1825 3795 1918 3848 καὶ

312 3887 451 3958 ὁμοῦ
479 3886 589 3942 τῶν
614 3887 777 3942 θείων
800 3889 946 3943 ναῶν
975 3889 1517 3961 κατεμπρησθέντων
1541 3889 1650 3943 τῶν
1682 3889 1916 3960 Ἱεροσο-

309 3978 525 4050 λύμων.
555 3979 837 4051 Προφάσει
865 3981 923 4034 δὲ
954 3981 1047 4034 τοῦ
1081 3983 1150 4038 τὰ
1173 3983 1355 4036 τοιάδε
1389 3982 1582 4036 παθεῖν
1617 3983 1834 4047 αὐτοὺς,
1857 3983 1920 4037 τὸ

311 4075 619 4146 ἀποεροιτᾷν
653 4075 874 4128 ἑλέσθαι
905 4074 1088 4148 [φησὶ]
1119 4076 1216 4145 τῆς
1253 4074 1612 4147 γνησιότητος
1641 4078 1743 4147 τῆς
1780 4076 1920 4148 πρὸς

309 4166 472 4231 Θεὸν,
495 4168 592 4220 καὶ
612 4166 794 4235 ὀλίγου
822 4166 1103 4230 παντελῶς
1117 4167 1346 4232 ἀξιῶσαι
1364 4167 1526 4236 λόγου
1542 4168 1641 4240 τὴν
1661 4170 1741 4232 εἰς
1753 4169 1918 4240 νόμον

312 4258 469 4314 αίδὼ.
489 4259 710 4330 Ἐπειδὴ
758 4259 938 4318 τοίνυν
989 4260 1276 4329 ἀγαπῆσαι
1306 4260 1560 4328 λέγοντος
1589 4261 1794 4324 αὐτοὺς
1819 4261 1916 4315 τοῦ

311 4350 476 4416 Θεοῦ,
505 4352 600 4405 καὶ
630 4352 838 4424 σφόδρα
872 4369 936 4420 γε
979 4347 1048 4424 ἦν
1083 4353 1230 4416 είκος
1260 4353 1369 4406 τῶν
1395 4353 1496 4423 τῆς
1534 4353 1918 4424 αἰχμαλωσίας

311 4443 724 4515 διαμεμνῆσθαι
760 4443 969 4508 κακῶν,
1009 4444 1174 4512 φάναι
1206 4461 1264 4496 τε
1299 4444 1442 4498 οὕτω
1470 4445 1632 4515 τυχὸν
1663 4445 1745 4512 τὸ,
1787 4464 1804 4498 ι
1828 4447 1921 4499 Ἐν

310 4535 422 4587 τίνι
467 4534 762 4606 ἠγάπησας
791 4535 976 4605 ἡμᾶς;
1008 4554 1026 4585 ι
1065 4536 1561 4606 οίκονομικὼτατος
1597 4537 1722 4590 λίαν
1749 4539 1778 4590 6
1807 4537 1916 4590 τῶν

311 4627 452 4680 ὅλων
470 4625 625 4690 Θεὸς,
657 4625 996 4694 παριππεύει
1030 4625 1129 4695 μὲν
1157 4627 1227 4678 τὰ
1257 4626 1344 4678 διὰ
1367 4627 1534 4695 μέσου
1563 4628 1918 4698 συμϐήματα,

312 4718 412 4786 καὶ
447 4718 548 4788 τὴν
589 4717 678 4770 ἐπ’
705 4717 891 4779 αὐτοῖς
920 4717 1258 4788 παρατρέχει
1285 4718 1558 4789 διήγησιν,
1593 4719 1922 4789 ἀνακομίζει

309 4829 377 4880 γε
419 4809 525 4882 μὴν
548 4808 648 4880 τὴν
680 4810 778 4879 τῆς
810 4810 1034 4878 ἀγάπης
1061 4810 1336 4876 ἀπόδειξιν
1357 4811 1452 4863 ἐπὶ
1483 4810 1580 4881 τὴν
1609 4809 1704 4864 τοῦ
1728 4811 1922 4880 γένους

309 4905 513 4974 ἀρχὴν,
544 4903 688 4974 φημὶ
734 4903 798 4973 δὴ
833 4904 923 4956 τὸν
970 4902 1186 4967 Ἰακὼϐ,
1224 4903 1283 4956 ὃν
1313 4904 1599 4974 ἀγαπῆσαι
1634 4904 1732 4974 μὲν
1773 4905 1922 4975 ἰσχυ-

311 4997 546 5066 ρίζεται,
587 4995 1068 5066 κατεστυγημένον
1117 4995 1176 5048 δὲ
1211 4995 1541 5065 πεποιῆσθαι
1587 4995 1681 5048 τὸν
1720 4995 1914 5061 Ἠσαῦ,

309 5089 495 5142 καίτοι
540 5090 654 5151 τοῖς
711 5087 928 5156 φύσεως
959 5088 1148 5157 νόμοις
1181 5089 1260 5149 εἰς
1291 5088 1633 5159 ἀδελφότητα
1666 5088 1743 5160 τῷ
1765 5105 1914 5142 τετι-

311 5178 548 5248 μημένῳ
602 5177 1090 5247 συνδούμενον.⁹Ως
1141 5177 1252 5248 γὰρ
1303 5179 1332 5230 6
1379 5177 1665 5242 θεσπέσιος
1712 5181 1914 5251 γράφει

307 5270 552 5332 Παῦλος,
594 5289 611 5322 ι
637 5271 823 5342 Μήπω
852 5271 1224 5340 γεννηθέντων
1250 5312 1264 5334 ,
1328 5271 1467 5342 μηδὲ
1509 5272 1836 5343 πραξάντων
1863 5291 1916 5326 τι

306 5363 543 5432 ἀγαθον,
573 5363 606 5434 ἦ
643 5364 869 5434 φαῦλον,
908 5384 924 5415 ι
959 5364 1257 5418 ἀπόλεκτον
1287 5366 1524 5418 ἐποιεῖτο
1572 5366 1664 5418 τὸν
1718 5366 1938 5428 Ἰακὼΰ,

308 5459 369 5522 ἐξ
407 5451 468 5512 οὗ
513 5457 575 5509 τὸ
609 5457 720 5509 τῶν
760 5457 1030 5510 Ἰουδαίων
1062 5458 1272 5529 ἁνεφύη
1301 5457 1491 5524 γένος·
1528 5459 1829 5532 ἐκϐέϐληκε
1862 5461 1919 5515 δὲ

305 5549 403 5600 τὸν
442 5547 638 5610 Ἠσαῦ,
694 5547 784 5600 καὶ
817 5549 876 5600 οὐ
911 5548 1082 5617 δήπου
1116 5549 1298 5618 φαμὲν
1325 5548 1467 5601 κατά
1493 5549 1796 5618 πρόκλησιν
1835 5538 1934 5620 (οὐκ

305 5642 422 5711 γὰρ
465 5639 652 5704 ἄδικος
703 5643 731 5693 ό
779 5641 932 5702 Θεὸς,
965 5640 1088 5694 οὒτε
1126 5642 1234 5711 μὴν
1260 5641 1443 5694 ἄνισον
1477 5641 1509 5713 ἢ
1541 5642 1831 5712 ἐτεραλκὲς
1861 5643 1921 5695 τὸ

303 5733 645 5802 totusue-'9
693 5732 799 5785 τῶν
850 5733 941 5785 ἐπὶ
989 5732 1086 5801 τῆς
1128 5733 1492 5802 γῆςδιεξάγει
1525 5735 1752 5805 κρῖμα)·
1787 5751 1920 5804 προ·

383 5905 429 5948 ’δ’
458 5906 660 5962 lerunt.
691 5925 738 5973 ι’,
773 5909 860 5962 El.

945 5909 987 5940 δ’
1019 5907 1158 5962 Psal.
1187 5925 1305 5971 cur,
1346 5909 1422 5962 l2.
1502 5908 1544 5941 “
1578 5909 1638 5962 IV
1675 5910 1803 5980 Reg.
1839 5928 1963 5974 vn,
1993 5913 2026 5967 9
2059 5929 2208 5982 seqq.

2023 3338 2423 3404 desolationem,
2451 3345 2500 3392 et
2523 3336 2884 3392 hereditatem
2921 3336 3034 3404 ejus
3069 3333 3126 3386 in
3159 3333 3343 3387 domos
3377 3329 3621 3386 solitudi-

2023 3433 2126 3492 nis,

2092 3523 2182 3578 IV.
2221 3522 2678 3579 Percutiebantur
2719 3519 3014 3591 aliquando
3075 3516 3247 3573 Judaai
3304 3515 3372 3570 ab
3405 3513 3620 3570 infenso

2022 3617 2155 3682 Deo,
2180 3633 2302 3673 cum
2333 3618 2518 3673 multis
2537 3632 2595 3672 se
2628 3615 3000 3685 impietatibus
3035 3612 3484 3668 obstrinxisset“.
3513 3609 3620 3663 Va-

2021 3719 2160 3766 stata
2185 3709 2330 3766 enim
2369 3725 2558 3765 eorum
2591 3716 2760 3769 terra,
2803 3706 3000 3778 captivi
3027 3705 3407 3776 abigebantur,
3443 3703 3620 3756 domi-

2021 3803 2122 3859 bus
2142 3802 2458 3866 exinanitis,
2479 3810 2529 3856 et
2562 3799 2951 3870 Hierosolymis
2981 3814 3086 3852 una
3112 3812 3236 3852 cum
3267 3796 3448 3849 divino
3483 3805 3618 3847 tem-

2022 3893 2109 3963 plo
2135 3892 2394 3950 crematis
2421 3892 2488 3944 ⁸³.
2535 3891 2704 3962 820
2743 3890 2895 3956 Quod
2964 3899 3147 3942 autem
3204 3889 3306 3940 ista
3367 3883 3614 3954 perpessi

2021 3983 2274 4049 fuissent,
2310 3982 2433 4037 inde
2450 3981 2686 4052 legitima
2711 3995 2836 4050 erga
2873 3980 3038 4033 Deum
3083 3976 3393 4039 deserendi,
3449 3985 3501 4029 et
3531 3991 3618 4028 re-

2022 4077 2320 4131 verentiam
2353 4075 2492 4144 legis
2516 4074 2667 4144 parvi
2703 4072 2925 4128 omnino
2949 4070 3218 4141 pendendi
3261 4069 3612 4123 occasionem

2020 4169 2376 4239 arripiebant.
2406 4167 2544 4235 Quia
2575 4167 2739 4235 igitur
2765 4165 2976 4220 dicente
2997 4162 3130 4227 Deo,
3150 4177 3210 4218 se
3238 4162 3357 4217 illos
3387 4161 3614 4216 dilexis-

2020 4278 2102 4327 se,
2148 4268 2202 4314 ct
2234 4260 2387 4315 valde
2427 4258 2643 4329 quidem
2675 4257 2937 4313 credibile
2980 4266 3098 4310 erat
3122 4271 3216 4311 eos
3265 4254 3608 4309 miseriarum

2021 4351 2358 4425 captivitatis
2387 4351 2567 4407 denuo
2599 4366 2893 4415 memores,
2933 4351 3004 4404 ita
3059 4349 3294 4403 fortasse
3340 4349 3608 4412 dicturos,

2026 4467 2046 4501 ι
2084 4447 2141 4502 lu
2167 4462 2273 4515 quo
2304 4444 2538 4500 dilexisti
2565 4443 2708 4498 nos?
2746 4462 2764 4495 ι
2795 4441 3219 4512 prudentissimo
3242 4440 3468 4496 consilio
3492 4441 3614 4494 nni-

1952 4567 1998 4626 D
2027 4554 2305 4596 versorum
2341 4538 2482 4593 Deus
2515 4552 2636 4606 quas
2659 4535 2972 4590 acciderant
3000 4533 3616 4603 praetermittit,eorum-

2021 4649 2129 4705 que
2159 4631 2524 4705 narrationem
2556 4626 3258 4698 relinquit,dilcctionisque
3273 4625 3618 4680 demonstra-

2020 4727 2221 4781 tionem
2247 4724 2315 4778 ad
2339 4699 2556 4792 generis
2582 4735 2772 4775 eorum
2827 4719 3172 4787 principium,
3239 4715 3406 4771 Jacob
3456 4717 3617 4772 nimi-

2020 4832 2162 4879 rum,
2203 4824 2440 4881 revocat,
2467 4829 2626 4884 quem
2689 4828 2747 4868 se
2777 4811 3029 4866 dilexisse
3065 4810 3372 4875 conﬁrmat,
3413 4810 3605 4866 odisse

2019 4920 2199 4961 autem
2239 4907 2413 4972 Esau,
2439 4905 2794 4974 quantumvis
2826 4904 2878 4958 ei
2918 4902 3010 4973 qui
3049 4902 3373 4974 diligebatur
3407 4909 3620 4958 natura

2024 5000 2249 5069 legibus,
2281 5009 2339 5051 ut
2362 4997 2549 5058 frater,
2565 4994 2854 5050 devinctus
2877 5000 3040 5058 esset.
3069 4992 3282 5047 Etenim
3313 5003 3372 5047 ut
3401 4993 3621 5048 divinus

2027 5091 2224 5146 Paulus
2250 5091 2436 5144 scribit
2470 5105 2483 5140 :
2526 5107 2544 5139 ι
2583 5087 2715 5142 Cum
2741 5086 2980 5141 nondum
3013 5087 3125 5140 nati
3158 5085 3409 5153 fuissent,
3441 5101 3616 5155 neque

2025 5183 2227 5253 aliquid
2275 5181 2399 5236 boni
2431 5181 2689 5248 egissent,
2715 5187 2810 5232 aut
2839 5177 2964 5232 mali
2992 5176 3060 5242 “,
3094 5197 3113 5230 ι
3152 5177 3320 5232 Jacob
3342 5177 3526 5244 elegit,
3579 5194 3608 5231 a

2024 5291 2131 5345 quo
2164 5272 2470 5329 Judzeorum
2499 5287 2630 5343 gens
2651 5271 2918 5342 originem
2947 5270 3104 5325 duxit
3143 5287 3157 5322 :
3192 5269 3394 5340 abjecit
3427 5280 3612 5323 autem

2017 5366 2180 5431 Esau,
2215 5381 2320 5419 non
2357 5366 2500 5434 quod
2558 5367 2625 5420 ab
2667 5378 2734 5420 eo
2785 5371 3110 5434 provocatus
3155 5373 3300 5418 esset
3341 5361 3470 5433 (non
3535 5373 3619 5416 est

2016 5461 2160 5514 enim
2194 5457 2432 5529 injustus
2477 5456 2642 5524 Deus,
2682 5471 2780 5509 nec
2820 5455 3087 5524 iniquam,
3141 5459 3236 5507 aut
3290 5452 3614 5521 ancipitem,

2017 5567 2112 5608 seu
2149 5551 2466 5606 variabilem
2516 5549 2623 5603 fert
2677 5548 3003 5603 sententiam
3052 5546 3106 5600 in
3169 5559 3618 5615 unumquemque

2019 5643 2360 5715 mortalem);
2408 5643 2502 5696 sed
2531 5657 2651 5696 cum
2687 5647 2939 5707 tanquam
2979 5636 3118 5691 Deus
3141 5638 3422 5692 amborum
3466 5635 3615 5690 futu-

2021 5751 2109 5789 ras
2144 5736 2386 5791 actiones
2417 5741 2469 5787 et
2509 5731 2790 5800 utriusque
2815 5741 2994 5785 mores
3047 5737 3373 5800 praenosset,
3427 5727 3617 5784 melio-

2292 5912 2334 5950 δεῖ
2369 5912 2524 5965 Rom.
2557 5927 2631 5968 ιχ,
2674 5910 2754 5966 ll.
