4098 6468
501 431 612 490 285

1502 431 1559 489 8.
1592 430 1880 487 -ειίιιιιι
1918 430 2392 487 ALEXANDBINI
2434 430 2756 491 ARCHIEP.

3677 436 3783 493 εει

506 566 622 608 rem
639 558 695 605 et
730 549 1057 606 sanctiorem
1081 549 1393 620 complexus
1417 561 1533 614 est;
1572 563 1651 616 ut,
1700 554 1933 622 exempli
1958 570 2079 609 cau-

2187 552 2443 621 εγνωκὼς
2469 551 2525 607 δὲ
2551 553 2627 617 ὠς
2646 552 2781 617 Θεδς
2806 554 2874 608 τά
2907 553 3040 625 παρ’
3069 550 3271 626 ἀμφοῖν
3294 552 3528 627 ἱσόμενα
3569 558 3661 610 καὶ
3689 560 3780 608 τὶν

503 658 589 708 sa,
621 642 785 696 etiam
819 642 1034 696 beatum
1060 641 1351 696 Jeremiam
1381 645 1696 712 priusquam
1727 661 1849 700 eum
1881 648 2082 701 forma-

504 740 589 787 ret
620 732 672 784 in
713 740 896 792 utero,
927 732 1144 784 novisse
1179 746 1238 783 se
1301 731 1526 796 dit-iuet
1561 734 1959 801 sanctiﬁcasse,
1987 750 2082 789 an-

505 831 721 891 tequam
748 820 815 874 de
849 819 1005 872 vulva
1028 821 1203 874 exiret
1228 819 1296 875 “.
1372 821 1591 877 Sciebat
1624 823 1829 890 utique,
1879 827 2087 881 sciebat

501 924 626 962 eum
666 910 985 977 prepltetam
1013 908 1277 973 futurum,
1306 920 1353 965 et
1386 912 1452 964 ad
1501 911 1678 965 futura
1716 916 2084 981 praenuntian-

503 1000 569 1050 da
600 998 830 1065 legatum
857 998 1132 1054 idoneum.
1162 1002 1251 1054 Sic
1282 1013 1335 1056 et
1368 1017 1466 1056 nos
1501 1002 1646 1070 ipsos
1670 1005 1723 1057 in
1752 1005 1857 1059 [ide
1881 1005 2084 1072 justiti—

503 1099 654 1144 catos
700 1091 1027 1145 sanctiticari
1075 1092 1290 1146 divinus
1340 1093 1534 1149 Paulus
1590 1098 1788 1151 asserit
1825 1115 1839 1151 :
1879 1117 1898 1149 ι
1937 1097 2085 1164 Quos

504 1183 648 1235 enim
682 1183 970 1251 prwscivit,
1007 1183 1126 1237 illos
1152 1195 1206 1237 et
1234 1186 1639 1251 pratdestiuavit
1661 1188 1801 1242 Deus
1825 1196 1881 1242 et
1925 1188 2086 1243 Pater

502 1272 810 1325 conformes
834 1271 947 1324 ﬁeri
974 1272 1193 1342 imagini
1226 1272 1343 1327 Filii
1370 1275 1451 1327 sui
1474 1272 1539 1327 ⁸⁸.
1571 1292 1589 1323 ι
1617 1273 1842 1329 Eosdem
1863 1289 2085 1330 vocasse

501 1363 947 1417 etsanctiticasse
993 1362 1191 1417 ibidem
1248 1363 1467 1418 dicitur.
1549 1363 1738 1434 Itaque
1786 1363 2081 1421 secundum

502 1455 902 1525 praescienliam
931 1455 1127 1526 dignus
1161 1454 1451 1511 dilectione
1500 1455 1733 1511 habetur
1790 1454 1982 1519 Jacob.
2028 1465 2084 1513 et

503 1554 743 1599 meretur
775 1545 958 1599 odium
986 1546 1147 1601 Esau.
1177 1546 1356 1614 lnquit
1400 1544 1585 1617 igitur,
1613 1561 1648 1600 ο
1677 1545 1866 1611 Israel,
1922 1564 1946 1600 ι
1990 1547 2080 1602 Di-

502 1634 606 1688 lexi
640 1650 753 1688 vos.
791 1653 812 1687 ι
845 1635 953 1690 Nec
983 1636 1214 1690 mentiar
1236 1635 1345 1690 ulio
1387 1636 1583 1702 modo,
1614 1636 1657 1691 si
1717 1637 1793 1691 ita
1820 1638 1972 1695 vobis
1995 1639 2078 1693 di—

502 1739 622 1778 cam
657 1742 672 1779 :
707 1740 830 1778 nam
864 1734 923 1779 ut
960 1741 1044 1780 me
1084 1734 1230 1780 recta
1258 1735 1314 1779 et
1344 1739 1476 1779 vera
1530 1726 1677 1795 loqui
1713 1730 2078 1797 cognoscatis,

502 1816 570 1869 ad
600 1815 925 1885 principium
944 1817 1161 1885 generis
1201 1817 1417 1870 modum
1479 1816 1790 1875 dilectionis
1814 1821 2074 1878 reducite.

2185 645 2416 698 ἑκάστου
2464 645 2685 715 τρόπον,
2721 646 2942 716 ἀγάπης
2988 646 3137 716 ἠξίου
3184 647 3277 700 τὸν
3320 647 3532 717 ἀμείνω
3578 665 3635 701 τε
3685 660 3779 700 κιι

2184 735 2497 805 ἱερώτερον
2527 735 2780 804 καθάπερ
2824 735 3014 806 ἀμέλει
3061 735 3154 789 καὶ
3181 736 3274 789 τὸν
3306 736 3575 806 μακάριον
3612 737 3778 806 Ἰερεο

2188 827 2319 895 μίαν
2373 826 2503 895 πρὶν
2553 828 2611 879 ὲν
2665 825 2846 894 κοιλίᾳ
2892 825 3188 880 διαπλάσαι
3235 827 3400 897 φησὶν
3450 826 3776 893 ἐγνωκέναι.

2184 919 2413 985 ἁγιάσαι
2451 935 2510 971 τε
2548 917 2678 989 πρὶν
2705 916 2942 982 ἐξελθεῖν
2970 919 3035 971 ὲκ
3070 917 3467 989 μήτρα;.’ῌδει
3492 916 3621 989 γὰρ,
3657 917 3751 988 ᾔδε

2185 1010 2473 1081 προφήτην
2531 1010 2810 1079 ἐσόμενον,
2858 1012 2953 1064 καὶ
3023 1010 3343 1077 ἐπιτηδείως
3391 1010 3586 1081 ἔχοντα
3640 1010 3787 1081 πρὸς

2186 1100 2512 1171 ἀποστολὴν,
2540 1100 2639 1171 τὴν
2670 1100 2762 1153 ἐπὶ
2801 1100 2858 1153 τὸ
2899 1100 3009 1154 δεῖν
3052 1101 3161 1153 τῶν
3188 1100 3462 1170 ἐσομένων
3494 1098 3773 1152 ποιεῖσθαι

2185 1191 2286 1263 τὴν
2314 1191 2733 1264 προαγόρευσιν.
2763 1192 2919 1245 Οὕτω
2947 1192 3004 1246 δὲ
3037 1192 3133 1244 καὶ
3158 1192 3305 1262 ἡμᾶς
3329 1192 3525 1253 αὐτοὺς
3557 1191 3684 1252 τοὺς
3711 1191 3772 1242 ιν

2185 1284 2368 1337 πίστει
2414 1282 2871 1353 δεδικαιωμένους
2912 1283 3172 1354 ήγιᾶσθαί
3214 1299 3378 1352 φησιν
3416 1285 3443 1337 6
3483 1281 3772 1345 θεσπέσιος

2183 1373 2417 1438 Παῦλος.
2469 1393 2490 1426 ι
2514 1373 2622 1438 Οὓς
2657 1375 2768 1445 γὰρ
2794 1373 2954 1443 ἔγνω,
2986 1375 3079 1428 καὶ
3108 1373 3435 1449 προώρισεν,
3463 1376 3492 1427 6
3518 1374 3651 1435 Θεὸς
3678 1374 3774 1426 καὶ

2183 1469 2396 1540 Πατὴρ,
2425 1469 2782 1541 συμμόρφους
2827 1469 2929 1537 τῆς
2980 1469 3190 1531 εἰκόνος
3230 1468 3324 1521 τοῦ
3356 1467 3489 1520 Υἱοῦ
3518 1468 3705 1522 αὐτοῦ.
3749 1487 3768 1517 ο

2183 1558 2419 1622 Τούτους
2456 1558 2683 1612 καλέσαι
2735 1575 2796 1611 τε
2846 1559 2939 1611 καὶ
2992 1559 3217 1625 ἁγιάσαι
3269 1557 3508 1625 λέγεται.
3563 1556 3773 1610 Ούκοῦν

2181 1650 2325 1705 κατὰ
2356 1652 2668 1722 πρόγνωσιν
2701 1650 2926 1719 ἠξίωται
2959 1652 3058 1721 μὲν
3090 1650 3311 1719 ἀγάπης
3339 1651 3366 1702 6
3419 1648 3634 1710 Ἰακὼϐ,
3677 1667 3772 1719 με·

2185 1740 2407 1812 μίσηται
2432 1741 2488 1794 δὲ
2512 1740 2739 1803 δικαίως
2766 1743 2796 1794 6
2837 1742 2898 1793 Ἦ
2910 1737 3108 1794 σαῦ.Ὧ
3135 1741 3331 1803 τοίνυν,
3359 1740 3512 1808 φησὶ,
3530 1741 3769 1812 Ἰσραὴλ,

2185 1850 2206 1884 t
2251 1833 2553 1903 Ἠγάπησα.
2589 1832 2690 1901 μὲν
2735 1833 2898 1902 ὑμᾶς.
2951 1852 2968 1882 ι
3006 1832 3497 1902 Ψευδομυθήσαιμι
3546 1833 3656 1901 γὰρ
3707 1833 3773 1886 ἂν

500 1906 676 1960 Ambo
701 1906 843 1960 enim
880 1916 999 1959 satu
1040 1904 1209 1960 lsaaci
1274 1917 1435 1961 erant
1471 1908 1642 1965 editi:
1685 1924 1872 1965 verum
1916 1910 2079 1967 Jacob

2185 1920 2461 1990 οὐδαμῶς,
2492 1925 2539 1974 εί
2589 1922 2747 1975 τοῦτο
2798 1922 3011 1991 λέγοιμι
3052 1922 3183 1992 πρὸς
3231 1924 3377 1992 ὑμᾶς
3404 1938 3418 1953 ·
3450 1921 3664 1975 εἴσεσθε
3714 1922 3772 1974 δὲ

499 1999 608 2051 vita
641 1998 833 2063 bonus,
874 2009 929 2053 et
964 2014 1152 2053 amans
1191 1999 1322 2064 Dei;
1360 1999 1499 2055 alter
1535 2003 1879 2071 prtel‘ractus,
1910 2013 1964 2058 et
1995 2006 2080 2059 in-

502 2086 820 2152 tractabilis,
855 2096 910 2142 et
932 2088 997 2142 ad
1021 2088 1232 2156 piacula
1266 2105 1370 2143 non
1397 2090 1713 2160 imparatus.
1736 2092 2084 2163 Quapropter

499 2176 752 2233 inclinavi
808 2178 862 2231 in
890 2175 1082 2243 Iacob,
1113 2189 1168 2233 et
1196 2179 1561 2236 haereditatem
1592 2182 1731 2236 Esau
1765 2185 2080 2240 attributam

500 2268 1035 2339 vastavi,ipsamque
1062 2270 1115 2324 in
1140 2271 1532 2328 desolationem
1579 2273 1724 2330 dedi.
1777 2273 2078 2331 Haercdita-

499 2367 610 2412 tem
642 2372 771 2413 vero
796 2355 967 2414 Jacob
1002 2359 1199 2432 collegi
1240 2361 1577 2432 indulgentia
1626 2378 1763 2430 mea,
1829 2366 1930 2419 boc
1997 2378 2082 2422 est

498 2462 616 2514 vos,
645 2448 763 2502 sive
793 2448 1076 2518 regionem
1098 2464 1257 2519 quam
1289 2452 1545 2508 incolitis.
1599 2453 1889 2511 Sciendum
1917 2472 2081 2526 porro

497 2537 641 2591 Esau
667 2537 985 2592 vocabulum
1020 2540 1214 2607 οη)οηί
1258 2538 1446 2594 Latine
1468 2557 1735 2612 quercus:
1790 2543 1954 2619 821
1981 2542 2081 2598 fuit

491 2641 642 2679 cntm
669 2627 861 2689 durus.
888 2637 946 2685 et
971 2628 1277 2686 inﬂexibilis
1301 2632 1473 2686 instar
1492 2631 1644 2689 durae
1665 2648 1923 2703 quercus.
1943 2634 2078 2703 Quia

500 2728 681 2775 autent
712 2731 932 2792 propter
975 2739 1139 2778 unam
1170 2739 1351 2780 escam
1382 2726 1628 2784 vendidit
1658 2729 1931 2800 primitiva
1958 2746 2077 2797 sua,

496 2810 796 2880 appellatus
826 2822 911 2868 est
932 2814 1063 2869 item
1087 2813 1287 2887 Edam,
1321 2821 1466 2888 quod
1491 2830 1649 2875 sonat
1672 2828 1931 2875 terrenus.
1972 2821 2081 2878 Un-

497 2902 567 2957 de
592 2912 645 2958 et
667 2903 943 2974 regionem
974 2916 1311 2974 posterorum
1358 2908 1500 2964 Esau
1522 2907 1809 2965 ldumteam
1834 2912 2079 2966 nomina-

499 3001 608 3047 tam
640 3008 799 3049 sacra
818 2992 1103 3065 Scriptura
1132 3004 1367 3054 testatur
1389 2998 1458 3064 ⁸⁷,
1541 3015 1708 3069 quam
1794 3001 2077 3058 subactam

496 3085 786 3154 aliquando
844 3084 1012 3145 Judaei
1065 3088 1359 3146 desolatam
1422 3100 1478 3146 et
1518 3092 1794 3149 desertam
1859 3095 2078 3163 penitus

2187 2013 2412 2083 μᾶλλον,
2438 2013 2512 2076 ὡς
2534 2013 2681 2067 ἔστιν
2705 2013 2864 2084 ὀρθός
2891 2031 2944 2066 τε
2975 2015 3069 2068 καὶ
3088 2014 3294 2083 ἀληθὴς
3323 2015 3349 2066 6
3373 2013 3553 2081 λόγος,
3579 2013 3772 2083 είςτὴν

2183 2101 2277 2156 τοῦ
2306 2104 2496 2172 γένους
2529 2103 2703 2175 ἀρχὴν
2747 2104 3114 2175 ἀναφέροντες
3142 2106 3238 2173 τῆς
3273 2104 3496 2174 ἀγάπης
3525 2104 3617 2157 τὸν
3642 2104 3772 2175 τρό-

2183 2195 2516 2264 πον.”Αμφω
2550 2196 2648 2265 μὲν
2676 2195 2783 2266 γὰρ
2810 2197 2980 2266 ἤστην
3013 2195 3068 2261 ἐξ
3085 2197 3271 2250 Ἰσαάκ
3296 2212 3309 2227 ⁸
3341 2196 3454 2249 ἀλλ’
3473 2193 3541 2267 ἦν
3568 2197 3774 2265 ἀγαθὸς

2181 2284 2304 2349 τους
2336 2286 2572 2355 τρόπους
2600 2286 2694 2340 καὶ
2719 2286 2965 2354 φιλόθεος
2990 2287 3019 2338 6
3048 2285 3241 2340 Ἰακὼϐ
3262 2329 3275 2347 ,
3307 2288 3335 2340 ὃ
3361 2304 3425 2355 γε
3459 2286 3564 2357 μὴν
3583 2286 3773 2354 ἔτερος

2184 2377 2443 2448 σκληρὸς,
2468 2379 2563 2431 καὶ
2592 2378 2944 2448 δυσάντητος,
2980 2379 3075 2431 καὶ
3098 2378 3314 2449 ἕτοιμος
3342 2380 3423 2443 είς
3448 2378 3769 2449 βεϐήλωσιν.

2182 2469 2454 2541 Ταύτῃτοι
2482 2470 2854 2540 προσνένευγα
2883 2470 2963 2540 τῷ
2999 2469 3217 2533 Ἰακὼϐ,
3248 2472 3343 2524 καὶ
3371 2471 3462 2524 τὸν
3490 2473 3591 2540 μὲν
3616 2463 3772 2524 ἐκνε-

2176 2555 2429 2626 μηθέντα
2482 2557 2560 2628 τῷ
2594 2558 2769 2611 Ἠσαῦ
2827 2558 3176 2627 κατηφόνισα
3228 2559 3451 2630 κλῆρον,
3488 2559 3664 2613 ἐδωκά
3712 2577 3772 2613 τε

2176 2648 2343 2701 αὐτὸν
2368 2649 2446 2711 εἰς
2480 2650 2757 2718 ἐρήμωσιν
2775 2664 2789 2679 '
2819 2650 3239 2720 συγκεκρότηκα
3262 2650 3320 2704 δὲ
3346 2654 3414 2722 τῇ
3454 2654 3583 2722 παρ’
3602 2652 3774 2721 ἐμαυ-

2174 2736 2275 2790 σοῢ
2328 2737 2501 2805 φειδοῖ
2540 2739 2633 2791 τὸν
2685 2738 2779 2791 τοῦ
2824 2739 3041 2803 Ἰακὼϐ,
3083 2740 3361 2795 τουτέστιν
3403 2744 3569 2813 ὑμᾶς,
3601 2743 3773 2813 ἤγουν

2178 2825 2281 2895 τὴν
2309 2824 2512 2897 χώραν.
2537 2828 2603 2895 ἥν
2633 2829 3013 2899 κατῳκήκατε.
3033 2829 3226 2884 Ἰστέον
3258 2830 3336 2896 δὲ,
3364 2833 3447 2885 ὅτι
3473 2831 3779 2902 ἑρμηνεύε-

2178 2935 2270 2972 ται
2311 2919 2410 2989 μὲν
2442 2918 2608 2988 δρῦς,
2651 2919 2887 2990 σκληρὸς
2918 2921 2974 2973 δὲ
3001 2921 3097 2974 καὶ
3127 2922 3411 2992 ἁκαμπὴς,
3445 2922 3674 2986 καὶτοῖς
3707 2924 3779 2977 ὲκ

2176 3008 2338 3080 δρυὸς
2368 3009 2545 3077 ξύλοις
2581 3010 2761 3079 ὀλίγον
2790 3012 3139 3082 παραχωρῶν
3177 3015 3205 3066 6
3238 3013 3431 3067 Ἠσαῦ.
3471 3014 3777 3083 Ἀπεμπωο

2179 3098 2352 3170 λήσας
2395 3100 2454 3155 δὲ
2485 3101 2582 3154 καὶ
2615 3101 2685 3154 τά
2733 3103 3078 3173 πρωτοτόκια
3110 3102 3364 3175 βρώσεως
3400 3103 3586 3158 ἕνεκεν
3616 3105 3775 3172 μιᾶς,

497 3176 873 3231 reddiderunt.
909 3176 1048 3245 Quid
1077 3188 1257 3234 autem
1291 3180 1574 3248 prophetia
1612 3180 1872 3237 lsruelitis
1930 3185 2077 3241 iudi-

2181 3190 2496 3263 ὠνόμασται
2539 3190 2604 3262 δὴ
2636 3192 2731 3248 καὶ
2776 3191 2977 3263 Ἐδὼμ,
3008 3194 3037 3247 ὃ
3078 3194 3195 3247 ἐστι
3242 3193 3470 3262 Meroe.
3501 3194 3776 3265 Ταύτῃτοι

498 3268 617 3329 cat?
646 3267 800 3336 Illud,
824 3269 1018 3339 opinor
1046 3286 1060 3322 :
1093 3268 1263 3327 Jacob
1295 3286 1354 3326 se
1394 3270 1652 3333 dilexisse
1681 3273 1775 3338 ait,
1824 3289 1927 3332 nec
1970 3276 2078 3331 alia

2181 3260 2619 3353 καὶ-Ἰδουμαίαν
2646 3260 2947 3353 κεκλῆσθαί
2979 3301 3113 3354 φησι
3141 3284 3200 3338 τὸ
3236 3260 3476 3357 Γράμμα
3509 3286 3571 3339 τὸ
3601 3260 3774 3355 ἱερὸν,

499 3360 565 3413 de
589 3374 774 3426 causa,
810 3360 916 3415 nisi
950 3360 1075 3430 quia
1107 3360 1324 3416 eratvir
1358 3379 1379 3414 ι
1411 3362 1665 3431 simplex,
1688 3363 1946 3420 habitans
1982 3367 2083 3421 do-

499 3466 644 3505 mum
679 3449 771 3506 “z
811 3469 829 3504 ι
868 3452 1050 3507 odisse
1097 3460 1280 3508 autem
1317 3450 1483 3517 Esau,
1538 3463 1659 3508 erat
1708 3457 1877 3525 enim,
1923 3456 2079 3525 juxta

499 3540 713 3600 beatum
743 3542 964 3600 Paulum
996 3542 1082 3608 δ’,
1132 3551 1378 3600 terrenus
1428 3557 1485 3598 et
1535 3543 1817 3614 profanus.
1871 3548 2076 3614 Quatu-

501 3638 688 3694 obrem
715 3635 931 3693 Judreos
960 3637 1262 3708 intelligere
1293 3638 1576 3706 oportebat
1619 3654 1723 3694 non
1756 3639 1924 3697 fuisse
1946 3659 2073 3713 pas--

497 3744 656 3785 suros
690 3729 1104 3795 desolationem,
1138 3744 1237 3783 nec
1262 3743 1291 3784 e
1323 3729 1498 3800 patria
1522 3730 1589 3784 ad
1611 3730 1944 3801 alienigenas
1974 3736 2077 3790 mi-

491 3821 819 3894 grationem,
856 3823 899 3877 si
931 3821 1099 3878 Iacob
1146 3822 1467 3880 imitandum
1494 3824 1598 3881 sibi
1645 3829 2075 3895 proposuissent.

496 3914 762 3982 Quoniam
794 3924 976 3971 autem
1005 3915 1147 3972 Esau
1178 3931 1358 3973 mores
1385 3917 1712 3988 exprimere,
1743 3930 1798 3975 et
1854 3936 1951 3990 per
1984 3937 2078 3978 re-

494 4006 656 4077 stigia
694 4006 936 4062 stultitiae
960 4005 1109 4063 illius
1138 4007 1392 4064 incedere
1446 4007 1777 4073 maluerunt,
1834 4010 2081 4066 hostibus

493 4109 680 4168 postea
705 4098 888 4154 traditi
921 4106 1069 4154 sunt.

2176 3371 2287 3427 τῶν
2316 3371 2379 3439 ἐξ
2419 3372 2592 3427 Ἦσαῦ
2618 3373 2919 3443 γεγονότων
2948 3373 3046 3445 τὴν
3077 3373 3281 3445 χώραν,
3314 3376 3380 3442 ὴν
3405 3375 3776 3447 ἐχειρώσαντο

2176 3461 2322 3515 κατὰ
2350 3462 2579 3532 καιροὺς
2623 3462 2893 3527 Ἰουδαῖοι,
2927 3462 3127 3517 ἄϐατόν
3159 3481 3219 3517 τε
3254 3462 3348 3527 καὶ
3377 3465 3632 3538 ἀοίκητον
3664 3468 3779 3520 ἀπ-

2175 3551 2383 3623 έφηναν
2420 3553 2721 3618 παντελῶς.
2749 3554 2860 3608 Καὶ
2887 3554 2940 3607 τί
2974 3554 3040 3609 ἂν
3069 3555 3311 3625 βούλοιτο
3335 3556 3529 3629 δηλοῦν
3565 3559 3679 3622 τοῖς
3709 3558 3776 3623 ἐξ

2186 3642 2405 3714 Ἰσραὴλ
2424 3642 2525 3713 τῆς
2558 3644 2899 3715 προφητείας
2926 3647 2955 3700 ὁ
2981 3644 3105 3708 νοῦς
3127 3662 3143 3711 ;
3182 3647 3414 3712 Ἐκεῖνο,
3441 3642 3593 3716 οἶμαί
3615 3664 3721 3701 που
3754 3664 3772 3679 ·

2177 3735 2268 3791 τὸν
2307 3735 2409 3808 μὲν
2443 3734 2552 3807 γὰρ
2594 3736 2787 3790 Ἰακὼϐ
2826 3737 3114 3808 ἀγαπῆσαί
3144 3756 3298 3808 φησι,
3334 3738 3426 3792 καὶ
3452 3738 3552 3810 οὐχ
3574 3739 3772 3811 ἑτέρου

2178 3826 2412 3900 χάριν,ἢ
2437 3829 2522 3883 ὅτι
2548 3827 2770 3898 γέγονεν
2804 3829 2944 3903 ἀνὴρ
2977 3848 2996 3882 r
3019 3829 3315 3895 ἄπλαστος,
3335 3829 3498 3884 οίκῶν
3518 3830 3696 3884 οἰκίαν
3717 3848 3732 3861 σ
3749 3851 3770 3883 ι

2183 3919 2549 3989 μεμισηκέναι
2580 3918 2638 3973 δὲ
2671 3919 2764 3974 τὸν
2792 3917 2990 3974 Ἡσαῦ·
3025 3920 3215 3989 γέγονε
3241 3920 3349 3991 γάρ
3381 3920 3568 3992 γήῖνός
3594 3937 3655 3974 τε
3676 3923 3780 3975 καὶ

2184 4008 2446 4080 βέϐηλοςι
2464 4009 2606 4064 κατὰ
2633 4010 2733 4082 τὴν
2766 4010 2860 4065 τοῦ
2900 4011 3173 4082 μακαρίου
3208 4010 3423 4065 Παύλου
3452 4004 3777 4082 φωνήν.Ἧν

2182 4098 2277 4156 οὖν
2323 4102 2621 4171 ἀναγκαῖον
2672 4104 2873 4158 εἰδέναι
2922 4102 3050 4166 τοὺς
3091 4101 3397 4167 Ἰουδαίους,
3433 4103 3508 4167 ὡς
3554 4102 3656 4156 οὐκ
3705 4100 3779 4157 ἂν

497 4191 698 4265 συνέϐη
728 4192 923 4249 παθεῖν
955 4193 1155 4257 αὐτοὺς
1181 4191 1283 4264 τὴν
1312 4193 1733 4267 ἰρήμωσιν.καὶ
1760 4193 1861 4268 τὴν
1917 4193 1985 4250 ὲκ
2049 4194 2150 4266 τῆς
2184 4191 2517 4265 ἐνεγκούσης
2567 4196 2702 4267 πρὸς
2761 4196 2887 4258 τοὺς
2939 4193 3273 4264 ἀλλοφύλους
3322 4193 3669 4266 ἀποδρομὴν,
3725 4197 3779 4249 εί

492 4286 839 4358 ὲμεμίμηντο
894 4286 986 4343 τὸν
1039 4285 1254 4342 Ἰακώϐ.
1313 4287 1531 4361 Ἐπειδὴ
1580 4289 1640 4344 δὲ
1692 4288 1932 4361 ζηλωταὶ
1989 4290 2082 4343 καὶ
2118 4291 2413 4363 ὁμότροποι
2442 4291 2701 4361 γεγόνασι
2732 4290 2809 4360 τῷ
2837 4289 3032 4354 Ἡσαῦ,
3060 4289 3153 4343 καὶ
3208 4289 3311 4360 τῆς
3354 4287 3565 4343 ἐκείνου
3592 4290 3781 4344 σκαιό-

492 4398 653 4452 τητος
677 4380 846 4445 εόντες
873 4381 993 4436 κατ’
1019 4380 1164 4452 ἴχνος
1187 4383 1606 4454 κατεφωρῶντο,
1627 4384 1813 4439 λοιπὸν
1836 4384 2077 4439 δέδονται
2114 4388 2228 4451 τοῖς
2252 4386 2489 4458 ἐχθροῖς.

563 4475 717 4542 Quod
735 4475 777 4530 si
804 4476 925 4545 quis
954 4476 1098 4530 dicta
1126 4475 1485 4543 spiritualiter
1519 4479 1885 4561 considerare
1930 4480 2066 4544 vult,

2248 4480 2313 4532 Ei
2341 4478 2397 4531 δὲ
2431 4478 2494 4550 δή
2542 4495 2627 4541 τις
2657 4476 2901 4547 βούλοιτο
2946 4477 3042 4532 καὶ
3072 4478 3445 4548 πνευματικὴν
3478 4479 3592 4544 τοῖς
3618 4479 3776 4550 εἰρη-

494 4577 646 4635 certo
679 4567 817 4622 sciat
846 4565 1016 4622 Jueob
1069 4568 1218 4622 reddi
1274 4569 1668 4639 supplautator,
1726 4584 1792 4624 ac
1850 4568 2080 4638 proinde

493 4656 788 4725 cujuslibet
830 4667 1107 4724 peccatum
1135 4658 1703 4729 supplantantistypus
1729 4674 1852 4715 esse
1881 4660 2076 4729 possit.

495 4749 633 4815 Esau
670 4758 848 4804 autem
871 4765 1116 4818 quercus,
1147 4759 1206 4807 ut
1232 4752 1367 4819 dixi,
1395 4761 1448 4807 et
1477 4752 1643 4807 Edent
1693 4761 1956 4819 terrenus,
1985 4751 2076 4822 qui

493 4849 549 4897 et
600 4838 714 4909 ipse
743 4837 981 4907 cujusvis
1027 4840 1139 4896 sola
1207 4852 1422 4901 terrena
1468 4842 1765 4911 cogitantis
1812 4854 1995 4916 typum
2026 4854 2083 4900 et

494 4932 786 4999 imaginem
817 4931 977 5001 gerit.
1007 4932 1190 5006 Diligit
1203 4951 1336 5006 ergo
1366 4934 1831 5005 supplautatorem
1887 4935 2079 5000 Jacob,

495 5023 638 5081 Esau
696 5031 871 5077 autem
906 5025 1239 5094 pertinacem
1289 5035 1344 5081 et
1400 5039 1675 5094 asperum,
1732 5026 1847 5081 sive
1882 5026 2076 5091 Edam,

493 5113 598 5168 ltoc
625 5118 729 5178 est,
755 5112 1314 5179 terrenisallkum,et
1340 5114 1432 5184 qui
1466 5123 1812 5184 temporanea
1849 5132 1914 5171 ac
1948 5131 2076 5184 pcr-

492 5204 675 5260 euntia
729 5205 1101 5274 spiritualibus
1144 5204 1302 5262 bonis
1353 5205 1516 5261 stulte
1558 5209 1889 5276 anteposuit,
1954 5209 2081 5263 odio

494 5300 959 5368 proscquitur.lta
984 5298 1266 5355 solitorum
1315 5296 1500 5351 vivere
1552 5299 1924 5355 ltmreditatem
1975 5302 2084 5354 ἀίει-ν

494 5388 692 5456 sipabit
731 5390 870 5446 Deus
908 5397 1119 5451 noster,
1151 5386 1243 5457 qui
1266 5386 1519 5443 virtutem
1552 5390 1746 5458 diligit.
1777 5389 1892 5445 Non
1935 5390 2081 5444 enim

497 5475 808 5534 ﬁrmitatem
838 5494 938 5537 nee
964 5486 1164 5537 statum
1189 5478 1575 5534 inconcussum
1603 5480 1800 5534 habent
1833 5495 1919 5534 res
1969 5489 2070 5535 ter-

496 5569 921 5627 rente.Casuras
963 5578 1141 5627 autem
1195 5568 1433 5637 penitus,
1486 5577 1740 5638 tanquam
1796 5570 1849 5623 in
1912 5570 2079 5639 ﬁgura

498 5657 856 5721 ldumzcorum
884 5658 1170 5715 brereditas
1221 5658 1462 5717 desolata
1507 5675 1727 5731 prorsus
1763 5663 2079 5718 declarabit.

2188 4568 2369 4640 μένοις
2402 4567 2716 4638 ἐφαρμόσαι
2759 4569 2860 4637 τὴν
2908 4566 3161 4636 θεωρίαν,
3200 4567 3518 4621 διανοείσθω
3557 4569 3773 4639 σαφῶς,

2183 4660 2260 4723 ὡς
2280 4662 2309 4715 6
2336 4660 2435 4730 μὲν
2469 4657 2663 4713 Ἰακὼϐ
2696 4657 3060 4729 ἑρμηνεύεται
3089 4658 3455 4728 πτερνιστής
3473 4674 3488 4688 ’
3518 4658 3687 4722 τύπος
3715 4660 3781 4714 δ’

2187 4752 2253 4807 ἀν
2296 4752 2382 4822 εἴη
2413 4750 2611 4813 παντὸς
2638 4749 2734 4803 τοῦ
2767 4752 3143 4820 πτερνίζοντος
3173 4749 3658 4822 ἀμαρτίας.Ἢσαῦ
3689 4751 3776 4817 δὲ,

2174 4842 2259 4908 de;
2284 4843 2441 4913 ἔφην,
2470 4844 2639 4912 δρῦς.
2696 4843 2791 4897 καλ⁵
2822 4842 3004 4913 μέντοι
3030 4842 3238 4912 Trin-oc
3267 4843 3295 4896 6
3346 4842 3524 4914 Ἐδώμ
3548 4861 3561 4874 ·
3602 4842 3782 4908 τύπος

2178 4933 2223 4987 δ’
2259 4932 2327 4989 ἂν
2358 4935 2445 5001 εἴη
2496 4931 2590 4986 καὶ
2636 4926 2790 4994 οὗτος
2825 4932 3025 4997 παντὸς
3053 4932 3150 4987 τοῦ
3175 4934 3315 5004 μόνα
3352 4932 3677 5005 φρονοῦντος
3715 4954 3774 4986 -:.

2173 5025 2272 5078 ἐπὶ
2304 5025 2403 5094 τῆς
2442 5024 2564 5092 γῆς.
2585 5024 2803 5093 ’Λγαπᾷ
2853 5023 3033 5076 τοίνυν
3081 5024 3110 5077 6
3158 5023 3289 5088 Θεὸς
3322 5024 3414 5078 τὸν
3443 5024 3769 5094 πτερνιστὴ-

2190 5113 2407 5175 Ἰακὼϐ,
2467 5112 2741 5185 μεμίσηκε
2791 5112 2849 5166 δὲ
2898 5113 2992 5166 τὸν
3031 5113 3199 5168 Ἠσαῦ
3252 5115 3342 5169 τὸν
3394 5113 3630 5185 ἀκαμπῆ
3689 5117 3787 5167 καὶ

2180 5202 2437 5274 σκληρὸν,
2467 5203 2588 5273 ἦτοι
2629 5203 2722 5255 τὸν
2767 5202 2965 5272 Ἐδὼμ,
3000 5203 3272 5266 τουτέστι,
3303 5203 3395 5258 τὸν
3418 5205 3532 5267 τοῖς
3564 5203 3786 5273 γηῖνοις

2183 5297 2638 5366 προσνενευκότα,
2690 5296 2786 5350 καὶ
2836 5295 2946 5349 τῶν
2994 5297 3382 5366 πνευματικῶν
3429 5296 3651 5366 ἀγαθῶν
3711 5297 3787 5348 τὰ

2182 5387 2495 5457 πρόσκαιρά
2522 5404 2582 5439 τε
2613 5386 2709 5440 καὶ
2739 5386 3089 5458 ἀπολλύμενα
3123 5387 3417 5459 φληνάφως
3456 5388 3777 5459 ἀνθῃρημέ-

2183 5493 2294 5531 νον.
2327 5476 2448 5531 Τῶν
2495 5476 2640 5531 οὓτω
2687 5476 2786 5547 ζῇν
2836 5479 3107 5532 εἰωθότων
3146 5482 3369 5549 ἀφανιεῖ
3396 5480 3489 5534 τὸν
3517 5479 3720 5549 κλῆρον
3744 5480 3779 5531 ὁ

2185 5568 2474 5641 φιλᾲρετος
2509 5570 2667 5640 ήμῶν
2696 5570 2848 5633 Θεός.
2883 5573 2957 5625 Οὐ
2992 5572 3102 5643 γάρ
3131 5591 3213 5626 τοι
3240 5573 3435 5642 βέϐαια
3468 5574 3533 5626 τὰ
3560 5574 3654 5628 ἐπὶ
3672 5572 3778 5639 τῆς

2185 5660 2306 5728 γῆς,
2344 5658 2468 5713 οὗτε
2507 5660 2612 5732 μὴν
2660 5659 2957 5729 ἀκλόνητον
3011 5661 3125 5732 ἔχει
3185 5663 3283 5732 τὴν
3332 5663 3672 5717 στάσιν.”οτι
3714 5660 3775 5714 δὲ

574 5833 619 5865 δ’
651 5830 849 5886 Jcrcm.
879 5851 915 5899 ι,
952 5835 1005 5889 5.
1087 5834 1129 5866 ⁸⁸
1163 5833 1316 5887 Rom.
1354 5849 1470 5902 Vm,
1680 5838 1720 5870 ⁵⁷
1753 5838 1886 5895 Gen.
1928 5856 2079 5895 sxw

2181 5839 2232 5893 ὅ.
2314 5838 2357 5870 ⁴⁸
2393 5837 2528 5893 Gen.
2566 5855 2692 5906 xw,
2725 5839 2815 5894 97.
2897 5841 2940 5871 ⁸³
2974 5838 3137 5894 ιιιιιπ.
3165 5854 3262 5907 xtl,
3298 5841 3376 5895 l6.
