4098 6474
254 437 388 496 ’285
1092 435 1652 496 COMMENTARIUS
1692 436 1756 493 IN
1799 434 2211 495 MALACHIAM
2253 433 2704 495 I’ROPHETAM.
3472 437 3582 496 9.86

276 552 531 606 πεσεῖται
566 549 806 615 πάντως,
838 551 911 615 ὠς
964 551 1023 605 ἐν
1074 551 1232 623 τύπῳ
1280 555 1536 622 σαφηνιεῖ
1564 551 1671 605 τῶν
1714 551 1872 604 Ἰδου-

1988 552 2080 605 Ast
2109 551 2201 622 qui
2236 551 2343 605 Deo
2372 550 2630 614 adhaeret,
2670 566 2765 621 spe
2806 559 2956 607 certa
2985 560 3038 607 et
3061 550 3213 606 arma
3244 552 3581 606 sustentabi-

277 646 461 716 μαίων
489 646 518 698 6
548 643 752 718 κλῆρος
779 645 1012 699 εἰσάπαν
1040 644 1428 717 ὴρημωμένος.
1466 644 1605 698 Ἀλλ’
1638 646 1733 714 ὅγε
1758 641 1877 714 Θεῷ

1988 652 2091 707 tur,
2119 653 2172 696 et
2205 644 2467 698 bonorum
2498 643 2738 715 largitori
2762 643 3090 701 acclamabit
3122 661 3135 699 :
3171 661 3189 695 ι
3228 643 3286 700 In
3304 658 3463 698 manu
3492 652 3581 698 tua

273 737 707 811 προσκείμενος,
768 736 989 807 ἀσφαλῆ
1022 736 1116 791 καὶ
1165 736 1569 809 ἐρηρεισμένην
1617 735 1729 802 ἕξει
1776 735 1877 805 τὴν

1988 745 2161 791 sortes
2197 750 2327 789 mea:
2357 735 2425 793 ⁸ο,
2459 754 2477 786 ι

273 829 494 895 ἐλπίδα,
516 830 617 884 καὶ
637 827 717 901 τῷ
738 829 850 884 τῶν
878 828 1103 898 ἀγαθῶν
1127 829 1314 902 δοτῆρι
1340 828 1460 899 Θεῷ
1488 827 1876 901 προσφωνήσει

274 923 453 992 λέγων
473 939 489 954 ο
534 943 555 976 ι
577 923 666 978 Ἐν
699 925 821 987 ταῖς
854 922 1011 994 χερσί
1042 940 1138 977 σου
1164 923 1216 976 oi.
1242 921 1431 994 κλῆροί
1464 940 1588 994 μου.
1625 939 1645 973 ι

347 1013 509 1076 Διότι
534 1013 676 1085 ἐρεῖ·
713 1015 775 1071 Ἡ
807 1014 1111 1085 Ἰδουμαία
1139 1013 1601 1083 κατέστραπται,
1624 1011 1725 1067 καὶ
1753 1011 1881 1066 ἐπι-

279 1105 655 1177 στρέφωμεν,
695 1105 800 1161 καὶ
835 1105 1412 1177 ἀνοικοδομήσωμεν
1450 1106 1559 1171 τὰς
1594 1104 1875 1174 ἐρήμους.

2059 1028 2221 1084 Vens.
2247 1028 2301 1083 4.
2328 1027 2470 1095 Quia
2500 1028 2659 1094 dicet,
2692 1028 2935 1084 Idumam
2970 1028 3217 1083 subversa
3249 1036 3350 1094 est,
3417 1037 3465 1081 et
3500 1041 3584 1079 re-

1985 1132 2269 1187 vertamur,
2292 1132 2340 1177 et
2379 1123 2755 1190 retrdiﬁcemus
2786 1122 3015 1177 deserta.
3046 1121 3175 1177 Hcce
3200 1121 3329 1175 dicit
3390 1119 3580 1174 Domi-

283 1196 433 1253 Τάδε
468 1197 635 1269 λέγει
669 1199 886 1268 Κύριος
918 1195 1342 1267 παντοκράτωρ
1361 1211 1378 1227 ⁸
1416 1195 1601 1252 Αὐτοὶ
1648 1194 1878 1251 οίκοδο-

270 1291 576 1363 μήσουσι,
607 1292 709 1349 καὶ
747 1293 864 1365 ἐγὼ
889 1293 1287 1363 κατασετρέψω
1310 1307 1325 1323 ·
1353 1292 1452 1347 καὶ
1476 1290 1881 1359 ἑπικληθήσε-

276 1402 374 1458 ται
414 1387 624 1455 αὐτοῖς
666 1388 799 1458 ὅρια
835 1387 1112 1457 ἀνομίας,
1147 1386 1248 1442 καί
1293 1384 1443 1457 λαὸς
1470 1384 1563 1455 ἐφ’
1588 1384 1661 1439 ὃν
1688 1398 1879 1456 παρα-

274 1481 559 1533 τέτακται
586 1478 805 1548 Κύριος
836 1478 949 1545 ἓως
976 1477 1214 1545 αἰῶνος.

349 1568 431 1624 Ε’.
475 1569 759 1642 Δυσχερὴς
812 1570 913 1642 μὲν
950 1569 1073 1626 λίαν
1117 1573 1150 1642 ή
1207 1570 1311 1642 τῆς
1359 1568 1563 1645 λέξεως
1611 1567 1878 1639 συνθήκη,

1988 1232 2083 1270 nus
2110 1216 2431 1283 omnipotens
2462 1231 2482 1271 :
2519 1214 2631 1285 Ipsi
2657 1216 3021 1283 wdiﬁcabunt,
3061 1224 3109 1270 et
3136 1232 3230 1287 ego
3276 1215 3580 1278 destruant;

1985 1317 2033 1361 et
2084 1308 2404 1363 vocabuntur
2450 1309 2523 1364 eis
2569 1309 2779 1365 termini
2822 1308 3143 1379 iniquitatis,
3220 1315 3272 1361 et
3348 1304 3575 1376 populus

1985 1415 2144 1470 super
2188 1414 2340 1469 quem
2386 1408 2630 1455 extensus
2664 1407 2743 1455 est
2794 1398 3055 1455 Dominus
3104 1413 3266 1471 usque
3310 1398 3367 1453 in
3430 1407 3581 1453 teter-

1988 1507 2135 1547 mtm.
2489 1553 2491 1555 1

2064 1581 2126 1638 V.
2162 1582 2499 1641 Perdidicilis
2531 1591 2616 1640 est
2641 1584 2933 1640 verborum
2956 1590 3269 1648 contextus,
3306 1580 3424 1637 sive
3449 1595 3584 1637 con-

274 1662 422 1736 πλὴν
468 1664 569 1718 οὐκ
608 1664 812 1729 ἄτοπος
842 1664 954 1718 τῶν
985 1664 1365 1735 προκειμένων
1408 1665 1438 1718 6
1477 1662 1624 1726 νοῦς.
1660 1661 1883 1717 Δέδωκα

1989 1677 2149 1733 nexio
2175 1694 2189 1731 :
2219 1686 2592 1733 verumtamen
2621 1675 2893 1733 sententia
2921 1674 3170 1745 subjecta
3230 1687 3338 1728 non
3395 1673 3584 1729 incon-

277 1755 382 1845 μὲν
431 1754 543 1826 γὰρ
596 1753 730 1824 ἐγὼ,
781 1754 981 1825 φησὶν,
1029 1753 1124 1811 τοῦ
1165 1754 1340 1810 Ἡσαῦ
1390 1754 1751 1826 κληρονομίαν
1801 1752 1882 1818 είς

1989 1769 2232 1824 veniens.
2264 1768 2448 1840 Inquit
2469 1769 2641 1834 enim,
2671 1767 2805 1824 Dedi
2843 1766 3066 1837 quidem
3089 1766 3257 1839 822
3283 1780 3384 1837 ego
3411 1768 3585 1820 ἣξει-οι

272 1848 593 1923 ᾁςξανισμὺν
626 1849 721 1901 καὶ
775 1849 858 1911 εἰς
901 1847 1205 1920 ἐρήμωσιν,
1243 1847 1397 1920 ὑμῶν
1437 1846 1547 1901 τῶν
1584 1847 1643 1915 ἐξ
1686 1844 1881 1900 Ἰακὼό

1989 1862 2213 1917 ditatem
2246 1861 2385 1916 Esau
2411 1863 2463 1918 in
2487 1860 2900 1926 desolationem,
2939 1861 2992 1914 in
3029 1858 3398 1921 solitudinem,
3426 1872 3454 1911 a
3487 1870 3584 1911 vo-

273 1936 803 2011 ἐκπεπορθηκότων.
822 1938 969 2009 Ἐρεῖ
993 1939 1050 1993 δὲ
1087 1939 1219 2005 ἴσως
1258 1942 1287 1994 6
1326 1940 1621 2011 Ἰδουμαῖος
1640 1955 1654 1970 ·
1687 1939 1753 1993 Εἰ
1782 1938 1877 1992 καὶ

1988 1953 2061 2009 bis
2086 1969 2150 2009 ex
2179 1951 2347 2010 Jaeob
2379 1952 2691 2024 propagatis
2717 1952 3084 2007 devastatam.
3119 1948 3225 2006 Sed
3248 1949 3470 2005 idumtei
3495 1946 3584 2002 di-

272 2030 702 2104 κατέστραπται
733 2029 1038 2099 παντελῶς,
1073 2031 1169 2085 καὶ
1201 2032 1283 2094 είς
1334 2031 1487 2102 λῆξιν
1536 2031 1660 2103 ἧκει
1698 2029 1885 2084 κακῶν

1989 2055 2114 2101 cent
2147 2044 2380 2101 fortasse
2410 2061 2423 2098 :
2460 2043 2574 2099 Etsi
2623 2042 2773 2113 regio
2805 2056 2969 2113 quam
3006 2039 3372 2096 habitavimus
3418 2053 3581 2109 pror-

270 2118 347 2184 ἥν
403 2120 819 2192 κατῳκήκαμεν
873 2119 1080 2192 χώραν,
1139 2119 1254 2175 ἀλλ’
1299 2116 1392 2174 οὖν
1452 2121 1886 2194 ἐπιστρέψαντες

272 2210 589 2286 ἐγεροῦμεν
617 2211 718 2290 μὲν
751 2213 849 2285 τὰς
880 2213 1259 2287 ἠρημωμένας
1308 2216 1497 2277 πόλεις
1544 2231 1604 2268 τε
1654 2215 1749 2269 καὶ
1777 2213 1888 2267 κώ-

274 2320 414 2377 μας,
447 2299 857 2375 κατοικήσομεν
910 2305 968 2359 δὲ
1022 2305 1191 2371 αὐτὰς
1236 2308 1286 2360 οἱ
1334 2305 1789 2377 διασεσωσμένοι.
1822 2302 1888 2361 Τί

269 2388 406 2465 οὗνς
437 2396 585 2469 Πρὸς
614 2397 809 2475 ταῦτα,
841 2400 997 2471 φησὶ,
1027 2399 1153 2455 τάδε
1188 2399 1338 2467 λέγει
1364 2399 1571 2472 Κύριος
1596 2416 1610 2429 ·
1664 2417 1683 2450 ι
1717 2389 1886 2452 Αὐτοὶ

269 2489 723 2561 οἰκοδομήσουσι,
757 2491 855 2545 καὶ
886 2490 999 2560 ἐγὼ
1038 2491 1425 2564 καταστρέφω.
1462 2511 1480 2543 ι
1540 2491 1886 2562 Κεκλήσεται

268 2583 332 2636 δὲ
388 2581 610 2647 πάντως
661 2583 695 2653 ἡ
736 2583 1032 2656 Ἰδουμαία,
1075 2584 1273 2656 ("Opta
1318 2585 1570 2656 ἀνομίας,
1602 2603 1620 2636 ι
1670 2583 1748 2646 ὡς
1796 2582 1888 2637 διὰ

272 2671 549 2743 πλείστην
579 2671 714 2742 ὅσην
744 2672 1023 2751 ἁμαρτίαν
1059 2676 1548 2748 κατεστραμμένη,
1583 2694 1601 2727 ι
1635 2674 1729 2727 καὶ
1755 2672 1886 2737 λαὸς

272 2766 370 2834 ἐφ’
407 2762 468 2817 ὃν
504 2764 925 2837 παρατέτακται
949 2766 1157 2839 Κύριος
1182 2767 1286 2831 ἓως
1309 2766 1524 2830 αἰῶνος.
1550 2784 1570 2817 ι
1590 2766 1649 2818 '0
1672 2765 1772 2843 μὲν
1792 2759 1885 2818 οὖν

274 2855 381 2912 τοῦ
440 2856 775 2928 γράμματος
826 2858 952 2923 νοῦς
1003 2860 1101 2930 οὐχ
1147 2859 1357 2931 ἔτερος,
1396 2855 1571 2931 οἶμαι,
1599 2860 1684 2923 τὶς
1732 2857 1886 2929 παρὰ

274 2946 480 3001 τοῦτόν
524 2947 663 3002 ἐστι.
695 2948 1004 3019 Προσθείην
1032 2949 1075 3003 δ’
1114 2950 1204 3026 ἂν,
1232 2952 1315 3004 ὅτι
1346 2949 1454 3004 τῶν
1507 2949 1570 3003 τὸ
1621 2949 1884 3019 σαρκικὸν

275 3040 381 3093 καὶ
396 3040 587 3110 γήϊνον
615 3039 852 3111 ἐχόντων
880 3040 1137 3113 φρόνημα
1172 3042 1403 3110 (γήϊνος
1430 3042 1561 3113 γὰρ,
1578 3040 1653 3106 ὡς
1677 3039 1835 3112 ἔφην,
1856 3041 1886 3095 6

288 3131 601 3204 Ἰδουμαῖος
633 3131 1023 3205 ἑρμηνεύεται)
1053 3132 1229 3203 πάντη
1256 3150 1316 3187 τε
1346 3132 1439 3195 καὶ
1468 3132 1683 3204 πᾲντως
1702 3133 1732 3186 6
1751 3130 1886 3204 κλῆ-

276 3241 381 3291 ρος
430 3225 701 3287 πεσεῖται,
748 3222 886 3279 Θεοῦ
917 3226 1406 3298 καταστρέφοντος.
1544 3227 1653 3294 γὰρ
1679 3224 1795 3295 ἔχει
1821 3223 1885 3281 τὸ

276 3313 506 3383 βέϐαιον
545 3313 617 3367 τὰ
664 3316 723 3369 ἐν
753 3315 892 3387 τῷδε
937 3314 1015 3388 τῷ
1058 3316 1254 3387 κόσμῳ,
1285 3317 1558 3387 πρακτέα,
1586 3317 1731 3374 οὕτω
1775 3315 1883 3389 μὴν
1910 3298 1953 3358 (ἶ

272 3406 514 3479 διηνεκῆ
539 3406 639 3479 τὴν
671 3406 924 3479 μέθεξιν·
963 3407 1305 3481 παριππεύει
1348 3407 1459 3479 γάρ
1485 3407 1612 3471 τοὺς
1661 3406 1885 3478 ἔχοντας

276 3499 629 3572 πρόσκαιρος
655 3498 912 3571 εὐθυμία,
942 3501 1037 3556 καὶ
1071 3503 1129 3555 ἐν
1154 3501 1252 3571 ίσῳ
1276 3501 1437 3563 σκιᾶς
1466 3500 1883 3571 μετα-τάττεται,

280 3587 322 3657 ἦ
349 3588 575 3662 θανάτῳ
605 3589 927 3654 σϐεσθέντος
956 3590 1119 3656 τινὸς,
1156 3591 1324 3663 ἤγουν
1368 3590 1633 3663 ἀδοκήτου
1675 3608 1887 3666 συμφοτ-

287 3681 399 3753 ρᾶς
433 3681 905 3753 ἐπενηνεγμένης.

368 3770 513 3826 Ἀλλ’
541 3774 590 3826 εί
620 3773 716 3828 καί
746 3791 834 3837 τις
869 3773 1046 3828 ἕλοιτο
1086 3774 1195 3828 τῶν
1225 3775 1537 3847 Ἰδουμαίων
1565 3777 1657 3832 τὸν
1688 3775 1885 3837 ἑαυτοῦ

279 3865 495 3939 κλῆρον
530 3866 861 3938 οἰκοδομεῖν,
898 3865 931 3940 ἢ
968 3865 1199 3921 πλοῦτον
1246 3868 1519 3939 συλλέγων
1562 3868 1657 3924 τὸν
1687 3869 1746 3936 ἐξ
1773 3868 1889 3923 ἀδιη

278 3958 435 4029 giae,
466 3958 503 4032 ἢ
542 3961 657 4023 τοῖς
694 3958 967 4025 διακένοις
1002 3958 1273 4030 δοξαρίοις
1318 3960 1625 4033 ἐντρυφῶν,
1665 3959 1887 4035 ήδυνα-

279 4051 501 4115 cuius;
528 4052 651 4119 ταῖς
670 4051 814 4106 κατὰ
833 4050 925 4106 τδν
956 4049 1068 4123 βίον
1093 4051 1489 4125 ἐναῦρύνεσθαι
1509 4054 1699 4121 θέλων,
1722 4053 1887 4109 αὐτὸν

275 4143 513 4216 εὑρήσει
555 4141 650 4197 τὸν
677 4142 786 4198 τῶν
814 4142 952 4198 ὅλων
978 4143 1114 4199 Θεὸν
1150 4145 1435 4218 μονονουχὶ
1482 4147 1578 4201 καὶ
1619 4146 1887 4219 ἀνθεστη-

277 4237 423 4292 κότα
452 4235 549 4290 καὶ
582 4235 913 4307 μαχόμενον.
956 4236 1046 4303 Ὠς
1090 4237 1201 4310 γὰρ
1240 4241 1269 4293 6
1302 4238 1589 4305 θεσπέσιος
1641 4240 1885 4312 γέγραφε

280 4326 561 4400 μαθητὴς,
619 4324 741 4382 ἀεῖ
781 4345 869 4393 τις
921 4328 1066 4383 θέλει
1121 4326 1263 4389 εἶναι
1302 4330 1455 4401 φθιος
1507 4330 1602 4385 τοῦ
1652 4332 1883 4402 κόσμου,

275 4417 482 4491 ἐχθρὸς
518 4416 615 4472 τοῦ
645 4415 782 4472 Θεοῦ
813 4417 1162 4495 καθίσταται.⁴
1193 4440 1213 4477 ι
1246 4419 1414 4477 Οὔπω
1455 4421 1721 4478 παύσεται
1756 4424 1885 4495 γὰρ,

276 4510 360 4576 ὡς
387 4509 552 4581 ἔφην,
582 4509 693 4565 τῶν
730 4510 801 4565 τὰ
830 4511 993 4581 γήϊνα
1020 4516 1237 4585 φρονεῖν
1264 4514 1580 4587 ᾑρημένων,
1618 4514 1735 4570 ἀλλ’
1766 4516 1888 4570 οὐδὲ

1989 2152 2082 2195 Sus
2105 2137 2157 2193 in
2182 2137 2566 2193 vastitudinem
2604 2134 2851 2199 redacta,
2900 2142 2955 2189 et
3000 2132 3265 2189 extremis
3322 2127 3577 2186 aillictata

1988 2236 2072 2283 est
2096 2226 2269 2293 malis,
2297 2224 2648 2280 nihilominus
2706 2222 2912 2279 reversi
2946 2221 3219 2276 desolatas
3285 2219 3447 2274 urbes
3496 2219 3579 2273 vi-

1987 2333 2190 2389 cosque
2221 2316 2667 2382 instaurabimus,
2734 2323 2787 2367 et
2819 2315 2908 2383 qui
2948 2314 3178 2368 salutem
3228 2311 3577 2375 retinuimus,

1985 2424 2080 2465 eas
2108 2406 2423 2464 incolemus.
2450 2405 2588 2474 Quid
2614 2401 2913 2474 igitur?Ad
2953 2401 3087 2467 haec,
3116 2401 3309 2470 inquit,
3342 2401 3445 2456 ista
3493 2399 3578 2453 di-

1989 2499 2342 2554 citnominus
2372 2515 2386 2551 :
2426 2515 2445 2547 ι
2480 2494 2586 2566 1ρεί
2612 2493 2981 2559 sedilicabunt,
3012 2502 3063 2547 et
3091 2507 3192 2563 ego
3221 2491 3517 2546 destruant.
3553 2508 3572 2541 ι

1987 2590 2050 2645 Et
2081 2590 2315 2644 idnmma
2347 2586 2569 2643 omnino
2624 2583 2908 2640 vocabitur
2971 2602 2989 2634 ι
3036 2581 3279 2637 Termini
3332 2580 3581 2650 impieta-

1987 2683 2080 2749 tis,
2121 2700 2140 2733 ι
2168 2688 2353 2750 utpote
2389 2677 2629 2745 peccatis
2678 2674 2931 2745 plurimis
2959 2674 3283 2744 depravata,
3323 2691 3342 2725 ι
3380 2680 3437 2726 et
3488 2686 3582 2743 po-

1986 2776 2143 2842 pulus
2168 2787 2332 2841 super
2364 2785 2525 2839 quem
2558 2778 2823 2823 extensus
2877 2777 2960 2823 est
2996 2768 3260 2823 Dominus
3292 2780 3465 2834 usque
3526 2764 3577 2818 iu

1985 2878 2268 2919 aeternum.
2312 2882 2331 2915 ι
2373 2860 2591 2915 Litterae
2629 2859 2794 2928 igitur
2822 2873 3037 2925 sensus,
3063 2857 3401 2922 utarbitror,
3445 2871 3579 2925 prm-

1984 2964 2070 3010 ter
2097 2955 2239 3010 hunc
2279 2952 2457 3008 nullus
2494 2959 2597 3008 est.
2652 2948 2808 3003 Libet
2869 2964 3169 3021 apponere,
3226 2949 3466 3005 carnalia
3523 2957 3579 3002 et

1988 3055 2201 3102 terrena
2232 3044 2583 3116 cogitantium
2610 3041 2892 3116 (terrenus
2925 3040 3095 3108 enim,
3126 3050 3185 3095 ut
3236 3040 3369 3102 dixi,
3419 3046 3580 3093 sonat

1986 3154 2183 3196 nomen
2215 3136 2506 3209 Idumaeas)
2549 3138 2860 3204 litereditas,
2894 3134 3003 3192 Deo
3030 3138 3403 3200 subvertente,
3422 3134 3581 3188 cadet

1987 3231 2224 3301 penitus.
2258 3227 2394 3285 Nam
2421 3246 2545 3301 quas
2577 3230 2629 3285 in
2661 3231 2766 3286 hoc
2805 3229 3008 3284 mundo
3056 3226 3377 3293 actitautur,
3404 3225 3575 3280 ﬁrmi-

1988 3323 2174 3379 tudine
2202 3330 2410 3390 carent,
2445 3333 2619 3393 neqne
2648 3338 2806 3379 usum
2828 3321 2913 3377 sui
2943 3326 3267 3391 perpetuum
3311 3318 3577 3388 praebent,

1986 3416 2243 3483 quoniam
2270 3424 2621 3486 temporanea
2657 3415 2843 3472 laetitia
2869 3414 3136 3486 praeterit,
3196 3412 3405 3469 umbrae
3429 3410 3582 3468 simi-

1986 3507 2186 3565 lis.aut
2207 3515 2383 3565 morte
2427 3523 2460 3565 e
2485 3510 2664 3567 medio
2690 3509 2917 3566 tollente
2973 3516 3068 3563 aut
3112 3504 3407 3577 improvisa
3438 3504 3583 3558 cula-

1988 3597 2619 3666 mitateinterveniente.

2060 3773 2166 3831 Sed
2194 3772 2301 3833 etsi
2325 3773 2448 3844 quis
2475 3772 2839 3829 Idumaeorum
2882 3770 2984 3824 sub
3026 3765 3443 3836 intelligentiam
3491 3775 3580 3819 ca-

1988 3868 2228 3923 dentium
2284 3865 2655 3922 liaereditatem
2679 3878 2831 3919 suam
2859 3860 3132 3918 aediﬁcare
3156 3858 3390 3914 voluerit
3415 3898 3429 3923 ,
3487 3866 3583 3912 aut

1988 3957 2207 4014 divitias
2233 3956 2603 4026 exiniquitate
2631 3966 2972 4025 congregans
2997 3993 3014 4020 ,
3078 3961 3173 4006 aut
3230 3951 3285 4005 in
3341 3948 3581 4019 gloriolis

1989 4048 2242 4106 inanibus
2269 4048 2494 4105 delicias
2530 4048 2632 4103 sibi
2669 4046 3034 4114 constituens,
3080 4051 3177 4097 aut
3218 4041 3461 4113 potentia
3524 4039 3580 4095 in

1987 4142 2089 4199 hac
2116 4142 2224 4196 vita
2253 4138 2433 4196 eﬂ‘erri
2466 4138 2675 4206 volens,
2725 4136 3107 4192 universorum
3183 4132 3352 4187 Deum
3403 4132 3583 4199 ipsum

1990 4242 2195 4288 tantum
2226 4247 2328 4286 non
2356 4227 2713 4285 obsistentem
2739 4234 3040 4294 contraque
3063 4229 3393 4293 pugnantem
3425 4219 3577 4274 inve-

1990 4325 2120 4381 niet.
2150 4322 2284 4378 Nam
2311 4331 2370 4376 ut
2399 4320 2615 4376 divinus
2673 4317 2971 4389 discipulus
3014 4315 3277 4385 scriptum
3335 4310 3579 4381 reliquit,

1996 4439 2015 4471 ι
2047 4415 2149 4485 Qui
2181 4412 2414 4471 voluerit
2439 4426 2563 4468 esse
2605 4411 2817 4466 amicus
2840 4407 3023 4464 smculi
3077 4406 3264 4478 hujus,
3324 4404 3586 4467 inimicus

1991 4508 2083 4565 Dei
2110 4507 2467 4564 constituitur
2490 4505 2592 4560 ⁸⁸.»
2624 4502 2876 4559 Nondum
2908 4498 3055 4556 enim
3088 4499 3411 4569 quiescet,ut
3444 4495 3583 4569 dixi,

276 4605 386 4707 τῇς
409 4602 548 4707 πρὸς
567 4601 782 4707 αὐτοὺς.
795 4601 1092 4707 καταλήξει
1124 4585 1327 4678 μάχης.
1358 4585 1526 4662 Missi
1552 4609 1661 4682 γὰρ
1688 4610 1777 4664 ἀεὶ
1796 4611 1886 4665 τὸν

1991 4603 2058 4658 ab
2079 4602 2165 4657 his
2198 4600 2291 4671 qui
2321 4608 2532 4655 terrena
2561 4595 2800 4665 sapiunt,
2836 4605 2939 4647 nec
2999 4591 3066 4646 iis
3099 4588 3376 4645 adversari
3433 4585 3586 4643 desis

2023 4704 2032 4707 -
2079 4702 2090 4707 -
2143 4694 2174 4707 η
2324 4706 2327 4707 ,
2410 4704 2421 4707 Α
2450 4691 2486 4707 ,-
2574 4687 2898 4707 n__s.2----_..
2922 4682 3031 4707 -JZs
3092 4690 3138 4707 ..ο
3182 4679 3425 4707 ...η-211...
3454 4692 3577 4707 unus;

277 4694 591 4768 ἀλιτήριον,
622 4692 720 4748 καὶ
758 4693 1121 4766 ἀπόπεμπτον
1157 4700 1391 4753 ποιεῖται
1420 4699 1511 4754 τὸν
1543 4700 1888 4774 φιλαμαρτήο

281 4801 450 4858 μονα.

353 4876 471 4931 Καὶ
520 4878 574 4932 οἱ
623 4877 924 4951 ὀφθαλμοί
970 4879 1140 4951 ὑμῶν
1201 4878 1456 4949 ὄψονται
1488 4920 1504 4947 ,
1559 4879 1660 4941 καί
1718 4878 1889 4951 ὑμεῖς

275 4970 478 5044 ἐρεῖτε
500 4985 514 5001 ⁸
569 4971 976 5044 Ἐμεγαλύνθη
1011 4975 1227 5044 Κύριος
1251 4972 1531 5044 ὑπεράνω
1559 4973 1679 5037 τῶν
1712 4976 1889 5046 ὁρίων

276 5063 395 5121 τοῦ
437 5061 710 5134 Ἰσραήλ.
1032 5068 1035 5071 ’

352 5154 452 5224 (τ’.
498 5154 691 5216 Ὅταν.
725 5156 881 5227 φησὶ,
918 5157 1015 5229 τὴν
1060 5156 1172 5211 τῶν
1205 5158 1548 5230 πραγμάτων
1585 5158 1883 5231 κατωρθώ-

280 5265 421 5322 σητε
456 5248 641 5318 φύσιν,
664 5250 948 5321 μονονουχὶ
975 5248 1031 5303 δὲ
1059 5250 1151 5306 καὶ
1168 5249 1469 5322 ἀναμύοντι
1497 5251 1605 5323 τῷ⁴
1630 5252 1882 5323 κατίδῃ-ιε

274 5340 481 5413 σαφῶς
533 5340 680 5413 ἀπερ
732 5340 873 5414 ἔφην
922 5342 1150 5414 ἀρτίως,
1190 5342 1313 5397 τότε
1348 5342 1413 5414 δὴ
1444 5342 1664 5409 πάντως
1707 5345 1883 5417 ἐρεῖτε

274 5432 828 5504 συγκατανεύοντες,
868 5434 950 5488 ὅτι
999 5433 1313 5500 δεδόξασται
1386 5437 1482 5490 καὶ
1537 5435 1881 5508 ὲμγαλύνθη

272 5529 420 5592 Θεὸς
462 5528 522 5581 ἐν
552 5529 667 5594 τοῖς
696 5526 867 5600 ὁρίοις
898 5525 997 5581 τοῦ
1037 5528 1275 5600 Ἰσραήλ.
1310 5528 1373 5583 Oi
1421 5528 1520 5596 μὲν
1546 5527 1656 5601 γὰρ
1687 5527 1748 5592 ἐξ
1788 5529 1886 5583 Ἰα-

270 5618 404 5677 κὼϐ
450 5620 767 5690 γεγονότες,
816 5619 1098 5674 τουτέστιν
1137 5620 1403 5686 Ἰουδαῖοι,
1436 5618 1883 5691 προσκεκρουκό-

267 5731 397 5781 τες,
429 5712 508 5778 ὡς
542 5711 702 5785 ἔφην,
739 5710 830 5766 διὰ
862 5709 1125 5783 πλείστην
1177 5711 1431 5767 ἀσέϐειαν
1476 5711 1673 5778 ἔξοικοί
1705 5729 1763 5765 τε
1797 5727 1887 5779 γε-

352 5892 405 5924 ¹⁰
431 5888 577 5945 Psal.
608 5905 739 5957 xxx,
777 5888 857 5945 l6.
938 5889 980 5921 "
1015 5886 1130 5951 iac.
1165 5903 1238 5955 tv,
1278 5887 1330 5943 4.

1988 4702 2116 4752 stet.
2143 4694 2373 4763 Semper
2401 4691 2545 4746 enim
2573 4687 2900 4759 ﬂagitiosum
2919 4682 3056 4749 odit,
3089 4690 3144 4738 et
3178 4679 3427 4750 cupidius
3454 4692 3588 4749 pec-.

1988 4794 2202 4841 cantem
2244 4779 2442 4849 reiicit.

2058 4876 2227 4931 Vens.
2284 4872 2339 4926 Β.
2421 4869 2486 4924 Et
2543 4867 2684 4923 oculi
2756 4864 2911 4923 vestri
2949 4862 3219 4927 videbunt,
3272 4868 3322 4916 et
3353 4874 3442 4913 eos
3495 4857 3584 4925 άὶτ

1986 4967 2113 5022 ceti:
2142 4981 2160 5020 :
2193 4962 2571 5035 Magniﬁcam:
2594 4967 2668 5013 est
2699 4956 2956 5012 Dominus
3009 4970 3167 5025 super
3214 4951 3463 5009 terminos
3494 4941 3590 5013 18-»,

1989 5058 2099 5115 rue!
2107 5098 2121 5113 .

2074 5150 2156 5209 Vl.
2198 5147 2445 5219 Quando,
2493 5142 2688 5215 inquit,
2753 5157 2867 5198 rem
2927 5155 3027 5212 pro
3074 5152 3267 5196 natura
3301 5150 3398 5192 sua
3431 5140 3590 5189 recte

1992 5242 2379 5316 prmstiteritis,
2399 5248 2452 5296 et
2483 5247 2693 5294 tantum
2718 5251 2823 5292 non
2861 5233 3066 5305 apertis
3120 5230 3285 5286 animi
3311 5227 3477 5283 aridis
3502 5225 3583 5278 vi—

1995 5337 2183 5393 deritis
2216 5333 2639 5406 perspicueque:
2672 5327 2835 5385 modo
2856 5327 2989 5393 dixi,
3043 5334 3170 5380 tunc
3220 5319 3444 5376 omnino
3484 5332 3582 5368 an-

1994 5435 2223 5486 nuentes
2246 5469 2261 5493 ,
2292 5424 2652 5498 gloriﬁcatum
2675 5430 2728 5477 et
2762 5418 3168 5489 magniﬁcatum
3186 5426 3305 5467 esse
3337 5410 3501 5463 Deum
3527 5408 3587 5467 in

1994 5497 2383 5577 fmibuslsracl
2452 5514 2775 5572 fatebimini.
2820 5510 2897 5565 Ex
2929 5507 3098 5562 Jacoh
3129 5503 3274 5559 enim
3312 5497 3582 5571 prosemi—

1995 5616 2130 5681 nati,
2159 5610 2326 5668 Judmi
2358 5619 2715 5676 nempe,cum
2742 5601 2912 5657 Deum
2947 5594 3323 5655 offendissent,
3353 5597 3415 5645 ut
3438 5586 3581 5679 dixi,

1995 5716 2259 5772 extorres,
2280 5711 2335 5759 et
2357 5697 2578 5771 captivi,
2597 5706 2650 5751 et
2683 5690 2920 5748 inimicis
2946 5682 3333 5760 oxpngnabiles
3358 5686 3584 5752 propter
