4098 6472
515 472 622 530 28⁸1

1555 471 1610 525 5.
1656 466 1929 526 CYltILLl
1969 465 2442 523 ALEXANDRINI
2483 466 2802 524 ARCHIEP.

3694 465 3804 523 988

516 600 786 644 summam
812 585 1145 656 impietatem
1166 582 1295 639 lacti
1336 593 1484 639 sunt.
1519 585 1616 651 ι)ιεί
1682 602 1813 640 vero
1862 585 2098 639 miseriis

2211 584 2442 652 γόνασιν,
2477 585 2571 639 καὶ
2601 584 2960 656 αἰχμάλωτοι,
2993 582 3085 638 καλ⁸
3116 582 3383 655 ἀλώσιμοι
3419 582 3529 647 τοῖς
3557 578 3804 655 ἐχθροῖς.

513 679 806 743 exercitos,
830 687 885 734 et
912 691 1010 747 pro
1042 677 1304 744 dignitate
1344 677 1562 747 punitos
1617 680 1756 733 Deus
1812 679 2100 734 miseratus

515 779 622 836 est,
656 769 954 837 redierunt,
988 779 1043 824 et
1089 785 1175 822 res
1228 784 1418 824 eorum
1469 770 1520 823 in
1578 770 1793 832 melius,
1836 780 1999 840 atque
2047 770 2099 823 in

515 865 799 932 antiquum
828 870 1026 915 statum
1067 861 1334 916 restituta:
1352 870 1497 917 sunt.
1536 861 1702 933 823
1767 862 1831 915 Et
1878 863 2102 917 benefa-

516 958 664 1005 ctum
690 950 945 1018 deinceps
969 948 1374 1018 regioni,nrbes
1405 950 1470 1005 de
1501 950 1710 1019 integro
1733 949 2099 1017 incoluerunt,

518 1043 777 1112 templum
849 1042 1229 1109 condiderunt,
1316 1040 1748 1114 Hierosolymam
1833 1044 2105 1099 moenibus

516 1138 973 1201 communierunt,
1003 1145 1056 1189 et
1081 1152 1203 1205 quas
1228 1136 1400 1206 magis
1425 1137 1882 1205 optabant,quam
1915 1151 2104 1207 spera-

517 1228 669 1287 bant,
699 1226 765 1281 iis
794 1225 972 1281 demto
1004 1234 1129 1280 sunt
1157 1224 1676 1294 perfruitinumma
1708 1235 1889 1281 autem
1920 1238 1980 1282 ut
2009 1242 2105 1281 va-

516 1327 657 1372 stata
722 1326 834 1383 est,
881 1317 953 1372 ita
998 1318 1320 1386 permansit,
1359 1333 1459 1373 nec
1498 1318 1564 1372 ad
1584 1318 1951 1374 conditionem
1984 1318 2104 1373 [cli-

515 1409 717 1463 ciorem
752 1418 933 1463 erecta
968 1407 1277 1478 est.ltaqne
1330 1407 1668 1479 gloriﬁcatus
1714 1417 1798 1464 est
1852 1410 1992 1465 Deus
2044 1409 2099 1465 in

518 1501 768 1556 terminis
797 1499 985 1557 Israel.

578 1590 870 1645 Sciendum
890 1605 1072 1660 porro,
1094 1592 1253 1646 etiam
1280 1591 1575 1647 secundum
1613 1591 2103 1647 reconditissimum

517 1696 764 1748 sensum,
790 1683 1038 1752 quamvis
1067 1683 1288 1751 quidam
1319 1682 1486 1738 Deum
1525 1693 1879 1754 agnoscentes
1927 1683 2102 1753 ipsum

516 1771 861 1836 offenderint,
889 1787 954 1827 ac
997 1783 1219 1843 propter
1264 1785 1549 1844 peccatum
1593 1790 1784 1845 poenas
1834 1775 2104 1843 dederint,

519 1873 701 1920 tamen
728 1881 832 1920 non
851 1865 1093 1921 funditus
1118 1867 1423 1935 perituros;
1458 1883 1581 1922 nam
1615 1867 1778 1933 Deus,
1815 1867 1903 1922 ubi
1929 1883 2104 1936 quan-

519 1964 631 2010 tum
661 1957 793 2012 satis
814 1966 897 2012 est
929 1958 982 2011 in
1001 1972 1097 2013 eos
1118 1932 1594 2019 animadverterit.
1631 1932 2013 2022 misereturpet
2032 1959 2101 2013 ad
2132 1932 2176 1987 Β

515 2063 834 2121 prosperum
870 2058 1069 2105 statum
1110 2065 1205 2106 eos
1269 2052 1496 2107 reducit.
1566 2049 1863 2107 Terrenum
1920 2061 2099 2107 autem

517 2139 775 2195 affectum
821 2140 1198 2212 diligentibus,
1249 2151 1304 2199 et
1346 2143 1413 2197 ad
1462 2142 1576 2198 sola
1626 2157 1747 2212 qua:
1772 2144 1951 2198 carnis
1978 2152 2103 2198 sunt

517 2228 957 2299 respicientibus,
985 2231 1309 2287 adversatur
1330 2245 1565 2300 semper,
1601 2240 1656 2287 et
1686 2233 1780 2286 ira:
1810 2248 1921 2287 sua:
1943 2248 2104 2301 super

518 2321 640 2376 illos
676 2330 888 2389 tempus
909 2322 1203 2390 producit:
1243 2340 1264 2374 ι
1299 2320 1654 2377 Vocahuntur
1703 2324 1875 2389 enim,
1904 2323 2099 2392 inquit,

516 2411 623 2467 illis
653 2412 867 2466 termini
895 2412 1210 2481 impietatis,
1248 2422 1303 2468 et
1342 2412 1575 2484 populus
1611 2429 1776 2484 super
1813 2429 1972 2484 quem
2002 2431 2102 2470 ex-

520 2512 705 2559 tensus
735 2512 816 2558 est
846 2503 1111 2559 Dominus
1140 2505 1190 2558 in
1218 2516 1507 2559 aeternum.
1547 2522 1567 2557 ι

591 2593 759 2650 Vsus.
789 2594 842 2648 6.
865 2591 1042 2649 Filius
1065 2595 1333 2666 gloriﬁcat
1361 2606 1585 2665 patrem,
1630 2606 1677 2650 et
1704 2613 1882 2651 servus
1933 2597 2104 2652 donti-

515 2704 643 2746 num
678 2704 852 2742 suum.
885 2686 951 2742 Et
982 2688 1029 2743 si
1057 2697 1206 2757 pater
1238 2704 1354 2741 sum
1379 2701 1491 2755 ego,
1514 2686 1601 2739 ubi
1635 2696 1710 2740 est
1752 2688 1923 2757 gloria
1949 2690 2105 2743 mea?

2217 678 2433 747 Ἐπειδὴ
2461 680 2517 733 δὲ
2548 678 2901 749 πεπραχότας
2931 678 3151 743 ἀθλίως,
3182 681 3278 732 καὶ
3314 676 3686 753 ἀποχρώντως
3717 695 3810 731 κε-

2204 771 2595 842 κολασμένους,
2632 772 2971 842 κατηλέησεν
3000 773 3028 824 ὁ
3057 771 3212 836 Θεὸς,
3252 769 3697 841 ἀνεκομίσθησαν
3728 774 3804 836 εἰς

2203 860 2265 914 τδ
2313 860 2407 915 ἀπ’
2439 859 2637 931 ἀρχῆς,
2670 860 3071 928 ἀνενεγκόντων
3127 862 3311 924 αὐτοῖς
3350 861 3443 913 ἐπὶ
3488 861 3549 918 τὸ
3582 861 3798 930 ἄμεινοι

2203 952 2313 1005 τῶν
2348 952 2713 1023 πραγμάτων.
2744 952 2853 1006 Καὶ
2891 952 3081 1021 γέγονε
3122 953 3219 1023 μὲν
3246 956 3301 1010 ὲν
3331 951 3599 1026 εὐπαθείᾳ
3630 950 3663 1024 ἡ
3698 951 3781 1023 χὼ

2206 1059 2297 1115 ρα,
2321 1044 2679 1115 κατῳκήκασι
2712 1043 2769 1097 δὲ
2800 1043 2899 1106 τὰς
2934 1043 3138 1109 πόλεις,
3164 1044 3517 1115 ἀνεδείμαντο
3540 1043 3631 1097 τὸν
3658 1043 3782 1101 ναὸν
3799 1088 3814 1113 ,

2203 1136 2549 1207 ἀνετείχισαν
2576 1135 2675 1207 τὴν
2714 1135 3092 1209 Ἰερουσαλὴμ,
3136 1136 3231 1191 καὶ
3262 1140 3517 1207 γεγόνασι
3556 1138 3717 1192 πάλιν
3748 1140 3809 1191 ἐι

2203 1229 2316 1290 τοῖς
2342 1228 2474 1298 παρ’
2506 1226 2701 1281 ἐλπίδα
2753 1229 2845 1281 καὶ
2880 1228 3002 1282 κατ’
3043 1229 3230 1300 εὐχήν.
3249 1228 3315 1282 Ἦ
3340 1229 3396 1283 δέ
3426 1247 3490 1299 γε
3516 1229 3626 1283 τῶν
3641 1229 3765 1283 Ἴδα.
3784 1258 3806 1270 -

2207 1320 2383 1391 μαίων
2426 1320 2715 1392 ἠρήμωται
2768 1319 2942 1392 χώρα,
2977 1322 3069 1373 καὶ
3126 1321 3436 1393 μεμένηκεν
3484 1322 3541 1373 ἐν
3587 1323 3802 1383 κακοῖς,

2204 1414 2304 1467 οὐκ
2329 1411 2691 1482 ἀνασφήλασα
2726 1412 2856 1483 περὶ
2877 1412 2938 1464 τὸ
2972 1411 3216 1482 ἄμεινον.
3244 1411 3455 1466 Οὐκοῦν
3483 1411 3804 1477 δεδόξασται

2204 1504 2338 1569 Θεὸς
2362 1506 2419 1559 ὲν
2443 1508 2559 1569 τοῖς
2587 1504 2758 1574 ὁρίοις
2801 1502 3046 1577 Ἰσραήλ.

2290 1597 2485 1651 ’ἰστέον
2519 1595 2597 1665 δὲ,
2634 1597 2717 1649 ὅτι
2749 1598 2843 1649 καὶ
2889 1594 3029 1648 κατὰ
3080 1595 3170 1647 τὸν
3216 1594 3486 1655 έσὼτατον
3516 1596 3662 1660 νοῦν,
3696 1597 3804 1655 κᾶν

2207 1688 2258 1742 εί
2308 1689 2367 1741 ὲν
2406 1687 2773 1760 ηπροσκρούσει
2814 1686 3050 1756 γένοιντό
3082 1705 3229 1750 τινες
3259 1687 3366 1739 τῶν
3397 1687 3614 1742 εἰδότων
3641 1688 3799 1756 Θεδν,

2208 1781 2314 1835 κᾶν
2345 1781 2392 1834 εί
2422 1780 2762 1835 παιδεύοιντο
2808 1779 2876 1833 δι’
2910 1780 3207 1850 ἁμαρτίαν,
3251 1779 3366 1833 ἀλλ’
3399 1775 3494 1833 οὖν
3537 1780 3637 1834 οὐκ
3689 1783 3805 1834 etcr-

2210 1871 2357 1926 ἀπαν
2391 1873 2587 1936 αὖτοὺς
2617 1870 2915 1925 ἀπολέσθαι
2962 1869 3252 1942 συμϐαίνει
3277 1888 3290 1900 ο
3341 1872 3712 1943 κατοικτείρει
3742 1871 3799 1924 5‘s

2203 1962 2334 2025 Θεὸς
2370 1961 2667 2024 παιδεύσας
2694 1960 3029 2032 ἀρκούντως,
3055 1961 3151 2015 καὶ
3179 1959 3503 2032 ἀνακομίζει
3533 1960 3696 2015 πάλιν
3722 1964 3804 2028 είς

2203 2038 2488 2123 εὐθυμίαν.
2522 2052 2646 2116 Τοῖς
2693 2052 2747 2105 δέ
2787 2070 2852 2120 γε
2897 2052 2956 2106 τὸ
2997 2054 3181 2124 γήϊνον
3220 2050 3479 2120 ἀγαπῶσι
3522 2052 3803 2124 φρόνημα,

2203 2144 2297 2197 καὶ
2323 2146 2402 2206 εἰς
2435 2142 2571 2214 μόνα
2614 2142 2870 2213 βλέπουσι
2895 2142 2962 2196 τὰ
2994 2146 3215 2214 σαρκὸς,
3248 2144 3484 2215 μάχεται
3513 2144 3800 2213 διηνεκῶς,

2203 2233 2299 2288 καὶ
2348 2233 2445 2304 τῆς
2490 2233 2577 2285 ἐπ’
2606 2233 2790 2295 αὐτοῖς
2827 2232 2998 2304 ὀργῆς
3048 2235 3348 2305 παρατενεί
3392 2234 3519 2296 τοὺς
3548 2234 3801 2308 χρόνους.

2210 2342 2229 2375 ι
2264 2323 2612 2395 κληθήσεται
2651 2324 2781 2394 γὰρ,
2813 2324 3002 2395 φησὶν,
3033 2324 3217 2396 αὐτοῖς
3250 2325 3375 2395 ὅρια
3425 2324 3677 2395 ἀνομίας,
3709 2326 3805 2380 καὶ

2204 2417 2332 2484 λαὸς
2362 2418 2448 2487 ἐφ’
2486 2417 2543 2476 ὃν
2578 2418 2956 2487 παρατέταται
2977 2415 3180 2488 Κύριος
3209 2415 3315 2480 ἓως
3341 2414 3558 2480 αἰῶνος.
3609 2432 3627 2466 ι

2284 2589 2417 2656 Υἱὸς
2463 2587 2693 2653 δοξάζει
2730 2589 2975 2659 πατέρα,
3016 2590 3116 2643 καὶ
3165 2588 3393 2655 δοῦλος
3446 2589 3554 2647 τὸν
3593 2592 3808 2659 κύριον

2204 2680 2411 2735 αὑτοῦ.
2445 2680 2553 2733 Καὶ
2586 2683 2636 2733 ει
2663 2680 2859 2749 πατὴρ
2896 2683 3013 2750 ειμι
3045 2680 3185 2750 ἐγὼ,
3220 2681 3341 2735 ποῦ
3381 2682 3555 2736 ἐστιν
3580 2685 3618 2750 ἡ
3652 2683 3804 2750 δόξα

517 2788 568 2833 et
604 2781 649 2833 si
670 2779 915 2835 dominus
955 2795 1071 2833 sum
1108 2794 1223 2855 ego,
1260 2776 1348 2831 ubi
1370 2785 1446 2837 est
1522 2777 1681 2831 timor
1735 2780 1922 2831 mens.’
1976 2780 2101 2834 dicit

2211 2790 2360 2841 pou;
2395 2771 2495 2827 καὶ
2527 2774 2579 2826 εὶ
2610 2773 2816 2838 κύριός
2856 2774 2972 2842 ειμι
3015 2773 3151 2842 ἐγὼ,
3189 2772 3306 2837 ,τοῦ
3353 2772 3526 2828 ἐστιν
3554 2777 3586 2829 d
3616 2777 3813 2853 φόϐος

517 2866 778 2923 Dominus
795 2869 1142 2936 omnipotens.

583 2959 698 3015 VII.
725 2959 977 3017 Limitem
1008 2960 1235 3016 rationis
1265 2976 1519 3033 egressos
1556 2962 1953 3032 contempsisse
1984 2978 2105 3034 qua:

518 3051 743 3107 minime
768 3050 1074 3122 oportebat,
1099 3053 1339 3108 ostendit
1362 3054 1581 3124 ubique.
1615 3054 1780 3124 Frugi
1803 3055 1947 3109 enim
1981 3056 2106 3109 liliis

518 3143 900 3210 conveniebat,
936 3153 992 3198 et
1022 3145 1239 3219 quidem
1261 3147 1386 3215 jure
1417 3148 1706 3200 admodum
1732 3164 1796 3203 ac
1820 3149 2107 3215 merito,ttt

518 3236 687 3303 patris
710 3235 790 3290 sui
810 3235 1035 3306 gloriam
1052 3239 1444 3304 procurandum
1462 3241 1606 3293 serio
1624 3242 1984 3311 susciperent,
2001 3258 2105 3308 quo

522 3329 595 3379 Ita
624 3324 808 3398 inclyti
836 3328 1004 3396 patris
1033 3327 1125 3382 lilii
1149 3338 1497 3391 vocarentur.
1526 3328 1644 3384 iam
1676 3331 1719 3384 si
1748 3332 1870 3407 quis
1902 3333 2099 3400 fidelis,

521 3431 617 3469 seu
649 3430 937 3484 germanus
966 3417 1038 3472 slt
1071 3418 1342 3487 minister,
1374 3422 1541 3475 etiam
1598 3422 1875 3477 domimnn
1943 3441 2100 3481 smnn

520 3508 788 3563 celebrem
808 3508 943 3575 fieri,
978 3519 1033 3565 et
1070 3525 1177 3567 non
1207 3511 1523 3579 obscurum,
1564 3522 1620 3568 et
1679 3514 1825 3569 velut
1879 3518 2104 3586 pedibus

521 3599 811 3667 protritum
846 3614 1089 3667 manere,
1120 3616 1448 3672 magnopere
1469 3603 1696 3673 optabit.
1729 3603 1861 3659 Nam
1893 3607 2135 3677 sicipse-

520 3706 739 3763 quoque
761 3702 967 3763 partem
990 3691 1285 3761 felicitatis,
1310 3708 1431 3763 qua:
1465 3696 1517 3750 in
1573 3696 1659 3751 his
1709 3706 1814 3762 est,
1849 3698 2003 3768 feret,
2048 3709 2105 3755 et

522 3787 664 3854 quod
714 3785 817 3841 sibi
871 3798 1196 3842 ornamento
1227 3787 1301 3842 sit
1333 3785 1516 3853 faciet,
1547 3798 1601 3845 et
1622 3805 1741 3845 eam
1764 3806 1989 3847 summas
2012 3808 2106 3849 vo-

522 3876 745 3947 luptatis
768 3878 1113 3935 occasionem
1164 3879 1266 3934 sibi
1302 3880 1482 3935 ducet.
1546 3880 1650 3936 Vos
1677 3895 1879 3948 autem,
1911 3884 2102 3954 inquit,

522 3984 645 4023 cum
671 3984 754 4024 me
779 3980 837 4025 nt
889 3980 1099 4045 patrem
1157 3971 1453 4038 honorare,
1507 3980 1670 4043 atque
1718 3984 1777 4029 ut
1822 3975 2101 4032 dominum

525 4058 718 4114 timere
748 4059 1040 4127 deberetis,
1069 4058 1122 4113 in
1153 4059 1418 4115 ambobus
1434 4075 1539 4113 non
1568 4075 1757 4131 parmn
1812 4063 1881 4118 ab
1913 4061 2000 4119 otii
2015 4063 2106 4119 cio

525 4151 850 4216 descivistis,
876 4161 930 4208 et
961 4151 1311 4208 invenicmini
1369 4167 1468 4207 nec
1528 4163 1585 4207 ut
1624 4155 1760 4224 patri
1818 4156 2103 4222 honorem,

522 4258 627 4297 nec
664 4252 722 4298 ut
750 4243 971 4299 domino
1005 4244 1254 4300 timorem
1287 4242 1682 4312 impertientes.
1721 4244 1820 4301 Ubi
1854 4248 1999 4302 enim
2023 4257 2108 4303 est

525 4334 701 4389 Itonor
733 4333 927 4388 meus?
956 4334 1043 4391 ubi
1077 4334 1261 4399 timor,
1294 4333 1340 4387 si
1374 4334 1595 4388 nihilad
1652 4337 1882 4407 gloriam
1930 4354 2104 4394 meam

525 4425 806 4494 pertinens
825 4424 1007 4480 facere
1039 4425 1342 4487 sustinetis,
1367 4439 1542 4493 neque
1567 4441 1783 4494 prenam
1818 4445 1845 4483 a
1886 4429 2107 4485 domino

528 4524 857 4581 metuentes,
887 4514 1004 4584 ejus
1027 4515 1180 4585 iussa
1208 4523 1527 4590 estpessitisi
1588 4520 1897 4576 Istiusmodi
1947 4522 2107 4591 quip-

527 4609 673 4676 piam
706 4621 804 4677 per
837 4606 1032 4663 Isaiam
1072 4624 1288 4680 quoque
1330 4613 1462 4669 dicit
1490 4632 1502 4668 :
1548 4632 1568 4665 ‹
1628 4612 1789 4675 Audi,
1810 4609 2031 4678 malum,
2055 4621 2111 4666 et
2143 4637 2187 4694 ι)

529 4698 752 4753 auribus
773 4700 1006 4768 percipe,
1059 4710 1220 4768 terra,
1259 4704 1385 4773 quia
1429 4705 1688 4761 Dominus
1744 4703 1954 4759 locutus
1981 4713 2109 4763 est:

525 4787 695 4845 Filios
747 4790 904 4861 genui
959 4800 1013 4846 et
1081 4794 1336 4860 essdtavi,
1394 4796 1494 4866 ipsi
1550 4807 1730 4850 autem
1786 4805 2112 4864 spreverunt

530 4880 701 4934 me".
732 4898 750 4933 ι
786 4879 1086 4946 Quaerenda
1112 4882 1326 4952 igitura
1352 4885 1525 4949 nobis,
1555 4900 1672 4953 qum
1697 4884 1810 4938 Deo
1860 4896 1987 4939 sunt
2017 4884 2113 4941 Ito-

530 4970 777 5036 noriiica,
840 4982 896 5026 et
939 4974 1003 5027 ad
1075 4990 1239 5045 Opera
1293 4985 1481 5033 sancta
1509 4977 1953 5042 incnmbendnm,
1987 4993 2109 5033 cum

526 5064 769 5119 sciamus
805 5065 1067 5136 scriptum
1100 5082 1255 5123 esse:
1295 5087 1314 5121 ι
1355 5068 1491 5122 Vivo
1520 5083 1640 5138 ego,
1667 5069 1799 5124 dicit
1828 5071 2107 5139 Dominus,

525 5154 651 5222 quia
687 5156 1051 5225 gloriﬁcantes
1079 5175 1165 5214 me
1191 5158 1525 5229 glorilicabo,
1556 5157 1724 5232 82!.
1746 5168 1798 5214 et
1822 5161 1909 5229 qui
1975 5177 2109 5216 cou-

530 5249 851 5315 temnitme,
877 5259 1256 5308 contemuelur
1290 5251 1355 5304 “.
1390 5269 1408 5301 ι
1452 5250 1854 5307 Gluriﬁeabitur
1878 5266 2109 5308 autem:

529 5335 690 5391 nobis
739 5336 898 5393 Pater
926 5338 1301 5394 universorum
1336 5338 1499 5405 Deus,
1532 5340 1577 5394 si
1622 5356 1724 5393 non
1759 5342 1899 5411 quod
1959 5344 2114 5398 nobis

524 5422 822 5487 iucundum
848 5438 902 5484 et
930 5430 1166 5484 amicum
1208 5439 1312 5495 est,
1342 5444 1501 5500 agere
1560 5433 1932 5486 studuerimus
1954 5475 1968 5499 ,
2021 5435 2115 5488 sed

538 5519 612 5574 illi
635 5522 813 5591 potius
841 5531 1075 5577 mentem
1099 5531 1338 5576 nostram
1386 5523 1821 5578 dedicavetimns
1844 5534 1898 5579 et
1922 5526 1975 5578 in
2000 5542 2117 5580 ont-

538 5612 696 5668 nibns
723 5613 791 5668 ad
814 5613 934 5683 ejus
968 5623 1153 5667 nutum
1182 5629 1279 5669 nos
1312 5614 1852 5673 conformaverimus.
1890 5616 2120 5671 Timebi-

538 5719 659 5759 mus
683 5720 810 5761 vero
831 5715 889 5758 ut
919 5705 1229 5769 Dominum,
1255 5708 1297 5762 si
1329 5709 1744 5777 propensionem
1765 5708 1829 5764 ad
1861 5708 2119 5779 improbi-

611 5872 655 5901 "
683 5879 787 5935 isa.
821 5896 859 5945 t,
893 5881 947 5935 2.
1030 5884 1073 5914 ⁵³
1106 5883 1121 5937 l
1151 5881 1280 5952 Reg.
1309 5899 1365 5953 tt,
1392 5884 1481 5939 50.

2206 2879 2369 2933 μου;
2400 2861 2562 2933 λέγει
2594 2865 2809 2930 Κύριος
2846 2863 3295 2935 παντοκράτωρ.

2277 2953 2350 3006 Z'.
2397 2953 2541 3019 Ἕξω
2589 2952 2684 3005 τοῦ
2730 2951 3061 3022 καθήκοντος
3118 2954 3296 3018 ἰόντας
3344 2954 3527 3024 λόγου,
3576 2957 3670 3009 καὶ
3724 2951 3808 3012 ὧν

2205 3045 2405 3116 ἥκιστα
2427 3044 2566 3115 χρῆν
2587 3043 2826 3114 ἀφειδεῖν
2846 3044 3125 3115 ᾑρημένου
3138 3061 3179 3107 ς,
3208 3024 3500 3113 ἀπολεαίνει
3527 3047 3805 3119 πανταχῆ.

2207 3136 2331 3200 Τοῖς
2368 3135 2467 3207 μὲν
2505 3139 2614 3208 γὰρ
2660 3135 2929 3188 ἐπιεικέσι
2983 3134 3093 3188 τῶν
3147 3134 3281 3187 υἱῶν
3332 3136 3532 3207 πρέποι
3583 3138 3671 3202 ἀν,
3709 3141 3807 3193 καὶ

2212 3226 2357 3297 μάλα
2389 3225 2635 3291 εἰκότως,
2669 3223 2732 3278 τὸ
2760 3226 3173 3296 μεταποιεῖσθαι
3208 3227 3415 3298 σφόδρα
3444 3228 3544 3299 τῆς
3574 3230 3669 3283 τοῦ
3705 3230 3809 3300 φῦ.

2210 3335 2404 3382 σαντος
2441 3300 2621 3389 δόξης,
2660 3317 2748 3370 ἵνα
2794 3317 2889 3369 καὶ
2933 3315 3325 3371 εὐκλεεστάτου
3363 3318 3566 3391 πατρὸς
3602 3320 3809 3393 όνομά.

2210 3409 2408 3475 ζωνται
2452 3410 2639 3463 τέκνα.
2672 3409 2735 3463 Ei
2777 3408 2831 3461 δὲ
2863 3407 2926 3479 δή
2955 3425 3040 3471 τις
3068 3408 3153 3479 εἴη
3190 3408 3287 3462 καὶ
3314 3409 3533 3480 οἰκέτης
3557 3413 3806 3485 γνήσιος,

2211 3501 2485 3576 περιφανῆ
2511 3519 2617 3555 που
2670 3501 2887 3565 πάντως
2921 3501 3015 3555 καὶ
3056 3500 3342 3572 διαϐόητον
3368 3501 3458 3555 τὸν
3485 3503 3684 3559 οἶκεῖον
3712 3506 3809 3559 £5—

2211 3601 2361 3668 ξεται
2386 3600 2637 3669 γενέσθαι
2670 3599 2957 3671 δεσπότην,
2992 3600 3093 3654 οὐκ
3141 3599 3357 3671 ἄσημον
3406 3595 3548 3653 εἶναι
3582 3599 3674 3656 καὶ
3706 3619 3810 3655 πε-

2212 3693 2545 3765 πατημένον.
2579 3691 2808 3758 Μεθέξει
2851 3692 2957 3764 γὰρ
2985 3692 3127 3745 οὕτω
3179 3692 3274 3746 καὶ
3313 3692 3477 3755 αὐτὸς
3510 3693 3611 3764 τῆς
3645 3693 3703 3748 ἐν
3742 3709 3808 3763 γε

2211 3784 2421 3848 τούτοις
2446 3783 2768 3856 εὐημερίας,
2794 3786 2889 3837 καὶ
2911 3782 3173 3854 καύχημα
3197 3782 3257 3837 τὸ
3279 3784 3469 3856 χρῆμα
3494 3785 3807 3853 ποιήσεται,

2213 3877 2309 3931 καλ⁵
2369 3875 2638 3949 θυμηδίας
2695 3876 2796 3948 τῆς
2854 3876 3139 3947 ἀνωτάτης
3195 3875 3458 3943 λογιεῖται
3508 3875 3808 3947 πρόφασιν,

2225 3963 2415 4033 Ὑμεῖς
2440 3963 2517 4025 δὲ,
2550 3964 2735 4034 φησὶν,
2760 3962 2837 4028 ὡς
2866 3962 3084 4034 πατέρα
3111 3979 3179 4035 με
3200 3963 3442 4028 δοξάζειν
3475 3963 3809 4035 ὀφείλοντες,

2213 4055 2441 4110 δεδιέναι
2492 4055 2548 4109 δὲ
2600 4057 2694 4109 καὶ
2746 4055 2821 4120 ὡς
2864 4054 3156 4124 δεσπότην,
3191 4055 3314 4110 κατ’
3344 4055 3514 4127 ἄμφω
3541 4055 3638 4110 τοῦ
3670 4059 3809 4130 πρέ-

2214 4160 2408 4208 ποντος
2438 4144 2500 4198 οὐ
2531 4145 2765 4216 μετρίως
2789 4143 3204 4217 διημαρτήκατε
3228 4160 3240 4172 ·
3272 4144 3549 4199 ἁλώσεσθε
3575 4144 3630 4198 δὲ
3667 4148 3811 4217 μήτε

2214 4236 2290 4301 ὼς
2314 4238 2485 4309 πατρὶ
2512 4236 2610 4309 τὴν
2639 4236 2819 4303 δόξαν,
2856 4237 2993 4308 μήτε
3019 4237 3127 4308 μὴν
3150 4235 3225 4300 ὡς
3253 4236 3487 4315 δεσπότῃ
3515 4237 3607 4291 τὸν
3643 4236 3810 4307 φόϐον

2214 4327 2567 4389 ἀνάπτοντες.
2599 4325 2710 4379 Πυῦ
2738 4325 2849 4397 γὰρ
2883 4327 2914 4396 ἡ
2940 4325 3068 4391 δόξα
3099 4343 3202 4396 μου
3229 4342 3242 4390 ;
3272 4325 3374 4380 ποῦ
3404 4325 3459 4381 δὲ
3490 4329 3518 4381 ό
3549 4327 3735 4399 φόϐος,
3758 4328 3811 4382 ει

2219 4416 2385 4487 μηδὲν
2433 4414 2543 4468 τῶν
2585 4416 2666 4478 είς
2719 4414 2876 4480 δόξαν
2920 4414 3170 4487 ὁρώντων
3218 4415 3316 4485 τὴν
3367 4416 3505 4491 ἐμὴν
3548 4417 3811 4489 ἀνέχεσθε

2215 4507 2371 4580 δρᾷν,
2398 4508 2536 4580 μήτε
2567 4507 2675 4579 μὴν
2702 4506 2765 4560 τὸ
2783 4506 3108 4571 κολάζεσθαι
3134 4507 3391 4571 δεδιότες,
3409 4511 3520 4573 τοῖς
3545 4509 3809 4564 δεσπότου

2217 4601 2393 4654 εἴκετε
2451 4598 2673 4669 νόμοις;
2729 4597 2874 4669 Ἔφη
2935 4617 2989 4651 τι
3045 4598 3285 4653 τοιοῦτον
3334 4600 3428 4654 καὶ
3482 4600 3571 4654 διὰ
3625 4602 3812 4671 φωνῆς

2229 4691 2486 4745 Ἡσαΐουσ
2526 4691 2781 4753 «Ἄκουε,
2813 4689 3030 4759 οὐρανὲ,
3067 4689 3162 4743 καὶ
3198 4687 3532 4760 ὲνωτίζου,ή
3581 4690 3675 4760 γῆ,
3727 4691 3811 4743 δτι

2216 4782 2423 4851 Κύριος
2444 4781 2734 4851 ἐλάλησενο
2758 4780 2921 4845 Υίοὺς
2948 4781 3235 4850 ἐγέννησα,
3267 4780 3363 4834 καὶ
3393 4779 3585 4851 θψωσα
3604 4798 3618 4811 ·
3653 4781 3815 4835 αὐτοὶ

2217 4875 2274 4928 δέ
2302 4891 2369 4945 με
2400 4874 2695 4944 ἠθέτησαν.
2720 4892 2738 4923 ι
2767 4873 2889 4945 Χρὴ
2915 4873 3095 4926 τοίνυν
3129 4874 3278 4943 ἡμᾶς
3299 4873 3367 4925 τά
3391 4872 3471 4935 είς
3496 4870 3652 4937 δόξαν
3671 4870 3813 4926 Θεοῦ

2220 4966 2423 5037 ζητεῖν,
2458 4965 2551 5019 καὶ
2603 4964 2710 5035 μὴν
2757 4966 2853 5017 καὶ
2898 4962 3216 5032 ἐπείγεσθαι
3265 4961 3586 5033 κατορθοῦν,
3617 4960 3679 5015 τὸ
3715 4978 3814 5032 γε-

2217 5056 2540 5129 γραμμένον
2569 5056 2778 5120 εἰδότας
2795 5071 2809 5086 ·
2847 5074 2865 5106 ι
2892 5055 2978 5109 Ζῶ
3006 5053 3137 5125 ἐγὼ,
3163 5055 3313 5129 λέγει
3336 5054 3560 5127 Κύριος,
3577 5055 3660 5110 δτι
3684 5058 3819 5121 τοὺς

2216 5150 2540 5220 δοξάζοντάς
2563 5167 2632 5222 με
2657 5149 2888 5214 δοξάσω,
2918 5148 3011 5202 καὶ
3037 5150 3065 5202 ό
3089 5147 3389 5214 ὲξουθενῶν
3419 5164 3508 5223 με,
3532 5148 3810 5220 ἀτιμωθὴ-

2221 5263 2395 5299 σεται.
2426 5263 2444 5296 ι
2482 5243 2776 5308 Δοξάσεται
2804 5242 2861 5294 δὲ
2888 5240 3024 5310 πρὸς
3048 5240 3207 5312 ἡμῶν
3236 5243 3265 5295 ό
3290 5241 3479 5315 Πατὴρ
3500 5241 3529 5294 ό
3550 5238 3659 5292 τῶν
3676 5240 3816 5293 ὅλων

2219 5339 2369 5403 Θεὸς,
2406 5338 2527 5409 οὐχὶ
2568 5337 2629 5390 τὸ
2659 5336 2842 5399 αὐτοῖς
2873 5335 3004 5406 ἡμῖν
3030 5333 3130 5407 ἡδύ
3180 5351 3241 5387 τε
3286 5334 3380 5387 καὶ
3411 5333 3565 5402 φίλον
3597 5333 3816 5386 ἀποπε-

2221 5431 2424 5502 ραίνειν
2478 5427 2924 5493 ἐσπουδακότων,
2985 5425 3416 5485 ἀνατεθεικότων
3486 5424 3544 5478 δὲ
3610 5423 3817 5497 μᾶλλον

2217 5523 2366 5594 αὑτῷ
2413 5522 2505 5576 τδν
2549 5519 2699 5585 νοῦν,
2730 5521 2968 5583 καὶτοῖς
3019 5517 3187 5572 αὑτοῦ
3234 5516 3499 5585 νεύμασιν
3529 5515 3817 5586 ἑπομένων

2220 5614 2516 5685 πανταχοῦ.
2548 5610 2976 5684 Φοδηθησόμεθα
3011 5609 3067 5663 δὲ
3107 5610 3201 5664 καὶ
3238 5608 3313 5672 ὡς
3346 5607 3572 5680 Κύριον,
3600 5606 3700 5678 τὴν
3732 5609 3817 5674 είς

2218 5707 2529 5778 φαυλότητα
2558 5704 2730 5777 ῥοπὴν
2752 5703 3150 5767 ἀνακόπτοντες
3172 5701 3310 5755 αἰδοῖ
3333 5699 3425 5755 τοῦ
3450 5700 3819 5773 προσκρούειν
