4098 6480
481 292 543 345 9.1?
559 293 577 346 Ι

1547 281 1605 338 s.
1648 260 1924 339 citum
1965 266 2099 338 Au;

2207 264 2436 339 {suum
2476 266 2795 343 .tucuteii.
3682 273 3789 356 ﬁes

479 418 727 461 caurum
763 401 833 457 ⁸⁸.
867 419 886 453 ι
924 399 1081 454 Pura:
1122 399 1287 470 igitur
1315 409 1369 454 et
1410 397 1767 453 sanctiﬁcata
1805 408 1860 453 et
1889 413 2094 469 azyma:

2199 399 2426 470 παλαιᾷ,
2462 399 2594 471 μηδὲ
2623 402 2682 455 ὲν
2717 403 2864 475 ζύμῃ
2896 406 3095 471 κακίας
3131 404 3229 461 καὶ
3262 408 3550 479 πονηρίας,
3584 410 3697 465 ἀλλ⁵
3730 417 3791 468 ἐν

481 496 605 550 vita:
637 497 739 550 hoc
762 509 931 564 genus
958 492 1111 562 panis
1141 500 1225 545 est
1246 487 1894 561 symbolum.0lferebant
1920 491 2087 560 igitur

2199 489 2424 561 ἀζύμοις
2483 490 2836 564 εἱλικρινείας
2882 498 2975 549 καὶ
3020 497 3300 570 ἀληθείας.
3334 521 3352 553 ι
3407 503 3517 556 Ῑιὶαλ⁸
3578 500 3787 558 πάλινλ

484 604 583 656 pro
612 602 690 654 se,
728 587 864 640 utin
895 585 1037 656 typis
1064 584 1242 639 adhuc
1282 591 1335 637 et
1393 581 1629 645 umbris,
1658 582 1750 651 qui
1784 582 2082 638 secundum

2199 599 2217 631 ι
2241 579 2619 654 Ἐκκαθάρατε
2644 578 2739 637 οὖν
2766 586 2868 656 τὴν
2898 587 3136 642 παλαιὰν
3164 586 3367 661 ζύμην,
3405 592 3494 646 ἵνα
3534 588 3634 665 ἦτε
3674 599 3791 649 νέον

486 681 659 749 legem
699 693 866 748 panes
886 692 1107 748 azymos
1123 685 1176 730 et
1197 689 1387 747 azyma
1416 672 1738 731 oﬂ'erebant.

2199 673 2443 743 φύραμα,
2472 674 2658 739 καθώς
2694 678 2819 731 ἐστε
2856 678 3077 750 ἄζυμοι.
3102 699 3121 733 ι
3153 682 3454 755 Παρεγγυᾷ
3474 682 3532 739 δὲ
3554 666 3792 756 Χριστὸς

485 777 599 840 τοῖς
652 775 831 844 ἁγίοις
891 772 1234 838 ἀποστόλοις,
1281 770 1425 826 οὕτω
1476 769 1689 839 λέγων·
1731 790 1749 821 ι
1781 769 2087 841 Προσέχετε
2123 768 2233 824 ἀπὸ
2298 768 2400 838 τῆς
2439 767 2620 841 ζύμης
2693 768 2803 822 τῶν
2830 772 3141 843 Φαρισαίων
3196 775 3290 828 καὶ
3334 775 3732 831 Σαδδουκαίων.
3766 797 3785 829 ι
3822 834 3827 841 ,

488 871 698 927 Οὐκοῦν
742 869 994 939 καθαρᾶς
1028 868 1121 923 καὶ
1155 867 1502 941 ἡγιασμένης
1551 868 1643 921 καὶ
1690 867 1902 940 ἀζύμου
1942 864 2089 937 ζωῆς
2127 865 2355 935 σημεῖον
2394 864 2430 916 ’ὁ
2473 865 2658 936 ἄρτος.
2730 867 3141 938 Προσεκόμιξον
3205 869 3387 925 τοίνυν
3432 869 3551 924 ἀνθ’
3582 854 3829 966 saucii”:

486 968 564 1031 ὡς
601 969 658 1022 ὲν
688 966 880 1030 τύποις
905 965 984 1017 ἔτι
1015 963 1111 1018 καὶ
1163 962 1342 1026 σκιαῖς
1368 963 1418 1015 οἱ
1487 962 1860 1033 προσάγοντες
1894 960 2095 1032 ἄρτους
2131 976 2193 1013 τε
2223 957 2470 1030 ἀζύμους
2494 958 2589 1013 καὶ
2616 958 2803 1031 ἄζυμα
2828 962 2971 1015 κατὰ
3001 961 3092 1016 τὸν
3120 963 3306 1034 νόμον.

563 1061 835 1127 Quoniam
867 1068 1048 1113 autem
1078 1057 1534 1121 catechumenos,
1560 1066 1615 1111 et
1642 1056 1713 1111 ita
1744 1071 1841 1126 per
1869 1070 2091 1110 sacrum

489 1154 762 1222 baptisma
788 1151 1026 1205 nondum
1053 1169 1082 1205 a
1117 1159 1342 1221 peccato
1383 1158 1642 1218 purgatos
1694 1148 1952 1204 Ecclesiis
1986 1162 2093 1203 non

490 1245 737 1313 ejiciums
771 1260 895 1298 cum
926 1245 1092 1296 Deum
1125 1242 1501 1313 gloriﬁcamus
1535 1258 1548 1294 :
1589 1241 1722 1309 quin
1780 1254 1877 1294 eos
1912 1239 2095 1308 potius

490 1336 546 1391 in
571 1335 999 1389 consummando
1020 1332 1292 1387 sacriﬁcio
1318 1330 1493 1386 laudis
1512 1331 1692 1386 socios
1716 1328 2092 1394 adsciscimus,

492 1428 616 1484 ideo
651 1427 731 1480 lex
768 1427 821 1480 in
859 1425 1187 1481 fermentato
1219 1423 1391 1489 illam,
1448 1422 1902 1492 gloriﬁcationem
1929 1429 2082 1494 puta,

493 1520 795 1575 faciendam
832 1519 1033 1590 inquit,
1066 1519 1205 1574 sicut
1238 1518 1347 1572 dixi
1384 1532 1399 1570 :
1434 1516 1634 1572 veteris
1664 1516 1924 1587 nequitiae
1954 1510 2083 1572 reli-

493 1614 674 1682 quias,
702 1613 856 1682 quasi
886 1611 1153 1681 quoddam
1214 1610 1540 1664 fermentum
1584 1606 1637 1661 in
1696 1623 1757 1664 se
1795 1606 2083 1663 habentem

495 1705 830 1775 signiﬁcans,
847 1718 1039 1773 panem
1068 1702 1450 1757 fermentatum
1473 1715 1567 1771 per
1587 1697 1819 1770 aenigma
1845 1700 2084 1755 nondum

2273 1051 2494 1124 Ἐπειδὴ
2522 1052 2580 1106 δὲ
2620 1054 2715 1108 καὶ
2744 1054 2872 1119 τοὺς
2899 1053 2977 1109 ἔτι
3013 1055 3476 1129 κατηχουμένους,
3512 1056 3607 1110 καὶ
3639 1054 3789 1110 οὔπω

2187 1146 2286 1218 τὴν
2337 1145 2615 1218 ἁμαρτίαν
2666 1148 3091 1219 ὲκνενιμμένους
3141 1148 3230 1202 διά
3272 1146 3365 1201 τοῦ
3403 1147 3562 1217 ἁγίου
3596 1147 3786 1219 βαπτίὶ

2192 1254 2418 1309 σματος,
2444 1238 2544 1292 οὐκ
2572 1237 2933 1310 ἐκπέμπομεν
2952 1238 3063 1293 τῶν
3094 1239 3435 1311 Έκκλησιῶν
3451 1240 3791 1310 δοξολογοῦνέ

2190 1346 2282 1395 τες
2314 1328 2468 1395 Θεὸν,
2500 1328 2806 1397 ποιούμεθα
2852 1330 2912 1385 δὲ
2966 1331 3168 1402 μᾶλλον
3203 1334 3517 1398 κοινωνοὺς,
3550 1333 3648 1407 τὴν
3692 1336 3791 1406 τῆς

2193 1420 2455 1486 αἰνέσεως
2498 1420 2841 1494 πληροῦντες
2888 1422 3082 1479 θυσίαν
3110 1440 3125 1455 ·
3160 1425 3418 1500 ταύτῃτοί
3445 1444 3578 1499 φησι
3627 1430 3723 1482 καὶ
3765 1430 3794 1484 ό

2192 1516 2379 1589 νόμος,
2411 1518 2499 1572 ἐπ’
2531 1517 2720 1590 ἄρτοις
2753 1514 3007 1590 ζυμίταις
3040 1520 3238 1591 χρῆναι
3258 1520 3391 1592 δρᾷν
3411 1521 3603 1593 αὐτὴν,
3626 1521 3797 1594 ἄρτον

2194 1610 2430 1683 ζυμίτην
2479 1609 2655 1680 λέγων
2692 1610 3114 1681 αἰνιγματωδῶς
3137 1612 3229 1666 τὸν
3254 1610 3411 1666 οὔπω
3453 1612 3800 1684 κεκαθαρμέ‹

2194 1712 2304 1766 νον,
2335 1701 2412 1764 ὡς
2443 1700 2601 1773 ἔφην,
2629 1699 2719 1755 διὰ
2754 1700 2849 1754 τοῦ
2889 1701 3046 1771 ἁγίου
3080 1701 3481 1775 βαπτίσματος,
3512 1702 3707 1774 ἔχοντα
3738 1698 3796 1757 δξ

495 1796 824 1865 baptismate
855 1806 1161 1866 purgatum.
1203 1812 1223 1846 ι
1254 1791 1358 1849 Vos
1391 1793 1557 1864 igitur
1593 1792 1911 1847 sacerdotes
1931 1791 2088 1857 estis,

2199 1792 2385 1866 ὥσπερ
2418 1793 2543 1848 τινὰ
2593 1793 2774 1867 ζύμην
2804 1795 2861 1847 ὲν
2892 1794 3071 1865 ἑαυτῷ
3097 1795 3163 1848 τά
3197 1796 3295 1867 τῆς
3330 1796 3562 1866 ἀρχαίας
3594 1794 3796 1865 (paulo;

500 1887 696 1956 inquit,
720 1887 812 1955 qui
848 1885 1130 1955 despicitis
1161 1900 1357 1940 nomen
1387 1897 1588 1948 meum,
1621 1901 1641 1935 ι
1677 1883 1805 1937 dum
1833 1883 1899 1937 ad
1920 1882 2091 1938 altare

499 1994 678 2034 meum
702 1991 874 2048 panes
896 1977 1131 2048 pollutos
1152 1975 1383 2033 oﬁertis.
1406 1974 1719 2031 Curandum
1744 1990 1876 2045 ergo
1906 1988 2092 2030 sacer-

498 2069 647 2124 dotio
680 2067 913 2134 ornatis,
938 2082 1007 2122 ne
1035 2065 1166 2137 quid
1192 2065 1298 2121 tale
1335 2066 1390 2120 in
1418 2064 1667 2120 Ecclesia
1697 2065 2088 2127 committatur,

497 2173 552 2219 et
585 2162 878 2217 tenendum
906 2168 1220 2214 accuratam
1245 2158 1685 2214 observationem
1724 2157 1834 2212 Deo
1878 2165 2091 2227 gratam

496 2252 869 2325 etjucundam
906 2252 1157 2307 accidere
1184 2267 1198 2319 ;
1224 2261 1434 2317 contra,
1472 2249 1780 2305 socordiam
1836 2248 1891 2303 in
1932 2248 2093 2302 rebus

498 2354 608 2401 tam
636 2344 966 2399 venerandis
993 2358 1245 2413 magnam
1278 2341 1354 2397 illi
1387 2357 1577 2396 creare
1611 2340 1913 2396 molestiam
1940 2356 1957 2399 :
1993 2354 2094 2394 nec

500 2438 556 2493 id
585 2438 779 2507 supine
815 2436 1149 2508 negligentes
1191 2435 1412 2505 impune
1466 2433 1659 2489 ferent.
1692 2432 1759 2487 Et
1822 2433 2094 2502 quomodo

501 2545 609 2586 non
646 2529 960 2585 miserabile
985 2538 1069 2583 est
1101 2527 1246 2583 istud
1292 2525 1521 2583 videre?
1550 2542 1672 2581 cum
1714 2525 1792 2581 illi
1825 2525 2088 2580 audiant:

506 2638 528 2674 ι
574 2618 685 2675 Vos
715 2620 1028 2675 sacerdotes
1058 2618 1324 2688 estis,qui
1355 2617 1633 2687 despicitis
1672 2631 1866 2671 nomen
1926 2617 2096 2687 823

502 2726 705 2767 meum.
738 2728 757 2762 ι
802 2709 896 2766 Est
934 2710 1078 2765 enim
1123 2710 1341 2779 quidam
1372 2716 1721 2774 contemptus
1768 2705 1864 2760 Dei
1911 2721 2094 2761 sacer-

501 2804 688 2858 dotum
721 2802 1001 2873 segnities,
1036 2809 1092 2856 et
1115 2811 1397 2872 peccatum
1431 2798 1560 2855 illud
1613 2798 1795 2869 gloria:
1847 2800 1948 2870 ipsi
1993 2798 2093 2853 tri-

501 2894 729 2951 buenda:
762 2909 828 2950 ac
851 2895 1046 2950 debitae
1080 2893 1426 2949 adversatur.

577 3070 742 3126 Vens.
779 3067 834 3121 8.
863 3067 1003 3133 Quia
1031 3069 1077 3121 si
1114 3067 1352 3138 oﬁeratis
1386 3082 1583 3122 caecum
1616 3068 1670 3120 in
1719 3066 2043 3135 sacriﬁcium
2073 3103 2090 3129 ,

502 3166 674 3218 ‘noune
708 3161 953 3216 malum?
997 3159 1067 3214 Et
1104 3166 1151 3214 si
1196 3161 1436 3230 offeratis
1508 3159 1780 3222 claudum,
1822 3167 1917 3212 aut
1978 3158 2095 3211 lan-
2123 3142 2166 3200 ο

501 3254 753 3328 guidum,
803 3270 973 3310 nonne
1015 3253 1272 3308 malum?
1319 3251 1468 3322 Olfcr
1516 3250 1654 3305 illud
1698 3253 1821 3305 duci
1879 3263 2006 3316 tuo,
2050 3252 2097 3306 si

501 3348 750 3417 Suscipiet
790 3356 856 3411 te,
901 3348 946 3401 si
988 3345 1208 3417 accipiet
1244 3344 1435 3415 {aciem
1468 3354 1640 3408 luant,
1672 3343 1796 3397 dicit
1846 3343 2098 3398 Dominus

502 3442 849 3509 Omnipotens.

575 3529 669 3585 IX.
710 3528 845 3584 Cum
887 3531 971 3585 lex
1034 3528 1318 3585 mandaret
1341 3529 1382 3563 ⁶¹
1412 3527 1755 3583 victimarum
1788 3529 1916 3582 vitia
1968 3540 2099 3583 con-

500 3626 764 3688 sidcrare,
802 3632 858 3679 et
884 3623 1106 3678 mutilas
1138 3636 1234 3677 seu
1265 3621 1527 3676 membris
1555 3631 1744 3690 captas
1783 3616 2099 3692 repudiare,

500 3733 569 3773 ex
601 3716 750 3772 ontni
783 3726 937 3785 parte
975 3715 1223 3785 integras
1261 3711 1598 3780 sacriﬁcare,
1644 3713 1719 3767 illi
1752 3729 1819 3769 eo
1855 3723 2099 3785 tempore

502 3810 641 3865 citra
686 3809 988 3873 delectum,
1016 3816 1073 3861 et
1098 3806 1243 3861 nullo
1269 3804 1607 3871 discriminc,
1653 3816 1852 3861 cuncta
1905 3804 2101 3863 offeres

505 3903 657 3966 bant,
684 3910 739 3956 et
769 3899 952 3972 gloria:
976 3898 1087 3952 Deo
1121 3898 1296 3969 digna:
1337 3897 1478 3952 ratio
1502 3898 1727 3952 omnino
1772 3899 1969 3969 exigua
2002 3900 2100 3953 du-

504 3997 767 4051 cebatur:
804 4003 863 4046 ut
884 4002 1070 4046 autent
1099 4006 1262 4060 quam
1284 3990 1547 4061 plurimas
1579 3990 1830 4045 victimas
1865 4006 2102 4060 congre~

503 4097 719 4159 garent,
750 4095 803 4142 et
830 4086 1043 4155 copiam
1072 4085 1303 4138 arietum
1332 4082 1500 4147 domi,
1533 4096 1599 4138 ac
1632 4083 1868 4138 fortasse
1904 4084 1958 4137 in
1985 4084 2101 4155 ipso

504 4179 860 4239 tabernaculo
897 4179 1180 4241 haberent,
1223 4178 1276 4231 in
1334 4191 1400 4231 eo
1450 4174 1740 4246 plurimum
1803 4188 1985 4247 Opera:
2037 4190 2103 4231 ac

506 4274 672 4331 studii
709 4274 1154 4330 consumebatur.
1191 4272 1273 4324 Aa
1306 4269 1492 4339 igitur,
1544 4282 1576 4322 ο
1626 4269 1875 4337 praeclari
1922 4271 2099 4339 legum

506 4366 780 4432 Custodes,
816 4364 863 4419 si
898 4365 1023 4435 quis
1055 4377 1260 4417 caecum
1317 4361 1385 4415 ad
1444 4358 1772 4415 sacriﬁcium
1819 4361 2099 4428 obtulerit,

510 4463 611 4516 hoc
668 4456 997 4515 sacriﬁcium
1047 4456 1305 4510 vitiosum
1344 4469 1448 4509 non
1505 4454 1634 4509 est?
1661 4454 1816 4523 Quod
1861 4455 1906 4511 si
1952 4454 2101 4509 clau-
2133 4488 2177 4544 θ

506 4554 658 4619 dum,
685 4560 778 4604 aut
805 4547 1140 4619 languidum,
1174 4562 1303 4599 num
1350 4560 1410 4599 se
1463 4560 1491 4598 a
1537 4545 1769 4600 crimine
1839 4543 2101 4599 mutilata:

508 4647 744 4701 victima:
785 4642 921 4698 tueri
959 4642 1163 4710 poterit
1191 4640 1213 4692 ?
1241 4639 1322 4694 Att
1360 4655 1466 4694 non
1526 4638 1827 4695 istiusmodi
1868 4636 2007 4692 mala
2048 4648 2105 4693 et

508 4738 576 4792 ad
608 4733 941 4791 sacriﬁcium
973 4735 1153 4803 inepta
1200 4729 1536 4785 ceusehitis?
1588 4730 1683 4785 Sin
1745 4730 1906 4784 aliter
1960 4730 2102 4799 apud

508 4830 722 4884 animos
752 4837 964 4881 vestros
1013 4823 1279 4889 statuitis,
1317 4838 1417 4895 age
1446 4823 1715 4895 quispiam
1762 4837 1861 4893 pro
1892 4822 2051 4876 senio
2084 4862 2102 4887 ,

510 4931 566 4978 ct
590 4922 644 4976 in
686 4920 808 4975 loco
837 4919 1076 4973 muneris
1111 4917 1203 4972 uni
1251 4932 1473 4973 suorum
1514 4916 1938 4986 gubernatorum
1970 4915 2103 4970 oll'e-

513 5025 616 5072 rat.
660 5013 822 5084 Atqui
878 5028 983 5067 non
1016 5010 1296 5081 suscipiet,
1338 5009 1534 5078 inquit,
1585 5023 1683 5063 nec
1716 5004 1994 5063 offerentis
2024 5008 2102 5062 fa-

511 5110 651 5164 ciem
682 5106 947 5162 reveritus
976 5104 1104 5160 illud
1126 5103 1464 5159 offerendum
1497 5099 1664 5156 fuisse
1684 5100 1978 5172 iudicabit,
2012 5115 2104 5155 ve-

515 5202 924 5267 hementerque,
960 5205 1020 5250 ut
1062 5194 1259 5265 injuria
1306 5191 1610 5252 lacessitus,
1666 5192 1953 5246 irascetur.
2002 5189 2103 5245 Est

514 5292 695 5360 itaque
732 5307 763 5345 a
800 5290 1007 5345 ratione
1032 5301 1257 5358 prorsus
1289 5284 1713 5350 alienissimum,
1762 5283 1872 5339 Deo
1906 5285 2106 5339 audere

513 5381 707 5438 offerre
736 5396 855 5453 quae
877 5395 977 5436 nec
1003 5387 1250 5434 nostrum
1274 5375 1472 5444 aliquis
1488 5375 1806 5444 dignaretur
1835 5376 2103 5446 accipere.

516 5475 767 5547 Magnum
803 5476 907 5528 hoc
941 5471 1098 5527 nobis
1134 5478 1416 5539 peccatum
1451 5478 1535 5523 est
1566 5507 1581 5534 ,
1618 5468 1663 5523 si
1703 5468 1936 5524 oblaturi
1972 5468 2101 5533 Deo,

514 5581 823 5639 qumramus
858 5564 1044 5619 miseri
1078 5561 1223 5633 quod
1258 5559 1479 5625 fuadius,
1513 5571 1607 5614 aut
1648 5561 1811 5617 vilius
1835 5572 1957 5617 est:
1990 5576 2098 5617 non

588 5730 632 5763 ⁶⁹
672 5749 867 5809 Matth.
899 5760 1014 5812 nt,
1046 5744 1099 5802 6.
1177 5741 1223 5823 ’ἦ
1251 5740 1427 5807 Levii.
1457 5757 1593 5813 xm,
1619 5740 1686 5806 21
1714 5758 1866 5818 seqq.

2191 1902 2355 1959 τητος
2381 1885 2635 1959 λείψανα.
2674 1905 2693 1938 ι
2714 1884 2906 1958 Ὑμεῖς
2937 1882 3052 1951 οὖν,
3078 1886 3261 1957 φησὶν,
3293 1888 3342 1939 οἱ
3372 1888 3559 1959 ἱερεῖς,
3582 1887 3633 1939 οἱ
3660 1902 3797 1955 φαυ-

2191 1979 2432 2046 λίζοντες
2464 1979 2525 2033 τὸ
2558 1979 2733 2051 δνομὰ
2787 1996 2913 2051 μου,
2945 1994 2965 2030 ι
3001 1978 3091 2033 διὰ
3123 1978 3185 2031 τὸ
3219 1979 3550 2050 προσφέρειν
3599 1979 3682 2043 είς
3734 1974 3797 2033 to

2194 2069 2581 2143 θυσιαστήριον
2618 2088 2719 2142 μου
2755 2071 2952 2143 ἄρτους
2973 2072 3396 2142 ηλισγημένους.
3424 2066 3544 2143 Χρὴ
3575 2068 3800 2144 τοιγαρ-

2193 2160 2287 2215 οὖν
2316 2158 2573 2233 φροντίδα
2613 2160 2886 2213 ποιεῖσθαι
2915 2161 3043 2225 τοὺς
3074 2160 3171 2232 τὴν
3202 2160 3352 2214 θείαν
3380 2161 3600 2231 ἔχοντας
3631 2163 3795 2234 ἱερω-

2199 2254 2388 2325 σύνην,
2428 2250 2504 2324 μὴ
2533 2252 2642 2324 ἄρα
2671 2270 2721 2305 τι
2750 2251 2925 2322 δρῴτο
2950 2251 3191 2306 τοιοῦτον
3225 2254 3283 2305 ὲν
3333 2252 3668 2326 Ἐκκλησία·
3719 2255 3799 2307 είλ

2193 2343 2342 2397 δέναι
2388 2359 2469 2409 τε,
2513 2343 2595 2395 ὅτι
2645 2344 2678 2413 ὴ
2732 2343 2831 2413 μὲν
2878 2344 3110 2416 ἀκριϐὴς
3157 2345 3484 2415 ὲπιτήρησις
3535 2345 3800 2418 εὐφρανεῖ

2194 2433 2348 2500 Θεὸν,
2384 2433 2763 2506 καταλυπήσει
2789 2434 2846 2486 δὲ
2874 2434 2993 2487 λίαν
3040 2436 3101 2487 τὸ
3139 2435 3405 2508 ῥᾳθυμεῖν
3442 2436 3660 2492 ἑλέσθαι
3687 2438 3796 2491 τῶν

2195 2525 2339 2580 οὕτω
2375 2525 2610 2579 σεπτῶν.
2648 2527 2775 2579 Ὅτι
2810 2528 2912 2581 οὐκ
2950 2526 3186 2599 ἀζήμιον
3215 2529 3276 2582 τὸ
3309 2532 3499 2601 χρῆμα
3542 2533 3653 2593 τοῖς
3690 2528 3797 2586 ιτε-

2194 2618 2502 2687 τιουμένοις
2553 2635 2703 2683 πως,
2764 2618 2823 2671 οὐ
2879 2618 3227 2693 ταλαίπωρον
3283 2622 3432 2688 ἰδεῖν,
3490 2624 3797 2678 ἀκουόντων

2199 2708 2419 2762 ἐκείνων
2442 2725 2455 2738 ·
2494 2728 2512 2761 ι
2537 2710 2724 2780 Ὑμεῖς
2753 2712 2801 2764 οἱ
2831 2712 3017 2780 ἱερεῖς,
3048 2713 3098 2763 οἱ
3129 2712 3480 2781 φαυλίζοντες
3521 2713 3583 2769 τὸ
3622 2714 3801 2786 ὄνομα

2201 2817 2324 2870 μου.
2359 2820 2378 2852 ι
2411 2800 2698 2874 Φαύλισμα
2728 2801 2836 2874 γὰρ
2868 2801 3059 2875 ὥσπερ
3090 2805 3169 2870 εἰς
3203 2804 3336 2858 Θεὸν
3375 2806 3485 2859 τῶν
3513 2806 3705 2878 ἱερέων
3735 2800 3802 2861 τδ

2200 2892 2466 2965 ῥᾴθυμον,
2493 2892 2587 2946 καὶ
2617 2896 2698 2958 εἰς
2729 2894 2827 2964 τὴν
2859 2895 3006 2963 αὐτῷ
3037 2897 3356 2967 πρέπουσάν
3380 2915 3440 2952 τε
3467 2899 3563 2952 καὶ
3588 2899 3804 2969 ὀιρειλοι

2201 2986 2369 3057 μένην
2398 2984 2556 3050 δόξαν
2583 2987 2917 3058 ἀναφέρεται
2947 2989 3007 3042 τὸ
3042 2988 3443 3062 πλημμέλημα.

2270 3080 2425 3132 Διότι
2455 3078 2565 3133 ἐὰν
2596 3079 3023 3151 προσαγάγητε
3055 3083 3290 3152 τυφλὸν
3329 3087 3415 3151 εἰς
3456 3086 3695 3152 θυσίας,
3723 3067 3801 3142 οὗ

2201 3170 2392 3223 κακόν
2410 3185 2429 3234 ;
2461 3170 2560 3225 καὶ
2584 3169 2696 3225 ἐὰν
2717 3172 3136 3243 προσαγάγητε
3163 3174 3365 3243 χωλὸν
3405 3176 3442 3246 ἢ
3467 3177 3803 3247 ἄρρωστον.

2202 3262 2273 3316 οὐ
2304 3262 2527 3325 κακόν;
2564 3262 2915 3333 Προσάγαγε
2942 3263 3018 3333 δὴ
3049 3266 3195 3320 αὐτὸ
3223 3266 3301 3332 τῷ
3323 3268 3635 3339 ἡγουμένῳ
3657 3287 3806 3336 σου,

2200 3355 2252 3406 εἰ
2300 3352 2701 3422 προσδέξεται
2749 3372 2842 3419 σε,
2877 3360 2927 3410 ει
2971 3358 3232 3426 λήψεται
3277 3363 3607 3427 πίὸσωπόν
3657 3378 3804 3429 σου,

2202 3441 2364 3512 λέγει
2398 3446 2613 3515 Κύριος
2638 3446 3087 3515 παντοκράτωρ.

2271 3537 2346 3588 6'.
2390 3536 2793 3606 Μωμοσκοπεῖν
2839 3538 2935 3593 τοῦ
2983 3540 3149 3610 νόμον
3200 3540 3268 3594 τὰ
3314 3544 3487 3613 ἱερεῖα
3522 3546 3803 3615 προστάτὲ

2201 3626 2404 3693 τοντος,
2455 3628 2552 3681 καὶ
2605 3629 2913 3701 ἀπόϐλητον
2969 3631 3069 3702 μὲν
3118 3633 3389 3687 ποιεῖσθαι
3433 3635 3501 3689 τὰ
3546 3635 3803 3709 ἔμπηρα,

2202 3719 2494 3791 καθιεροῦν
2524 3720 2581 3774 δὲ
2620 3720 2689 3774 τὰ
2710 3721 2941 3793 ἄμωμα,
2971 3726 3372 3796 προσεκόμιζον
3398 3728 3477 3799 τῷ
3508 3729 3806 3801 θυσιαστηο

2203 3813 2305 3884 ρίῳ
2337 3811 2459 3867 κατ’
2493 3815 2670 3868 ἐκεῖνο
2718 3814 2814 3869 τοῦ
2858 3816 3054 3888 καιροῦ
3102 3818 3279 3872 πάντα
3315 3820 3481 3892 χύδην
3521 3824 3613 3876 καὶ
3650 3824 3806 3877 seu;

2203 3902 2427 3973 κρίτως,
2460 3906 2555 3958 καὶ
2572 3906 2674 3976 τῆς
2710 3906 2808 3976 μὲν
2842 3908 3161 3981 πρεπούσης
3189 3908 3348 3982 δόξης
3374 3913 3451 3983 τῷ
3475 3914 3594 3985 Θεῷ
3618 3915 3805 3984 ὀλίγος

2200 3987 2270 4063 ἦν
2303 3994 2583 4060 παντελῶς
2603 3997 2630 4048 ὁ
2659 3995 2847 4066 λόγοςδ
2882 4001 3101 4071 φροντὶς
3133 4002 3188 4054 δὲ
3212 4001 3331 4056 λίαν
3358 4004 3800 4078 ἐσπουδασμένη.

2202 4085 2264 4139 τὸ
2297 4086 2526 4141 πλεῖστα
2545 4090 2647 4144 ὅσα
2675 4091 3019 4169 συναγείρειν
3049 4092 3287 4164 θύματα,
3311 4096 3407 4150 καὶ
3440 4092 3609 4170 κριῶν
3634 4098 3807 4167 ἀφθο-

2202 4174 2323 4230 νίαν
2356 4175 2494 4232 οἴκοι
2536 4196 2595 4234 τε
2644 4179 2813 4252 ἔχειν,
2851 4182 2948 4236 καὶ
2976 4186 3032 4236 ὲν
3059 4186 3197 4257 αὐτῇ
3246 4205 3347 4241 που
3391 4190 3534 4259 τάχα
3566 4192 3634 4260 τῇ
3671 4191 3806 4263 ἁγίᾳ

2206 4265 2536 4344 σκηνῇ.⁷Αρ’
2565 4267 2677 4337 οὖν,
2715 4265 2760 4326 ὧ
2790 4273 2883 4327 τοῦ
2916 4276 3085 4345 νόμου
3121 4277 3379 4346 φύλακες,
3430 4281 3478 4333 εἰ
3529 4283 3803 4351 προσάγει

2202 4376 2286 4423 τις
2315 4361 2516 4428 τυφλὸν
2562 4362 2644 4426 εἰς
2678 4363 2896 4429 θυσίαν,
2922 4367 2981 4420 οὐ
3014 4367 3183 4421 κακον
3215 4368 3275 4422 τὸ
3321 4370 3503 4441 θῦμα;
3548 4372 3598 4425 εἰ
3638 4372 3695 4427 δὲ
3733 4373 3803 4444 δὴ

2207 4450 2304 4505 καὶ
2353 4452 2527 4522 χωλὸν
2586 4453 2621 4525 ἦ
2651 4453 2956 4527 ἄρρωστον,
2990 4459 3080 4513 τὸν
3114 4461 3213 4532 τῆς
3244 4462 3524 4534 ὲμπηρίας
3576 4461 3804 4532 διαφεύ-

2204 4541 2354 4608 ξεται
2407 4543 2626 4616 μῶμον;
2676 4548 2750 4600 Uti
2802 4548 2912 4621 γὰρ
2959 4551 3022 4622 δὴ
3064 4552 3261 4606 καὶτὰ
3304 4552 3483 4607 τοιάδε
3527 4550 3804 4622 λογιεῖσθε

2203 4635 2367 4700 κακὰ,
2416 4637 2511 4690 καὶ
2559 4638 2695 4720 προς
2727 4638 2917 4694 θυσίαν
2960 4644 3061 4696 οὐκ
3109 4644 3424 4716 ἐπιτηδείας
3469 4643 3609 4697 Ἀλλ’
3638 4646 3805 4715 εἴπερ

2202 4731 2380 4786 οἴεσθε
2409 4733 2551 4788 κατά
2579 4737 2720 4804 σφᾶς
2747 4737 2847 4808 οὐχ
2873 4731 2975 4791 ὧδε
3006 4738 3172 4810 ἔχειν,
3203 4738 3528 4811 ἀποφερέτω
3548 4756 3631 4803 τις
3657 4740 3802 4794 αὐτὰ

2204 4824 2396 4891 ξένιον,
2421 4826 2516 4880 καὶ
2542 4830 2599 4881 ὲν
2623 4827 2796 4900 δώρου
2824 4830 2975 4897 τάξει
3006 4831 3116 4885 τῶν
3151 4831 3480 4903 καθηγητῶν
3513 4829 3594 4883 ἑνί
3613 4870 3627 4883 .
3648 4828 3806 4881 Ἀλλ’

2205 4917 2305 4971 οὐκ
2344 4917 2410 4972 ἀν
2450 4919 2830 4990 προσδέξαιτο,
2864 4921 3018 4993 φησὶ,
3052 4922 3162 4977 οὐδ’
3186 4921 3253 4978 ἂν
3285 4922 3346 4976 τὸ
3368 4920 3463 4976 τοῦ
3496 4921 3805 4993 προσκομί-

2208 5005 2393 5072 ζοντος
2442 5010 2733 5079 πρόσωπον
2788 5010 3080 5089 αἰδεσθεὶς,
3109 5013 3288 5066 οἰστὸν
3319 5012 3381 5065 τὸ
3420 5010 3612 5083 χρῆμα
3644 5010 3811 5081 ποιήο

2210 5115 2384 5167 σαιτο,
2414 5100 2707 5171 χαλεπανεῖ
2737 5103 2793 5157 δὲ
2825 5102 2944 5157 λίαν
2975 5104 3051 5169 ὡς
3078 5104 3596 5176 ὑϐρισμένος.”Εστι
3619 5104 3804 5156 τοίνυν

2203 5192 2315 5247 τῶν
2336 5192 2479 5262 ἄγαν
2516 5196 2933 5263 ἐκτοπωτάτων,
2960 5195 3079 5267 Θεῷ
3103 5198 3431 5269 προσφέρειν
3462 5196 3803 5265 ἀποτολμᾷν,

2204 5286 2240 5342 ἃ
2296 5288 2417 5360 μηδ’
2449 5287 2516 5343 ἂν
2565 5283 2645 5355 εἷς
2691 5289 2798 5344 τῶν
2853 5291 3144 5363 καθ’ἡμᾱς
3183 5292 3357 5346 ἕλοιτο
3405 5290 3608 5344 λαϐεῖν.
3659 5289 3805 5343 Πολὺ

2204 5379 2362 5433 τοῦτο
2380 5383 2509 5453 παρ’
2539 5383 2669 5452 ἡμῖν
2692 5381 2753 5435 τὸ
2777 5382 3159 5455 πλημμέλημα
3180 5399 3192 5412 ·
3219 5384 3268 5436 εἱ
3298 5382 3406 5454 γὰρ
3434 5399 3484 5435 τι
3513 5380 3806 5452 μέλλοιμεν

2206 5474 2598 5544 προσκομίξειν
2619 5472 2758 5543 Θεῷ,
2783 5474 2858 5537 ὡς
2892 5476 2957 5528 ἂν
2988 5477 3205 5546 ἔχοιμεν
3234 5473 3303 5528 τὰ
3325 5473 3542 5543 αἰσχίω,
3572 5471 3667 5529 καὶ
3689 5471 3812 5527 δεύ-

2202 5581 2335 5636 τερα
2374 5563 2632 5634 ζητοῖμεν
2686 5566 2735 5617 οἰ
2788 5565 3037 5633 τάλανες,
3078 5566 3180 5619 οὐκ
3223 5562 3554 5632 ἐννοοῦντες,
3587 5562 3674 5619 ὅτι
3709 5561 3811 5618 καὶ
