4098 6554
331 498 439 561 Ξοῖ

1170 497 1730 557 COMMENTARIUS
1769 500 1835 557 IN
1880 501 2290 558 MALACHIAM
2332 500 2785 557 PROPHETAM.

3522 506 3632 565 298

392 619 516 674 οὐκ
565 615 699 695 ἔστι
732 632 853 686 μου
888 615 1122 685 θέλημα
1164 615 1236 670 ἐν
1285 615 1449 686 ὑμῖν,
1493 619 1658 688 ,λέγει
1706 621 1955 687 Κύριος,

2103 612 2268 671 Vens.
2326 616 2416 671 11.
2463 615 2587 670 Non
2615 626 2691 670 est
2730 615 2863 669 mihi
2908 615 3149 669 voluntas
3194 617 3249 668 in
3299 616 3459 681 vobis,
3500 620 3632 675 dicit

318 707 766 780 παντοκράτωρ,
796 707 898 762 καί
921 708 1151 763 θυσίαν
1178 709 1251 762 οὐ
1283 708 1693 781 προσδέξομαι
1713 712 1782 765 ἐκ
1804 712 1925 765 τῶν

315 800 537 875 χειρῶν
568 799 759 872 ὑμῶν.
796 801 958 855 Διότι
982 801 1102 856 ἀπὸ
1130 800 1450 856 ἀνατολῶν
1476 803 1659 872 ἡλίου
1690 802 1787 857 καὶ
1812 802 1925 867 ἕως

316 891 573 964 δυσμῶν
600 893 668 947 τὸ
700 891 894 963 ὄνομά
912 909 1034 962 μου
1061 892 1426 958 δεδόξασται
1447 894 1516 948 ἐν
1542 894 1669 961 τοῖς
1697 895 1922 959 ἔθνεσι,

314 987 419 1042 καὶ
442 988 516 1042 ἐν
551 987 734 1041 παντὶ
770 988 933 1054 τόπῳ
965 987 1231 1057 θυμίαμα
1266 986 1633 1057 προσάγεται
1676 986 1757 1053 τῷ
1793 987 1927 1041 ὀνό-

309 1082 459 1151 ματί
475 1096 620 1150 μου,
649 1078 752 1134 καὶ
777 1079 963 1134 θυσία
988 1078 1225 1148 καθαρά
1245 1096 1260 1110 ο
1293 1078 1445 1133 διότι
1468 1077 1622 1150 μέγα
1646 1078 1714 1133 τὸ
1738 1077 1929 1148 ὄνομά

310 1190 435 1243 μου
462 1172 536 1226 ἐν
573 1172 698 1237 τοῖς
722 1171 950 1233 ἔθνεσι,
985 1171 1148 1240 λέγει
1184 1171 1402 1238 Κύριος
1433 1169 1884 1239 παντοκράτωρ.

390 1264 494 1319 ΙΒ’.
547 1264 887 1332 Ἀποφάσκει
917 1262 1105 1316 λοιπὸν
1150 1265 1402 1337 ἐναργῶς
1445 1265 1547 1336 τῆς
1589 1264 1733 1318 κατὰ
1762 1264 1927 1335 νόμον

316 1355 580 1428 λατρείας
623 1356 722 1428 τὴν
772 1356 1167 1429 προσαγωγὴν,
1206 1356 1492 1429 μονονουχὶ
1543 1356 1601 1410 δέ
1649 1356 1743 1409 καὶ
1790 1356 1927 1410 ἀπο-

317 1448 485 1519 φοιτᾷ
534 1447 635 1518 τῆς
689 1448 771 1512 είς
810 1446 1101 1511 Ἰουδαίους
1148 1447 1403 1520 ἀγάπης,
1458 1447 1555 1501 καὶ
1605 1448 1929 1520 ἀνεθέλητον

317 1541 558 1595 ποιεῖται
598 1539 699 1610 τὴν
730 1540 1055 1612 ἱερωσύνην,
1081 1539 1178 1594 κα)⁸
1206 1539 1587 1612 ἀπαράδεκτον
1615 1539 1714 1613 τὴν
1744 1540 1926 1608 σκιὰν,

318 1629 617 1703 βουθυσίας
649 1630 714 1702 δὴ
746 1630 893 1700 λέγω
939 1631 1037 1686 καὶ
1073 1631 1338 1697 καπνοὺς,
1364 1632 1447 1685 ὅτι
1480 1632 1620 1703 μήτε
1648 1633 1707 1686 ἐν
1734 1632 1931 1704 ἀρχαῖς

316 1719 476 1788 οὗτος
516 1720 587 1795 ἦν
634 1724 664 1777 ὁ
709 1725 912 1789 σκοπὸς
951 1724 1141 1779 αὑτοῦ.
1174 1726 1287 1779 Καὶ
1318 1725 1430 1797 μὴν
1460 1726 1555 1778 καὶ
1587 1724 1749 1783 τοῦτο
1794 1728 1929 1796 ἡμῖν

315 1812 557 1891 ἐναργὲς
601 1817 696 1871 καὶ
745 1817 814 1871 δι’
843 1818 1049 1886 ἑτέρων
1096 1815 1397 1889 προφητῶν
1449 1819 1705 1885 ἐποιεῖτο,
1754 1817 1930 1887 λέγων

313 1908 411 1962 διὰ
450 1907 553 1980 μὲν
580 1908 767 1978 φωνῆς
807 1908 1030 1963 Ἡσαΐου
1060 1924 1074 1938 ⁸
1111 1928 1131 1961 ι
1161 1909 1386 1981 Πλήρης
1409 1910 1526 1980 sip!
1549 1909 1935 1981 ὁλοκαυτωμά-

2026 706 2285 763 Dominus
2328 708 2677 776 omnipotens,
2715 716 2763 760 et
2797 706 3123 776 sacriﬁcium
3178 722 3282 760 non
3330 708 3634 777 suscipiam

2026 815 2092 854 ea:
2148 800 2393 854 manibus
2436 800 2645 855 uestris.
2678 799 2818 865 Quia
2861 800 2927 853 ab
2984 809 3104 854 orm
3160 798 3288 852 solis
3351 815 3516 869 usque
3563 800 3633 854 ad

2028 908 2270 947 occasum
2307 907 2494 946 nomen
2534 907 2710 945 meum
2755 889 3115 961 gloriﬁcatur»:
3148 901 3221 945 est
3256 892 3313 945 in
3360 892 3627 960 gentibus,

2028 993 2075 1039 et
2125 984 2182 1037 in
2225 984 2370 1037 omni
2419 983 2535 1036 loco
2572 986 2847 1037 incensum
2909 981 3134 1052 σπανιω-
3159 983 3366 1037 nomini
3418 999 3551 1050 meo,
3581 995 3632 1037 et

2029 1076 2355 1144 sacriﬁcium
2420 1077 2722 1140 mundum;
2757 1076 2883 1146 quia
2927 1091 3176 1146 magnum
3229 1090 3420 1130 nomen
3460 1091 3635 1130 meum

2030 1166 2084 1222 in
2130 1167 2370 1235 gentibus
2397 1208 2413 1233 ,
2439 1169 2569 1221 dicit
2616 1166 2875 1222 Dominus
2904 1168 3263 1237 omnipotens.

2102 1257 2216 1314 χιι.
2255 1259 2515 1328 Deinceps
2563 1257 2894 1315 oblationem
2944 1259 3105 1326 juxta
3137 1260 3343 1315 cultum
3391 1260 3626 1329 legalem

2031 1350 2317 1406 manifeste
2346 1350 2617 1419 repudiat,
2643 1360 2699 1405 et
2727 1352 3117 1421 propemodum
3145 1365 3176 1405 ε
3205 1351 3478 1408 cbaritate
3503 1355 3636 1421 erga

2030 1443 2245 1498 iudices
2273 1440 2521 1506 discedit,
2550 1451 2607 1497 et
2630 1441 2934 1497 sacerdotio
2966 1442 3256 1508 abhorret,
3287 1452 3343 1497 et
3383 1445 3635 1499 umbram

2033 1550 2138 1591 non
2158 1535 2426 1600 admittit,
2445 1535 3028 1605 boumjmtnolationes
3053 1546 3114 1593 ιιι-
3129 1536 3365 1603 nidores,
3390 1537 3636 1606 inquam,

2031 1629 2290 1699 quoniam
2319 1641 2496 1698 neque
2532 1643 2561 1681 a
2594 1627 2863 1698 principio
2910 1628 2999 1684 hic
3054 1628 3128 1684 illi
3174 1644 3395 1697 scepus.
3456 1635 3638 1701 Atque

2034 1721 2178 1776 istud
2205 1719 2366 1775 nobis
2387 1720 2553 1774 etiam
2581 1735 2681 1791 per
2704 1721 2842 1777 alios
2868 1721 3161 1791 prophetas
3187 1722 3504 1780 declaravit.
3536 1722 3640 1779 Per

2038 1812 2234 1867 lsaiam
2272 1813 2493 1882 quidem
2524 1830 2539 1869 :
2579 1812 2607 1866 ι’
2635 1812 2833 1871 Plenus
2856 1830 2977 1870 sum
3016 1816 3352 1872 holocaustis
3380 1817 3636 1882 arietum,

2035 1913 2092 1961 et
2122 1906 2337 1977 adipem
2378 1919 2679 1977 agnorum,
2749 1916 2804 1962 et
2859 1910 3178 1980 sanguinem
3257 1919 3535 1966 taurorum
3585 1921 3641 1967 et

312 2017 430 2055 των
464 2001 662 2072 κριῶν,
691 2003 788 2053 καὶ⁸
835 2000 1006 2073 στέαρ
1034 2001 1236 2074 ἀρνῶν,
1272 2001 1370 2056 καὶ
1396 1999 1536 2074 αἷμα
1565 2002 1805 2075 ταύρων,
1835 2002 1932 2058 καὶ

2042 1996 2320 2054 hircorum
2355 2001 2514 2055 nolo:
2539 2013 2718 2070 neque
2741 1978 3003 2056 veneritis
3036 2015 3300 2071 apparere
3325 2002 3478 2069 niihi.
3505 2002 3640 2069 Quis

311 2093 543 2165 τράγων
569 2092 632 2145 οὐ
666 2090 968 2165 βούλομαι·
1019 2092 1129 2147 οὐδ’
1158 2092 1225 2148 ἂν
1270 2091 1508 2165 ἔρχησοε
1538 2092 1772 2163 ὀφθῆναί
1819 2105 1935 2164 pet;

315 2184 419 2250 Τίς
472 2186 585 2258 γὰρ
634 2185 933 2258 ἐξεζήτησε
978 2184 1157 2239 ταῦτα
1203 2186 1269 2240 ἐκ
1318 2185 1430 2239 τῶν
1482 2184 1681 2258 χειρῶν
1733 2185 1933 2257 ὑμῶν;

198 2330 201 2335 .
317 2279 527 2334 Ηατεῖν
562 2277 664 2349 τὴν
692 2276 866 2349 αὐλήν
901 2293 1004 2349 μου
1038 2276 1103 2330 οὐ
1135 2276 1535 2350 προσθήσεσθε.
1557 2277 1684 2332 Ἐὰν
1712 2278 1934 2350 ’φέρητε

318 2366 635 2439 σεμίδαλιν,
672 2367 904 2439 μάταιον
929 2382 943 2397 ·
974 2365 1229 2438 θυμίαμα
1276 2365 1558 2439 βδέλυγμα
1607 2367 1699 2439 μοί
1739 2368 1877 2423 ἐστι.
1910 2385 1930 2420 ι

316 2460 426 2516 Διὰ
449 2460 509 2515 δέ
537 2476 603 2529 γε
637 2459 740 2530 τῆς
779 2458 1049 2531 Ἰερεμίου
1082 2458 1300 2529 φωνῆς’
1343 2477 1363 2511 ι
1394 2459 1477 2513 Τὰ
1502 2458 1938 2531 ὁλοκαυτώματα

318 2551 485 2624 ὑμῶν
506 2552 849 2621 συναγάγετε
874 2550 1014 2619 μετὰ
1042 2551 1152 2605 τῶν
1180 2551 1383 2605 θυσιῶν
1413 2552 1590 2623 ὑμῶν,
1614 2552 1707 2607 καὶ
1731 2553 1938 2624 φάγετε

316 2644 394 2699 τὰ
426 2644 587 2714 κρέα,
618 2643 699 2698 ὅτι
732 2644 836 2698 οὐκ
874 2643 1120 2715 ἐλάλησα
1154 2643 1293 2715 πρὸς
1320 2643 1448 2708 τοὺς
1488 2644 1737 2715 πατέρας
1782 2645 1939 2717 ὑμῶν

320 2737 460 2809 περὶ
483 2736 967 2809 ὁλοκαυτωμάτων
990 2738 1087 2793 καὶ
1115 2735 1341 2803 θυσιῶν,
1359 2737 1417 2792 ἐν
1517 2737 1701 2810 ἡμέρα
1729 2738 1937 2810 ἀνήγα-

319 2845 425 2906 γον
472 2830 675 2898 αὐτοὺς
717 2832 783 2889 ἐκ
827 2833 934 2906 γῆς
980 2827 1340 2903 Αἰγύπτουίι
1396 2831 1786 2894 ’Υποτύπωσις
1828 2830 1940 2903 γὰρ

317 2928 542 3000 ὥσπερ,
578 2927 676 2982 καὶ
711 2925 1176 3000 προαναφώνησις
1212 2926 1312 2998 τῆς
1340 2927 1400 2979 ἐν
1430 2923 1706 2995 πνεύματί
1752 2941 1814 2977 τε
1844 2924 1941 2979 καὶ

321 3020 569 3093 ἀληθοῦς
591 3020 851 3092 λατρείας
878 3021 907 3074 ὁ
932 3019 1099 3090 νόμος
1123 3013 1212 3090 ἦν,
1252 3036 1270 3068 ι
1301 3018 1395 3070 καὶ
1423 3015 1771 3086 δικαιώματα
1804 3032 1939 3087 σαρ-

319 3115 446 3178 κὸς,
505 3113 580 3176 ὼς
629 3109 920 3175 θεσπέσιος
965 3111 1169 3181 γράφει
1218 3107 1471 3174 Παῦλος,
1527 3106 1692 3178 μέχρι
1742 3104 1939 3178 καιροῦ

284 3204 672 3277 ’διορθώσεως
707 3202 1053 3272 ἐπικείμενα.
1091 3219 1109 3252 ι
1152 3201 1214 3253 '0
1258 3199 1317 3252 δέ
1369 3215 1434 3267 γε
1486 3198 1588 3269 τῆς
1623 3197 1939 3268 ἐπανορθώ-

324 3315 471 3360 σεως
521 3292 714 3368 καιρὸς
750 3296 838 3366 εἴη
866 3294 933 3349 ἂν
963 3296 1065 3365 οὐχ
1091 3294 1303 3364 ἕτερος,
1331 3288 1513 3362 οἶμαι,
1545 3292 1629 3354 τις
1660 3290 1813 3362 παρὰ
1840 3290 1941 3361 τὴν

322 3390 425 3446 τοῦ
461 3389 714 3461 Σωτῆρος
746 3386 906 3459 ἡμῶν
937 3386 1260 3458 ἐπιδημίαν,
1295 3384 1386 3438 ὅτε
1423 3383 1516 3437 καὶ
1545 3384 1581 3454 ἠ
1610 3381 1808 3454 πρώτη
1838 3382 1942 3453 μὲν

322 3481 573 3544 διάθεσις
597 3480 687 3533 διὰ
708 3478 794 3543 τὺ,
819 3478 881 3531 τὸ
915 3478 1211 3549 ἄμεμπτον
1243 3474 1346 3528 οὐκ
1375 3474 1543 3545 ἔχειν,
1574 3471 1943 3544 ἀφανισθῆναι

325 3573 591 3643 λέγεται·
633 3569 953 3640 ὲπαλαιώθη
982 3569 1114 3642 γάρ·
1147 3571 1248 3639 τῆς
1278 3584 1343 3636 γε
1375 3566 1482 3639 μὴν
1514 3565 1644 3629 νέας
1691 3564 1785 3619 καὶ
1824 3564 1946 3617 δευ-

325 3666 497 3739 τέρας
529 3661 766 3737 tegmen
794 3664 983 3729 τόπος,
1016 3662 1051 3734 ἢ
1084 3660 1181 3714 καὶ⁵
1226 3659 1428 3723 παντὸς
1457 3658 1718 3711 ἐπέκεινα
1748 3654 1943 3728 μώμου

326 3775 393 3813 τε
443 3757 537 3811 καὶ
582 3757 762 3819 αἰτίας
801 3756 940 3809 ἐστί.
973 3753 1259 3825 Λελάληκε
1290 3752 1398 3823 γὰρ
1430 3750 1498 3804 δι’
1533 3750 1725 3821 αὐτῆς,
1759 3748 1818 3812 ὃς
1849 3748 1945 3801 καὶ

339 3870 359 3904 ι
391 3850 643 3922 μεγάλης
680 3847 879 3921 βουλῆς
907 3847 1178 3916 Ἀγγελος
1212 3865 1231 3899 ι
1280 3844 1621 3916 ὠνόμασται.
1650 3841 1945 3913 Τοιγάρτοι

333 3943 435 3998 καὶ
462 3941 734 4011 ἔφασκενθ
777 3958 796 3992 ι
821 3939 941 3993 Ἀπ’
972 3935 1219 4009 ἐμαυτοῦ
1247 3936 1309 3989 οὐ
1341 3934 1510 3999 λαλῶ,
1535 3933 1652 3987 ἀλλ’
1669 3934 1699 3986 ὁ
1719 3931 1944 4003 πέμψας

332 4053 407 4108 με
438 4034 656 4106 Πατὴρ,
692 4032 855 4097 αὑτός
884 4048 977 4104 μοι
1006 4028 1228 4101 ἐντολὴν
1251 4029 1475 4095 δέδωκε,
1496 4027 1551 4081 τί
1579 4028 1741 4091 εἴπω,
1774 4028 1869 4079 καὶ
1891 4024 1945 4077 τί

329 4127 581 4198 λαλήσω.
618 4145 639 4178 ι
673 4127 822 4197 Ἔφη
863 4124 1049 4178 τοίνυν
1081 4123 1332 4195 ἐναργῶς
1364 4122 1479 4185 τοῖς
1508 4120 1649 4175 κατὰ
1676 4119 1841 4190 νόμον
1876 4120 1946 4172 ἱε-

331 4218 686 4292 ρατεὼυσιν,
717 4218 795 4280 ὼς
831 4215 1149 4286 ἀνεθέλητοί
1176 4214 1237 4268 τέ
1263 4217 1402 4269 εἰσιν
1424 4212 1597 4284 αὐτῷ,
1635 4212 1838 4283 μᾶλλον
1862 4210 1940 4275 δὲ,

327 4310 410 4373 ὼς
443 4311 501 4361 ἐν
532 4309 720 4368 αὐτοῖς
745 4307 849 4361 οὐκ
879 4305 993 4378 ἔχει
1022 4305 1330 4376 θελήματα,
1357 4305 1417 4357 ἐν
1455 4305 1588 4375 σκιᾷ
1612 4301 1712 4357 καὶ⁸
1748 4301 1943 4364 τύποις

330 4399 611 4471 πληροῦσι
653 4400 868 4464 θυσίας,
899 4398 998 4453 καὶ
1045 4399 1122 4461 ὡς
1159 4398 1261 4451 οὐκ
1302 4395 1369 4450 ἂν
1413 4393 1771 4466 προσδέξαιτο
1801 4393 1944 4465 παρ’

328 4492 520 4547 αὐτῶν
548 4492 619 4546 τὰ
653 4489 1110 4563 ἱερουργούμενα.
1137 4490 1511 4562 Προαγορεύει
1559 4488 1619 4542 δὲ
1663 4487 1746 4543 ὅτι
1801 4487 1945 4558 μέγα

330 4584 436 4638 καὶ
480 4582 749 4650 ἐπιφανὲς
790 4580 944 4634 ἔσται
984 4579 1047 4633 τὸ
1079 4578 1254 4650 ὄνομα
1282 4578 1452 4633 αὐτοῦ
1485 4578 1641 4651 παρὰ
1685 4579 1803 4642 τοῖς
1839 4577 1946 4632 δινὰ

2036 2092 2183 2146 enim
2234 2092 2487 2163 quaesivit
2542 2092 2662 2148 haec
2711 2093 2779 2148 de
2818 2094 3071 2149 manibus
3131 2095 3371 2150 vestris?
3407 2095 3639 2151 Calcare

2037 2183 2238 2239 atrium
2273 2199 2455 2239 meum
2490 2200 2597 2240 non
2636 2185 2945 2257 apponetis.
2966 2185 3024 2242 Si
3040 2187 3349 2243 obtuleritis
3366 2188 3637 2260 siliginem

2042 2291 2239 2331 vanum
2271 2290 2287 2328 :
2322 2277 2608 2333 incensum
2632 2277 2971 2332 abominatio
3002 2286 3088 2332 est
3114 2277 3247 2332 mihi
3280 2278 3350 2335 ".
3374 2297 3395 2332 ι
3423 2278 3526 2333 Per
3551 2279 3642 2335 Je-

2043 2369 2271 2424 remium
2308 2379 2487 2425 autem
2525 2387 2540 2424 :
2571 2388 2589 2422 ι
2616 2368 3068 2426 liolocautomata
3106 2379 3289 2428 vestra
3316 2387 3662 2446 congregate’

2041 2477 2168 2517 cum
2210 2461 2501 2519 sacriﬁciis
2528 2462 2749 2531 vestris,
2767 2447 2822 2519 et
2847 2464 3120 2519 comedite
3141 2479 3354 2533 carnes,
3387 2467 3643 2537 quianon

2042 2569 2163 2609 sum
2191 2553 2408 2609 locutus
2441 2555 2510 2609 ad
2544 2564 2727 2624 patres
2753 2563 2985 2621 vestros,
3037 2564 3094 2610 et
3120 2570 3225 2612 non
3257 2561 3485 2630 ιιι-διεθρί
3539 2563 3642 2626 eis,

2042 2646 2098 2700 in
2125 2658 2233 2713 qua
2283 2643 2371 2700 die
2393 2644 2558 2700 eduxi
2589 2659 2687 2701 eos
2727 2649 2795 2702 de
2821 2656 2968 2701 terra
3001 2644 3221 2718 Egypti
3244 2688 3258 2714 ,
3291 2649 3359 2704 de
3386 2651 3648 2707 holocau—

2044 2737 2337 2792 tomatibus
2360 2746 2416 2793 et
2429 2737 2668 2793 victimis
2688 2737 2755 2794 ".
2782 2755 2805 2789 ι
2829 2738 2998 2806 Quasi
3029 2740 3277 2809 qundam
3309 2741 3646 2812 informatio,

2041 2841 2096 2889 et
2115 2832 2482 2904 promulgatio
2506 2836 2824 2903 praecedens
2853 2834 3157 2906 spiritualis
3181 2837 3408 2908 verique
3460 2841 3644 2896 cultus

2045 2926 2133 2981 lex
2164 2933 2306 2991 erat,
2342 2944 2360 2977 ι
2384 2934 2441 2981 et
2464 2925 2692 2993 iustitia)
2718 2928 2922 2996 carnis,
2956 2936 3014 2982 ut
3036 2928 3227 2983 scribit
3251 2931 3469 2986 divinus
3503 2932 3644 2988 Pau-

2045 3018 2150 3084 lus,
2175 3032 2351 3088 usque
2374 3017 2444 3072 ad
2479 3027 2689 3088 tempus
2718 3019 3075 3076 correctionis
3110 3021 3382 3092 impositae
3403 3023 3507 3077 ⁷⁸.»
3535 3024 3650 3082 Nec

2044 3109 2404 3167 correctionis
2443 3118 2658 3178 tempus
2717 3110 2865 3166 aliud
2922 3111 3121 3178 fuerit,
3162 3113 3392 3184 opinor,
3451 3126 3650 3186 praeter

2046 3200 2339 3253 adventum
2404 3198 2706 3255 Salvatoris
2743 3201 2939 3269 nostri,
2978 3203 3200 3273 quando
3245 3215 3302 3260 et
3329 3207 3484 3278 prius
3519 3207 3651 3261 illud

2046 3299 2455 3357 testamentum,
2495 3291 2623 3363 quia
2677 3292 2834 3363 culpa
2902 3309 3015 3349 non
3079 3308 3324 3363 vacaret,
3381 3300 3650 3356 abolitum

2050 3386 2272 3440 dicitur.
2304 3384 2634 3441 Inveteravit
2656 3425 2674 3452 ,
2698 3396 2753 3441 et
2776 3386 2904 3442 novi
2933 3401 2999 3443 ac
3029 3390 3253 3444 secundi
3283 3392 3545 3461 quaesitus
3574 3394 3654 3449 lo-

2014 3493 2169 3547 «cus,
2211 3479 2268 3534 in
2307 3479 2451 3550 quod
2479 3478 2626 3533 nulla
2660 3480 3037 3549 reprehensio,
3083 3481 3241 3553 culpa
3285 3484 3431 3540 nulla
3483 3487 3650 3541 cadit.

2053 3569 2160 3626 Per
2196 3572 2252 3628 id
2282 3571 2428 3627 enim
2454 3573 2622 3628 verba
2652 3572 2801 3639 fecit,
2833 3573 2927 3641 qui
2976 3574 3145 3630 etiam
3179 3593 3199 3628 ι
3222 3582 3399 3648 magni
3441 3579 3651 3633 consilii

2048 3663 2331 3735 Angelus»
2365 3664 2542 3720 dictus
2568 3674 2659 3719 εει
2686 3664 2756 3718 ⁷ο.
2809 3664 2980 3737 330
3020 3665 3189 3734 Cuius
3242 3679 3327 3722 est
3373 3669 3599 3725 ct‘illud
3633 3685 3647 3721 :

2054 3774 2072 3807 ι
2094 3755 2206 3825 Ego
2225 3770 2257 3810 ιι
2289 3755 2508 3826 meipso
2538 3769 2650 3809 non
2677 3754 2868 3825 loquor
2897 3771 2912 3808 :
2941 3756 3036 3811 sed
3063 3757 3155 3827 qui
3185 3757 3331 3813 misit
3357 3772 3449 3815 me
3466 3758 3650 3824 Pater.

2048 3847 2166 3919 ipse
2206 3847 2523 3902 mandatum
2559 3847 2707 3902 dedit
2740 3846 2873 3901 mihi
2903 3847 3032 3917 quid
3070 3848 3343 3914 dicam,et
3374 3852 3505 3920 quid
3573 3853 3651 3910 lo-

2046 3954 2185 4008 quar
2218 3940 2320 3994 ".n
2346 3938 2552 4009 Aperte
2586 3939 2750 4008 igitur
2800 3939 3181 3995 sacerdotibus
3212 3940 3347 4013 legis
3386 3943 3549 4009 dixit,
3592 3964 3652 4000 se

2050 4031 2201 4101 ipsos
2225 4030 2394 4097 nolle,
2420 4031 2506 4087 vel
2562 4032 2743 4101 potius
2784 4045 2845 4087 se
2876 4031 2934 4086 in
2983 4030 3123 4101 ipsis
3156 4033 3489 4089 voluntatem
3542 4053 3650 4094 non

2047 4123 2272 4188 habere,
2312 4125 2366 4177 in
2404 4122 2595 4178 umbra
2622 4137 2821 4194 nempe
2870 4135 2925 4180 et
2957 4124 3148 4196 liguris
3191 4128 3650 4199 sacriﬁcantibus,

2046 4227 2345 4283 eorumque
2376 4227 2533 4269 sacra
2557 4228 2666 4267 non
2690 4223 3093 4283 suscepturum.
3109 4213 3448 4273 Prasnuntiat
3465 4230 3650 4276 autem

2048 4303 2165 4360 fore
2200 4321 2456 4376 magnum
2484 4314 2541 4361 et
2570 4305 2777 4361 illustre
2805 4321 3008 4362 nomen
3050 4324 3208 4363 suum
3250 4311 3393 4380 apud
3455 4328 3652 4372 omnes

2048 4402 2164 4452 toto
2189 4396 2325 4453 orbe
2362 4397 2645 4465 mortales,
2687 4407 2744 4453 et
2776 4398 2832 4453 in
2859 4399 3009 4454 omni
3043 4399 3167 4456 loco
3194 4380 3260 4457 ac
3289 4415 3452 4472 gente
3483 4409 3653 4462 sacri-

2050 4488 2230 4545 ﬁcium
2263 4491 2526 4546 mundum
2554 4501 2611 4546 et
2634 4491 2984 4547 incruentum
3023 4494 3230 4549 nomini
3273 4508 3373 4552 suo
3409 4498 3653 4556 oblatum

2052 4579 2141 4648 iri,
2160 4597 2267 4637 non
2291 4581 2404 4651 jam
2435 4584 2816 4640 sacerdotibus
2843 4584 2953 4641 illis
2977 4587 3096 4658 ejus
3119 4586 3439 4659 dignitatem
3457 4593 3658 4649 obscu-

328 4675 525 4729 πᾶσαν
574 4672 675 4743 τὴν
726 4673 819 4725 ὑπ’
844 4671 1096 4743 οὐρανὸν,
1126 4672 1220 4725 καὶ
1253 4671 1316 4724 ἐν
1364 4669 1530 4723 παντὶ
1576 4669 1728 4741 τόπῳ
1762 4686 1825 4723 τε
1856 4669 1951 4724 καὶ

2061 4673 2326 4737 rentibus,
2368 4687 2551 4743 neque
2611 4673 2891 4731 incuriose
2947 4677 3288 4743 spiritualem
3339 4681 3547 4737 cultum
3601 4685 3654 4738 ei

328 4766 487 4822 ἔθνει
525 4764 712 4819 θυσίαι
746 4764 993 4837 καθαραὶ
1035 4763 1132 4817 καὶ
1169 4761 1502 4833 ἁναίμακτοι
1537 4761 1949 4834 προσκομισθή-

329 4875 529 4915 σονται
575 4857 656 4930 τῷ
703 4858 931 4930 ὀνόματι
966 4855 1158 4921 αὑτοῦ,
1194 4856 1755 4926 κατασμικρυνόντων
1785 4854 1951 4910 αὑτὸν

327 4948 528 5002 οὐκέτι
560 4948 673 5002 τῶν
707 4946 1029 5021 ίερουργῶν,
1057 4944 1183 5000 οὔτε
1221 4944 1327 5017 μὴν
1358 4944 1618 5018 ῥᾳθύμως
1647 4961 1953 5017 προσκομι-

329 5041 551 5107 ζόπων
595 5040 748 5113 αὐτῷ
804 5041 906 5105 τὰς
958 5038 1343 5111 πνευματικὰς
1392 5038 1680 5110 λατρείας·
1733 5038 1849 5093 ἀλλ’
1892 5040 1952 5092 ἐν

328 5127 577 5199 σπουδῇ,
600 5129 696 5182 καὶ
724 5128 1023 5200 ἐπιεικείᾳ,
1048 5128 1145 5182 καὶ
1164 5126 1448 5199 ἁγιασμῷ,
1480 5128 1580 5193 τὰς
1606 5127 1717 5182 τῶν
1742 5128 1953 5201 νοητῶν

330 5220 713 5294 θυμιαμάτων
776 5222 1007 5287 εὐωδίας
1064 5219 1424 5291 ἀνακομίζειν
1488 5221 1908 5277 ἐσπουδακότων
1933 5262 1950 5287 ,

2058 4764 2435 4831 offerentibus,
2461 4766 2557 4823 sed
2585 4780 2708 4822 cum
2742 4766 3045 4837 diligentia,
3078 4780 3145 4826 et‘
3163 4771 3427 4839 bonitate,
3457 4785 3513 4830 et
3534 4790 3657 4830 san-

2060 4858 2325 4914 ctimouia
2355 4859 2702 4914 inccnsorum
2726 4860 3094 4928 spiritualium
3121 4867 3549 4922 suaveolentiam
3580 4869 3659 4924 of-

2059 4952 2204 5007 ferre
2226 4951 2616 5023 satageutibus,
2650 4952 2811 5009 iidem
2848 4953 3076 5024 scilicet,
3104 4973 3278 5028 spem,
3312 4961 3658 5018 charitatem

2059 5054 2115 5100 et
2173 5045 2592 5099 honestamenta
2649 5043 2920 5100 bonorum
2956 5062 3207 5119 operum,
3246 5052 3320 5107 ita
3359 5056 3659 5111 constituto

2058 5137 2267 5193 scilicet
2300 5135 2506 5192 Christi
2561 5136 2835 5194 sacriﬁcio
2884 5141 3094 5197 cmlesti
3154 5158 3217 5200 ac
3268 5145 3511 5211 viviﬁro,
3563 5161 3660 5216 per

2058 5231 2202 5302 quod
2263 5233 2539 5286 destructa
2590 5241 2675 5287 est
2715 5246 2908 5302 mors,
2955 5245 3012 5290 et
3059 5250 3187 5293 caro
3235 5237 3337 5294 ista
3397 5248 3611 5294 terrena
3642 5280 3658 5303 ,

333 5313 619 5379 τουτέστι,
657 5314 866 5378 πίστιν,
898 5313 1113 5381 ἐλπίδα,
1147 5315 1396 5387 ἀγάπην,
1425 5317 1521 5370 καὶ
1550 5316 1622 5371 τὰ
1667 5318 1727 5386 ἐξ
1775 5319 1955 5391 ἔργων

2061 5332 2118 5379 et
2191 5322 2531 5393 corruptioui
2604 5324 2839 5381 obnoxia
2916 5327 3383 5400 incorruptionem
3456 5330 3645 5385 indui-

328 5405 570 5473 ἀγαθῶν
615 5407 916 5477 αὐχήματα
941 5448 956 5470 ,
1006 5408 1495 5481 προστεταγμένης
1550 5407 1800 5481 δηλονότι
1854 5412 1957 5483 τῆς

2064 5424 2153 5468 tur
2185 5414 2253 5471 ⁷⁸.
3462 5428 3469 5439 '

327 5495 585 5573 Χριστοῦ
620 5495 833 5572 ,θυσίας
874 5498 975 5569 τῆς
1020 5500 1278 5572 οὐρανίου
1308 5502 1405 5555 καὶ
1446 5499 1738 5572 ζωοποιοῦ,
1788 5504 1859 5557 δι’
1886 5500 1959 5578 ἧς
1995 5509 2342 5581 κατήργηται
2412 5504 2665 5573 θάνατος,
2698 5508 2848 5582 καὶή
2913 5509 3131 5583 φθαρτῇ
3157 5510 3222 5585 δὴ
3248 5511 3412 5585 αὐτὴ,
3435 5512 3532 5568 καὶ
3553 5513 3663 5568 ἀπὸ

327 5590 468 5664 τῆς,
508 5589 651 5662 σᾶρξ
681 5591 1047 5662 ἀμφιέννυται
1074 5594 1177 5664 τὴν
1200 5593 1532 5666 ἀφθαρσίαν.

418 5678 630 5753 ’Υμεῒς
659 5684 731 5739 δὲ
759 5686 1104 5757 ,ϐεϐηλοῦτε
1140 5689 1289 5744 αὐτὸ
1316 5690 1389 5744 ἐν
1418 5687 1501 5756 τῷ
1526 5688 1733 5762 λέγειν
1755 5689 1913 5762 ὑμᾶς
1933 5709 1949 5722 °

406 5859 601 5937 "__l_sa.
631 5879 671 5927 ι,
716 5862 911 5920 11-15.
989 5864 1037 5897 ’⁸
1064 5862 1266 5921 Jerem.
1298 5882 1398 5935 νιι,
1458 5867 1549 5934 21,
1571 5869 1661 5928 22.
1740 5871 1786 5903 ⁷⁵
1819 5867 1955 5926 iiebl

2053 5884 2130 5937 tu,
2178 5869 2263 5927 l0.

331 5947 434 5999 xv,
461 5930 559 5988 53.

687 6029 967 6093 Pnact.
1014 6029 1134 6090 Gn.
1186 6028 1441 6097 LXXII.

2134 5691 2301 5749 Vnus.
2338 5691 2421 5747 l2.
2470 5689 2571 5746 Vos
2614 5702 2792 5746 autem
2858 5691 3230 5749 contaminatis
3264 5693 3401 5750 illud
3431 5739 3447 5765 ,
3501 5696 3560 5753 in
3599 5713 3665 5755 eo

2363 5869 2409 5901 "
2441 5866 2548 5925 Isa.
2600 5882 2677 5937 ιι,
2709 5871 2763 5926 ϐ.
2842 5869 2886 5905 ⁷⁷
2922 5870 3075 5927 Joan.
3106 5886 3203 5939 xtl,
3228 5875 3319 5932 £9.
3396 5873 3444 5905 ⁷⁸
3488 5872 3664 5943 licet.

3267 6042 3339 6108 10
