4098 6510
448 412 542 468 ὅθί

1273 413 1832 471 εοιυιεΝτΑιιιυε
1875 415 1936 468 ιΝ
1981 412 2392 471 MALACHIAM
2441 410 2883 466 PROPHETAM.

3631 413 3736 467 509.

447 526 714 592 τουτέστι,
750 528 818 580 τὶι
846 526 1168 580 θανατῶντα
1199 527 1406 590 λοιπον,
1453 527 1768 597 ὑϐρίζοντες
1821 528 2040 598 μᾶλλον,

2162 528 2423 606 inpotens.
2481 547 2496 577 ι
2567 527 2629 580 Et
2679 526 2934 596 quoniam
2988 527 3254 596 sacrilege
3306 526 3476 580 sacris
3520 529 3732 592 συντεινὶ

445 621 479 692 ἢ
507 618 776 689 τιμῶντες
829 619 918 672 τεὸν
948 618 1057 670 τῶν
1099 618 1236 671 ὅλων
1267 620 1420 672 Θεόν.
1482 620 1620 672 Ἀλλ’
1652 642 1669 672 ‹
1705 619 2036 690 ὲξεφύσησα,

447 712 632 782 φησὶν,
693 710 850 775 αὐτὰ,
903 695 1067 778 ’λέγει
1129 709 1332 780 Κύριος
1394 713 1813 782 παντοκράτωρ.
1858 733 1876 763 ι
1934 709 2043 765 Καὶ

447 807 635 874 ἐπειδὴ
669 806 817 859 θύειν
845 804 1077 868 ἀνοσίως
1121 804 1419 873 ἐγνώκατε,
1459 807 1643 875 φησιν,
1679 807 1779 858 οὐκ
1811 804 1874 858 ἂν
1909 804 2046 866 ὅλως

2151 619 2534 680 constituistis,
2580 622 2714 672 adeo
2739 618 3048 687 illegitimas
3089 628 3142 671 et
3172 619 3478 671 immumlas
3507 620 3740 671 oblatio—

2155 727 2251 766 nes
2282 713 2597 780 neutiquam
2631 730 2659 765 a
2703 712 2856 765 vobis
2883 711 3240 780 susceperim,
3279 726 3377 763 nec
3423 711 3474 763 in
3517 713 3739 766 odorem

2156 806 2445 859 Suavilatis
2479 807 2867 875 reputaverint.

446 899 865 970 παραδεξαίμην
906 899 974 952 τὰ
1031 897 1090 964 ἐξ
1121 899 1296 970 ὑμῶν,
1337 899 1444 953 οὐδ’
1487 899 1553 953 ἂν
1610 897 1938 970 λογισαίμην
2001 902 2080 964 εἰς
2116 901 2293 973 ὀσμὴν
2315 903 2541 964 εὐωδίας
2589 903 2686 964 τὰς
2750 900 2923 966 οὕτως
2957 901 3244 972 ὲκνόμους,
3277 900 3373 954 καὶ
3400 900 3747 970 ἀκαθάρτους

445 994 841 1067 προσαγωγὰς.

519 1089 641 1158 Χρὴ
679 1089 742 1158 δὴ
778 1085 870 1141 οὖν
901 1088 1012 1159 ἄρα
1045 1087 1193 1141 θύειν
1228 1090 1376 1160 ἡμᾶς
1425 1092 1518 1144 καὶ
1549 1092 1694 1162 μάλα
1748 1094 2010 1158 ἐπιεικῶς
2033 1137 2047 1160 ,

446 1181 544 1235 καὶ
573 1179 1052 1250 ἐσπουδασμένως,
1076 1180 1173 1234 καὶ
1195 1182 1529 1252 προσκομίζε
1542 1202 1586 1235 ιν
1615 1184 1734 1256 Θεῷ
1765 1186 1838 1256 μὴ
1862 1187 2051 1250 ἁπλῶς

445 1275 515 1328 τὰ
544 1273 982 1345 κατεῤῥιμμένα,
1023 1275 1120 1326 καὶ
1160 1274 1485 1344 ἀτιμότατα,
1526 1278 1620 1330 καὶ
1671 1278 1887 1342 οὐδενὸς
1924 1279 2050 1343 ἄξια

447 1368 629 1435 λόγου·
657 1365 793 1420 ἀλλὰ
841 1364 1168 1435 προύχοντα,
1222 1367 1316 1419 καὶ
1354 1367 1629 1438 ἐξαίρετα.
1690 1370 1751 1422 El
1786 1371 1842 1423 δὲ
1873 1371 1937 1441 δή
1967 1389 2051 1434 τις

447 1460 639 1513 ἑαυτὸν
681 1460 990 1529 ἱερουργοῖη
1043 1457 1184 1529 Θεῷ,
1225 1460 1526 1531 μεμνήσθω
1565 1462 1672 1531 γὰρ
1727 1463 1822 1515 τοῦ
1871 1481 2050 1533 μακα-

451 1553 568 1624 ρίου
605 1550 817 1604 Παύλου
851 1552 1158 1622 γράφοντος
1188 1551 1304 1604 ὡδί·
1358 1571 1375 1602 ι
1415 1553 1811 1625 Παραστήσατε
1843 1554 1912 1608 τὰ
1946 1555 2050 1608 σώ-

456 1661 600 1713 ματα
632 1643 785 1713 ὑμῶν
814 1643 1007 1695 Θυσίαν
1032 1642 1232 1706 ζῶσαν,
1260 1645 1445 1712 ἁγίαν,
1482 1648 1775 1716 εὐάρεστον
1807 1647 1884 1718 τῷ
1907 1649 2048 1717 Θεῷ,

449 1731 550 1801 τὴν
585 1731 806 1802 λογικὴν
839 1731 1093 1803 λατρείαν
1152 1733 1338 1803 ὑμῶν·
1371 1754 1389 1784 ›
1427 1735 1956 1808 πολυπραγμονείτω
1985 1742 2053 1793 τὰ

451 1826 575 1878 καθ’
606 1825 821 1890 ἑαυτὸν,
859 1828 953 1878 καὶ
984 1825 1147 1878 οἱονεί
1177 1844 1261 1889 τις
1295 1828 1529 1899 ἀκριϐὴς
1557 1831 1924 1903 μωμοσκόπος
1954 1833 2053 1900 τῆς

2215 1093 2397 1158 Quare
2417 1105 2513 1144 nos
2527 1097 2575 1143 et
2598 1090 3113 1145 eonvenientissime
3137 1099 3190 1144 et
3214 1091 3454 1147 studiose
3474 1091 3747 1146 sacriﬁcia

2161 1187 2338 1238 facere
2370 1190 2608 1252 oportet,
2639 1191 2692 1236 et
2739 1199 2840 1236 non
2887 1183 2960 1236 ita
3005 1184 3332 1251 simpliciter
3366 1184 3660 1252 rcjeetitia,
3695 1194 3750 1239 et

2157 1275 2649 1344 contemptissinm,
2699 1288 2761 1327 ac
2801 1275 3000 1328 nullius
3055 1275 3397 1339 aestimanda,
3439 1277 3531 1328 sed
3569 1275 3752 1330 excel-

2157 1369 2319 1422 lentia
2353 1377 2407 1421 et
2439 1367 2636 1421 selecta
2663 1366 2772 1422 Deo
2793 1381 3139 1421 consecrare.
3174 1367 3339 1437 832
3362 1368 3512 1434 Quod
3550 1368 3594 1420 si
3629 1370 3752 1438 quis

2153 1463 2511 1530 semetipsum
2575 1460 2682 1516 Deo
2732 1459 2966 1514 hostiam
3024 1462 3343 1525 sacraVerit,
3398 1462 3539 1514 beati
3597 1461 3747 1516 Pauli

2157 1555 2466 1608 meminerit
2484 1555 2629 1608 hunc
2652 1553 2706 1607 in
2732 1554 2950 1607 modum
2971 1553 3293 1608 scribentis:
3322 1554 3614 1609 (Exhibcte
3630 1571 3753 1608 cor-

2089 1715 2095 1719 _
2152 1662 2284 1716 pora
2311 1656 2488 1700 vestra
2513 1646 2742 1701 hostiam
2771 1646 3064 1712 viventem,
3097 1659 3367 1708 sanctam,
3399 1647 3508 1702 Deo
3531 1650 3751 1717 placen-

2155 1748 2258 1793 tem
2283 1781 2296 1804 ,
2335 1739 2660 1792 rationabile
2704 1739 3028 1807 obsequium
3068 1739 3480 1794 vestrmn"-°’.
3520 1761 3535 1791 ι
3566 1739 3753 1810 Inqui-

2166 1843 2250 1885 rat
2275 1833 2567 1902 diligenter
2604 1832 2656 1886 in
2691 1848 2777 1886 res
2809 1848 2957 1897 suas,
2979 1842 3030 1886 et
3061 1833 3206 1889 velut
3239 1835 3460 1890 sedulus
3493 1835 3751 1888 vitiorum

447 1917 646 1972 ἑαυτοῦ
696 1918 939 1986 γενέσθω
977 1918 1176 1990 ψυχῆς.
1223 1921 1437 1990 Ὀρατω
1499 1924 1572 1992 μὴ
1610 1924 1718 1994 ἄρα
1773 1923 1888 1987 πώς
1937 1925 2055 1979 ἐστι

2162 1924 2354 1977 anima:
2383 1940 2495 1978 suze
2520 1925 2922 1992 inspectorliat.
2949 1924 3143 1979 Videat
3168 1941 3234 1980 ne
3271 1925 3414 1980 forte
3447 1943 3627 1980 czccus
3658 1930 3749 1986 sit.

447 2011 667 2079 τυιρλος,
699 2011 968 2073 τουτέστι,
1006 2011 1107 2080 τῆς
1133 2010 1388 2079 ἀληθείας
1430 2012 1492 2065 τὸ
1523 2012 1639 2083 φῶς
1669 2015 1769 2066 οὐκ
1811 2014 1951 2084 ἔχων
1978 2017 2056 2079 εἰς

451 2104 608 2157 νοῦν·
643 2104 718 2175 μὴ
755 2104 934 2176 σκὰζῃ
979 2105 1070 2157 τὸν
1123 2105 1280 2168 πόδα,
1337 2106 1398 2158 τὸ
1441 2105 1758 2175 ὀρθοποδεῖν
1797 2108 2056 2161 δύνασθαι

451 2196 592 2267 πρὸς
622 2197 730 2249 πᾶν
757 2195 936 2248 ὁτιοῦν
960 2194 1068 2249 τῶν
1095 2197 1316 2264 ἀγαθῶν
1342 2197 1444 2250 ούκ
1467 2198 1606 2268 ἔχων
1628 2213 1640 2227 ·
1681 2199 1755 2270 μὴ
1787 2199 2059 2270 ἅρπαγμά

449 2305 511 2341 τε
552 2289 646 2340 καὶ
678 2287 985 2358 ἄρρωστον.
1029 2288 1150 2358 Χρὴ
1186 2290 1292 2361 γὰρ
1340 2290 1484 2360 ὑμᾶς
1542 2292 1792 2355 ἀῦπνείν,
1829 2312 1847 2344 ι
1881 2294 2003 2346 Ὅτι
2031 2296 2058 2345 ὀ

450 2381 723 2444 ἀντίδικος
747 2381 925 2451 ἡμῶν,
948 2381 1193 2444 διάϐολος
1212 2382 1286 2446 ὡς
1316 2383 1452 2453 λέων
1480 2385 1856 2457 περιέρχεται,
1878 2386 2058 2456 ζητῶν

448 2475 572 2530 τίνα
599 2477 868 2547 καταπίῃ.
909 2494 928 2525 ι
967 2476 1136 2529 Ὅταν
1158 2477 1338 2529 τοίνυν
1362 2477 1559 2531 ᾶῡπνοί
1591 2496 1650 2531 τε
1692 2479 1788 2531 καὶ
1823 2480 2058 2548 ἐγρηγο-

453 2567 608 2640 ρότες
633 2566 1044 2640 εύρισκώμεθα,
1072 2567 1312 2639 παραθεῖ
1337 2570 1397 2622 τὸ
1429 2569 1638 2640 θηρίον.
1677 2571 1737 2622 Εἰ
1766 2570 1822 2622 δὲ
1863 2570 2057 2623 νυστα-

451 2660 645 2725 ζοντας
685 2661 794 2730 ἴδῃ,
831 2661 925 2712 καὶ
966 2660 1442 2731 κατημεληκότας,
1484 2661 1757 2731 ἅρπαγμα
1798 2664 2052 2720 ποιεῖται,

450 2756 546 2808 καὶ
571 2753 890 2826 ἀρρώστους
913 2754 1191 2817 ἀποτελεῖ,
1220 2754 1491 2819 τουτέστι,
1538 2755 1935 2824 ἠσθενηκότας,
1965 2757 2057 2809 καὶ

449 2846 698 2917 ἀδρανῶς
723 2845 945 2915 ἔχοντας
977 2844 1174 2914 κομιδῇ
1212 2845 1341 2915 περὶ
1378 2846 1437 2897 τὸ
1467 2843 1727 2898 δύνασθαι
1752 2845 2057 2914 κατορθοῦν

450 2941 673 3010 ἀρετήν.
712 2940 895 2991 Ἔστω
934 2937 990 2990 δὲ
1023 2937 1087 3006 δὴ
1127 2938 1222 2990 καὶ
1253 2936 1346 2988 τοῦ
1375 2937 1771 3006 διενοχλεῐσθαι
1809 2937 2053 3008 μακρὰν,

448 3034 722 3097 τουτέστι,
759 3030 1124 3102 μικροψυχίας
1181 3031 1444 3099 ἀμείνων,
1498 3031 1593 3082 καὶ
1637 3030 1946 3082 διαπίπτων
2000 3034 2056 3084 ἐν

451 3126 722 3194 ὑπομονῇ.
751 3123 964 3192 ’Ὠσπερ
1000 3121 1107 3191 γὰρ
1135 3122 1402 3190 ἀποξέρει
1436 3122 1572 3191 πρὸς
1604 3121 1751 3193 ζωὴν
1792 3123 1890 3193 τῆς
1919 3124 2056 3176 ύποη

456 3219 627 3287 μονῆς
657 3218 685 3267 ὁ
707 3215 929 3285 τρόπος,
961 3214 1102 3266 οὕτω
1135 3213 1229 3265 καὶ
1275 3215 1353 3276 είς

451 3307 564 3363 1‘05
602 3310 706 3380 γὰρ
741 3306 1062 3366 ἀσθένειαν,
1103 3305 1199 3355 καὶ
1251 3305 1476 3373 καρδίας
1526 3307 1755 3374 πάρεσιν
1782 3306 1841 3357 τὸ
1870 3307 2058 3375 χρῆμά

453 3418 658 3470 φαμεν.
696 3399 986 3468 Τοιγάρτοι
1009 3398 1109 3451 καὶ
1139 3399 1164 3448 ό
1198 3397 1474 3466 μακάριος
1503 3398 1792 3467 προφήτης
1829 3398 2058 3462 Ἡσαΐας

452 3493 563 3546 τῶν
592 3492 852 3545 τοιούτων
894 3491 1046 3562 ἡμᾶς
1100 3489 1540 3541 ἀπαλλάττεσθαι
1592 3489 1781 3543 παθῶν
1817 3490 2057 3560 συμϐου-

451 3586 604 3639 λεύει
627 3586 824 3654 λέγων·
891 3603 908 3635 ι
957 3584 1258 3652 Ίσχύσατε,
1294 3587 1475 3653 χεῖρες
1505 3584 1809 3654 ἀνειμέναι,
1843 3585 1940 3638 καὶ
1970 3584 2060 3653 γό-

453 3696 592 3732 νατα
635 3678 1081 3749 παραλελυμένοι.
1143 3677 1634 3748 Παρακαλέσασθε,
1668 3679 1717 3730 οἱ
1745 3678 2058 3748 ὀλιγόῴυχοι

452 3774 524 3841 τῇ
576 3770 808 3841 διανοίᾳ·
873 3769 1153 3840 ἰσχύσατε,
1224 3768 1298 3839 μὴ
1364 3769 1636 3836 φοϐεῖσθε.
1707 3770 2060 3832 ’ίδοὺόθεὸς

453 3864 636 3936 ἡμῶν,
668 3863 775 3916 ἰδοὺ
808 3863 1015 3931 Κύριος
1052 3861 1190 3933 μετὰ
1246 3861 1428 3932 ἰσχύος
1463 3861 1708 3934 ἔρχεται,
1738 3862 1834 3915 καὶ
1866 3865 1893 3916 ὁ
1926 3863 2060 3933 βρα-

455 3958 591 4028 χίων
626 3957 766 4022 μετά
799 3956 1017 4027 κυρίας.
1047 3975 1065 4006 ι

534 4053 641 4107 Καὶ
666 4049 1115 4119 ἑπικατάρατος,
1153 4048 1220 4113 ὃς
1248 4044 1327 4118 ἦν
1351 4048 1628 4113 δυνατὸς,
1656 4049 1752 4101 καὶ
1784 4047 2062 4115 ὑπῆρχεν

453 4145 528 4197 ἐν
555 4143 636 4208 τῷ
666 4144 922 4211 ποιμνίῳ
969 4142 1151 4195 αὑτοῦ
1186 4140 1393 4210 ἄρσεν,
1457 4143 1554 4194 καὶ
1596 4143 1634 4208 ἠ
1687 4141 1838 4210 εὐχὴ
1875 4141 2061 4196 αὑτοῦ

452 4234 553 4289 ἐπ’
584 4233 767 4298 αὐτῷ,
802 4233 900 4285 καὶ
939 4233 1065 4285 θύει
1095 4230 1532 4300 διεφθαρμένον
1553 4231 1633 4296 τῷ
1667 4234 1881 4298 Κυρίῳ.
1908 4233 2064 4285 Διότι

458 4324 763 4389 Βασιλεὺς
788 4324 978 4393 μέγας
1009 4321 1124 4391 ἐγώ
1173 4323 1308 4388 εἰμί,
1368 4319 1530 4390 λέγει
1585 4322 1795 4388 Κύριος
1841 4338 2061 4375 narro-

458 4416 716 4483 κριὶτωρ,
791 4415 892 4468 καὶ
945 4413 1011 4467 τὸ
1071 4410 1260 4481 ὄνομά
1300 4429 1424 4480 μου
1474 4411 1768 4481 ἐπιφανὲς
1813 4415 1882 4464 ἐν
1939 4413 2064 4480 τοῖς

455 4507 685 4561 ἔθνεσι.

1409 3215 1637 3267 θάνατον
1699 3216 1898 3284 μικροῖς
1910 3217 2052 3284 υχία.
2090 3266 2127 3284 η

2162 2015 2419 2086 perfectae
2445 2015 2694 2070 veritatis
2717 2015 2900 2070 lumen
2935 2017 2988 2070 in
3026 2017 3345 2087 praecordiis
3370 2034 3476 2072 non
3508 2019 3749 2080 habens;

2171 2121 2238 2161 ne
2266 2107 2402 2175 pede
2437 2105 2730 2172 claudicet,
2782 2108 2848 2160 ad
2892 2121 3052 2162 omne
3083 2108 3283 2162 bonum
3341 2118 3488 2164 recta
3544 2110 3751 2180 ingredi

2163 2199 2303 2252 haud
2328 2199 2507 2269 potis;
2535 2213 2600 2252 ne
2623 2209 2834 2268 raptum
2865 2200 3016 2268 quid,
3042 2210 3133 2254 aut
3168 2201 3498 2255 morbidum.
3530 2200 3754 2272 Oportet

2160 2293 2302 2345 enim
2334 2307 2432 2346 nos
2498 2292 2848 2361 pervigilare,
2879 2309 2900 2344 ι
2949 2293 3213 2359 Quoniam
3265 2293 3612 2349 adversarius
3661 2313 3756 2350 no-

2162 2393 2274 2436 ster
2296 2381 2544 2436 diabolus
2565 2392 2822 2450 tanquaut
2857 2381 2938 2436 leo
2957 2384 3173 2452 rugiens
3201 2382 3481 2449 circumit,
3507 2400 3756 2454 quaerens

2162 2485 2321 2540 quem
2346 2471 2566 2525 devoret
2594 2471 2660 2524 ⁸³.
2707 2490 2725 2522 ι
2763 2471 2819 2526 Si
2867 2471 3035 2540 igitur
3084 2473 3274 2544 vigiles
3339 2478 3756 2546 experreCtique

2164 2563 2524 2628 inveniamur,
2574 2566 2949 2632 pra-lercnrrit
3001 2565 3199 2620 bellua.
3248 2566 3343 2620 Sin
3398 2568 3758 2623 dormitantes

2163 2659 2608 2726 negligentesque
2640 2659 3013 2727 conSpexcrit.
3069 2659 3314 2728 rapinam
3363 2659 3430 2714 de
3463 2660 3619 2714 nobis
3652 2664 3753 2715 sibi

2163 2750 2372 2815 l'aeit,et
2391 2759 2642 2819 tegrotos,
2663 2751 2761 2803 hoc
2778 2761 2857 2803 est
2870 2751 3172 2820 ,Iaugnidos
3191 2760 3241 2806 et
3258 2752 3553 2808 imbecilles
3570 2754 3758 2809 admo—

2163 2842 2288 2895 dum
2319 2844 2384 2895 ad
2417 2841 2592 2897 ofﬁcia
2614 2845 2831 2897 virtutis
2851 2844 3088 2912 legitime
3116 2829 3596 2903 obeunda‘reddit.
3631 2847 3760 2900 Pro-

2161 2935 2247 2991 cul
2275 2937 2402 2989 item
2433 2935 2576 2990 absit
2605 2953 2633 2989 a
2661 2937 2959 3004 debilitate,
2985 2937 3087 2991 hoc
3116 2949 3294 3002 est,ne
3313 2952 3372 2992 se
3396 2953 3426 2992 a
3455 2939 3758 3006 dejectione

2160 3029 2324 3082 animi
2352 3039 2406 3082 et
2441 3028 2782 3098 impatientia
2815 3031 2956 3084 vinci
3000 3031 3255 3100 patiatur.
3290 3032 3756 3099 Quemadmodum

2161 3119 2304 3172 enim
2344 3134 2552 3173 morum
2588 3122 2850 3190 patientia
2903 3122 2966 3174 ad
3010 3121 3176 3176 vitam
3204 3164 3218 3186 ,
3267 3123 3338 3177 ita
3397 3124 3760 3193 pusillanimi-

2166 3222 2248 3265 tas
2284 3213 2349 3265 ad
2381 3225 2609 3267 mortem
2639 3216 2908 3280 perducit.
2953 3216 3044 3269 Est
3084 3217 3230 3269 enim
3262 3218 3460 3272 mentis
3490 3229 3542 3270 et
3577 3221 3761 3272 cordis

2168 3306 2443 3374 inlractio,
2475 3321 2569 3361 seu
2605 3308 2977 3362 imbecillitas.
3009 3308 3246 3364 Proinde
3295 3313 3516 3383 beatus_
3542 3327 3760 3382 quoque

2163 3400 2332 3455 Isaias
2360 3409 2418 3455 ut
2463 3417 2564 3456 nos
2624 3401 2691 3455 ab
2746 3403 3056 3470 huiusmodi
3111 3404 3322 3459 vitiosis
3381 3402 3760 3461 aﬁ’cctionibus

2163 3491 2515 3546 exsolvamus
2541 3493 2769 3548 suadet:
2802 3511 2819 3544 ι
2840 3493 3461 3558 Conforlamini,manus
3492 3497 3754 3559 remisszr,

2163 3594 2216 3637 ct
2250 3600 2424 3656 genua
2452 3585 2735 3638 dissoluta.
2767 3587 3160 3652 Consolamini,
3197 3587 3572 3652 pusillanimes
3601 3604 3758 3642 men-

2166 3689 2216 3732 te
2238 3723 2251 3746 ,
2287 3678 2698 3743 confortamini,
2732 3680 2900 3733 nolite
2928 3680 3141 3735 timere.
3179 3679 3318 3734 Ecce
3350 3679 3493 3734 Deus
3520 3691 3710 3735 noster
3745 3701 3756 3736 :

2163 3788 2290 3827 ecce
2319 3771 2580 3828 Dominus
2602 3789 2725 3826 cum
2764 3771 3086 3826 fortitudine
3139 3773 3340 3835 veniet,
3376 3783 3430 3826 et
3471 3774 3759 3830 brachium

2163 3865 2281 3933 ejus
2309 3880 2429 3917 cum
2467 3864 2843 3918 dominatione
2883 3864 2950 3918 ⁸⁵⁵.
2980 3883 2998 3916 ›

2237 3955 2406 4011 Nens.
2440 3955 2526 4010 14.
2571 3955 2639 4009 Et
2671 3956 2987 4010 malediclm
3017 3956 3172 4010 homo
3202 3958 3294 4024 qui
3327 3966 3441 4012 era:
3475 3969 3679 4029 potens,
3711 3969 3760 4013 et

2165 4059 2277 4102 erat
2316 4049 2368 4101 in
2401 4065 2553 4118 grege
2589 4049 2753 4114 ipsius
2791 4050 3104 4112 masculum,
3157 4058 3206 4101 et
3252 4058 3426 4102 votum
3458 4052 3572 4120 ejus
3602 4068 3764 4116 super

2165 4159 2246 4207 eo,
2274 4151 2318 4194 et
2351 4141 2584 4194 immolat
2612 4154 2916 4210 corruptum
2948 4142 3189 4195 Domino.
3221 4141 3356 4206 Quia
3389 4140 3501 4196 Rea:
3539 4160 3759 4211 magnus

2167 4249 2258 4302 ego
2285 4235 2571 4299 sum,dicil
2606 4233 2860 4287 Dominus
2896 4235 3247 4302 omnipotens,
3272 4243 3320 4287 et
3360 4251 3548 4290 nomen
3586 4252 3760 4290 meum

2168 4323 2370 4375 illustre
2396 4333 2468 4377 est
2501 4325 2554 4377 in
2583 4323 2844 4394 gentibus.

533 4599 635 4651 IE’.
696 4595 996 4669 Καθορίζει
1061 4595 1247 4648 λοιπὸν
1283 4595 1378 4649 τοῦ
1433 4596 1657 4659 θύοντος
1702 4598 1933 4661 ἀνοσίως
1962 4598 2060 4669 τὴν

2241 4585 2639 4642 XV.Deeernit
2672 4603 2817 4642 nunc
2867 4588 3304 4643 maledictionem
3350 4590 3402 4644 in
3445 4589 3762 4644 sacrificau-

457 4692 623 4764 ἀρὰν,
673 4692 770 4744 καὶ
815 4690 963 4760 μάλα
1020 4689 1268 4751 εἰκότως.
1306 4691 1367 4742 Εἰ
1417 4689 1527 4760 γὰρ
1567 4689 1630 4760 δή
1686 4707 1772 4753 τις
1807 4689 2062 4756 εὔξαιτο,

458 4786 616 4855 φησι,
648 4784 743 4835 καὶ
775 4785 833 4835 ἐν
877 4779 1153 4850 ποιμνίοις
1185 4778 1298 4848 ἔχοι
1334 4783 1447 4842 τοῖς
1477 4779 1675 4832 ἑαυτοῦ
1707 4779 1768 4831 τὸ
1801 4778 1968 4849 ἄρσεν
2006 4796 2065 4831 τε

458 4878 558 4933 καὶ
593 4877 848 4945 ἄμωμον,
881 4873 999 4926 ἀνθ’
1023 4874 1147 4926 ὅτου
1197 4872 1271 4944 μὴ
1317 4873 1477 4926 τοῦτο
1503 4872 1862 4943 προσκομίζει
1901 4871 2022 4940 Θεῷ
2048 4912 2061 4937 ,

460 4972 715 5040 συλλέγει
738 4971 796 5024 δὲ
822 4969 1022 5040 μᾶλλον
1051 4967 1086 5021 ἃ.
1120 4967 1343 5036 μηδενὸς
1375 4969 1502 5032 ἄξια
1528 4967 1756 5037 φαίνοιτ’
1781 4965 1846 5019 ἂν
1880 4965 2063 5033 λόγου.

458 5065 621 5135 ὕϐρις
642 5063 702 5118 τὸ
727 5063 918 5134 χρῆμα
948 5061 1042 5115 καὶ
1098 5062 1286 5130 ἕτερον
1331 5059 1507 5113 οὐδέν.
1562 5060 1636 5111 Οὐ
1683 5059 1792 5129 γὰρ
1829 5057 1892 5129 δὴ
1921 5056 2065 5110 κατὰ

455 5174 615 5219 τινας
646 5156 754 5208 τῶν
784 5157 841 5208 ἐν
875 5155 1077 5226 σκότῳ,
1128 5156 1222 5206 καὶ
1262 5151 1516 5216 πλάναις,
1559 5150 1653 5204 καὶ
1698 5151 1948 5221 βεϐήλοις
1984 5149 2064 5200 εἰ-

454 5244 901 5316 δωλολατρειαις,
931 5243 1382 5313 προσκαθήμενοι
1409 5242 1574 5304 λίθοις
1603 5241 1953 5311 ἀναισθήτοις
1980 5241 2065 5293 δε-

454 5339 849 5408 δουλεύκαμεν·
879 5335 958 5406 τῷ
999 5336 1117 5406 Θεῷ
1144 5335 1200 5388 δὲ
1251 5335 1454 5405 μᾶλλον
1493 5333 1572 5403 τῷ
1622 5333 2060 5405 π;-.ντοκράτορι,

459 5430 556 5484 καὶ
604 5429 682 5501 τῷ
702 5428 812 5483 τῶν
840 5428 980 5481 ὅλων
1003 5425 1377 5496 γενεσιουργῷ
1396 5466 1409 5490 ,
1449 5425 1507 5478 ὃν
1533 5425 1800 5497 τρέμουσι
1848 5425 1946 5495 μὲν
1979 5424 2070 5475 ού-

460 5523 639 5594 ρανοὶ,
668 5522 1053 5592 καταπέφρικε
1085 5521 1142 5572 δὲ
1192 5521 1286 5574 καὶ
1335 5521 1368 5590 ἡ
1410 5521 1502 5590 γῆ,
1543 5519 1637 5573 καὶ
1690 5520 1892 5582 πάντες
1931 5520 1977 5570 οἱ
2013 5519 2070 5569 ἐν

457 5617 619 5687 αὐτῇ.
659 5616 1060 5686 Ἑπιμαρτυρεῖ
1093 5614 1150 5667 δὲ
1176 5614 1338 5667 πάλιν
1373 5615 1487 5676 τοῖς
1531 5612 1590 5678 ἐξ
1640 5611 1810 5664 ἐθνῶν
1836 5610 1896 5662 τὸ
1950 5609 2071 5662 λίαν

455 5710 726 5776 δπιεικὲς,
785 5707 1048 5778 ἐπιφανὲς
1102 5701 1244 5761 εἶναι
1297 5707 1473 5776 λέγων
1519 5706 1581 5760 τὸ
1644 5706 1744 5778 τῆς
1814 5704 2070 5774 θεότητος

564 5895 683 5926 ⁶¹⁴¹
713 5895 870 5950 Rom.
913 5910 1008 5963 xu,
1048 5894 1095 5948 Ι.
1177 5893 1222 5924 ⁸³
1255 5891 1272 5945 l
1303 5891 1445 5947 Petr.
1478 5907 1530 5958 v,
1575 5891 1628 5947 3.

2177 4695 2282 4736 tem
2314 4683 2500 4750 impie,
2528 4681 2690 4749 idque
2725 4695 2823 4750 pro
2859 4697 2922 4736 eo
2949 4682 3107 4751 plane
3135 4697 3199 4736 ac
3249 4684 3499 4736 decebat.
3545 4683 3599 4736 Si
3640 4687 3764 4753 qui;

2171 4774 2315 4824 enim
2345 4783 2533 4825 votum
2574 4772 2867 4840 concipiat,
2922 4772 3119 4839 inquit,
3173 4783 3230 4826 et
3263 4775 3313 4826 iu
3357 4775 3611 4843 gregibus
3650 4776 3767 4829 suis

2171 4865 2369 4918 habeat
2405 4865 2732 4929 masculum,
2765 4866 2910 4919 etab
2945 4867 3091 4920 onmi
3126 4865 3246 4921 labe
3284 4882 3498 4934 purum,
3546 4870 3672 4938 quia
3703 4870 3769 4923 il—

2170 4961 2257 5014 lud
2281 4960 2389 5013 Deo
2408 4975 2513 5013 non
2537 4959 2716 5025 olfert,
2737 4961 2831 5013 sed
2861 4961 3012 5029 eligit
3035 4961 3216 5030 potius
3252 4979 3372 5031 qua:
3392 4963 3590 5017 nullius
3608 4966 3766 5033 pretii

2171 5056 2483 5120 vidcantur,
2514 5055 2647 5108 nihil
2688 5053 2833 5108 aliud
2864 5069 3025 5124 quam
3053 5053 3164 5109 Deo
3183 5057 3568 5111 contumeliam
3613 5057 3762 5111 facit.

2173 5147 2288 5201 Non
2310 5148 2476 5211 enim,
2506 5155 2563 5199 ut
2588 5146 2806 5214 quidam
2834 5147 2886 5199 in
2919 5148 3180 5213 tenebris,
3210 5148 3512 5209 erroribus,
3538 5148 3768 5215 impuris

2174 5238 2500 5294 idololatriis
2533 5249 2838 5304 versantes,
2898 5239 3168 5308 lapidibus
3218 5257 3414 5296 sensus
3449 5241 3766 5311 expertibus

2174 5332 2415 5386 advoluti
2449 5332 2719 5386 servimus
2750 5349 2764 5385 :
2798 5333 2892 5386 sed
2934 5332 3042 5387 Deo
3075 5335 3432 5403 omnipotenti
3471 5336 3684 5405 potius,
3712 5346 3768 5390 et

2171 5424 2272 5486 illi,
2310 5440 2340 5476 a
2379 5437 2487 5492 quo
2526 5424 2771 5477 onmimn
2824 5440 3002 5478 rerum
3047 5425 3197 5479 initia
3248 5427 3597 5497 originesque
3649 5443 3767 5482 ma-

2172 5526 2395 5581 narunt,
2424 5531 2586 5584 quem
2625 5529 2863 5572 trcmunt
2887 5519 3031 5582 coeli,
3067 5520 3254 5573 tremit
3303 5530 3468 5588 terra,
3519 5521 3684 5593 833
3714 5532 3768 5575 et

2171 5623 2364 5663 omnes
2419 5623 2556 5676 quos
2599 5608 2685 5660 illa
2720 5609 2975 5663 sustinet.
3013 5607 3249 5664 Rursum
3291 5609 3357 5666 iis
3404 5612 3493 5681 qui
3523 5627 3586 5664 ex
3635 5625 3770 5682 gen.

2173 5703 2316 5756 tibus
2339 5712 2490 5770 sunt,
2523 5717 2734 5771 magna:
2773 5703 3068 5770 probitatis
3095 5705 3463 5758 testimonium
3493 5709 3602 5769 dal,
3637 5704 3766 5759 dum

1707 5888 1750 5918 κ’·
1778 5887 1878 5942 lsa.
1910 5901 2073 5955 xxxv,
