4098 6484
387 386 494 442 eos

1399 385 1461 439 S.
1507 382 1787 439 CYRILLI
1839 383 2316 442 ALEXANDRINI
2354 385 2674 441 ABCIIIEP.

3564 386 3670 440 505

388 495 696 555 divinitatis
738 510 938 552 nomen
978 494 1120 566 apud
1150 508 1244 549 eos
1280 508 1559 563 magnum,
1604 493 1966 549 venerandum

2082 494 2252 566 ὄνομα
2294 496 2422 566 παρ’
2455 497 2657 558 αὐτοῖς,
2691 496 2885 548 σεπτόν
2908 513 2962 547 τε
3013 497 3107 550 nati.
3166 495 3513 564 ἀειάγαστον.
3543 503 3668 554 Δια-

387 601 443 645 et
468 588 849 644 admirandum
876 602 1009 643 esse
1031 585 1343 642 confirmat.
1379 585 1492 641 Hoc
1524 584 1669 640 idem
1717 602 1817 640 nos
1841 599 1979 654 quo-

387 695 518 751 que,
543 689 598 735 et
626 695 732 734 non
756 678 902 733 aliud
935 677 1257 735 sentiamus.

458 767 711 837 Suscepit
736 776 915 821 autem
939 774 995 821 et
1027 765 1292 820 Dominus
1344 774 1528 821 noster
1548 765 1707 821 Iesus
1729 766 1982 822 Christus

2087 586 2400 658 κεισώμεθα
2429 588 2536 659 γὰρ
2561 588 2659 658 οὐχ
2691 588 2893 658 ἑτέρως
2914 590 3093 659 ἡμεῖς,
3132 589 3177 679 ἧ.
3200 589 3343 643 κατὰ
3361 588 3551 643 τοῦτον
3578 593 3668 645 τὸν

2082 679 2300 750 τρόπον.
2621 716 2629 727 .
3110 678 3113 683 ’

2165 770 2480 840 Ἀπεδέχετο
2503 770 2560 824 δὲ
2589 769 2684 824 καὶ
2707 771 2735 822 ὁ
2772 769 2978 842 Κύριος
3002 773 3035 840 ἠ
3046 770 3164 842 μῶν
3197 770 3406 843 Ἰησοῦς
3433 772 3665 841 Χριστὸς

391 860 773 914 centurionem
801 858 1170 923 idololatram,
1194 858 1437 928 dixitque
1456 858 1678 928 insuper
1706 876 1719 914 :
1757 876 1777 910 ι
1805 860 1966 914 Amer

2079 861 2472 931 είδωλολάτρην
2531 863 2664 916 ὄντα
2712 862 2804 915 τὸν
2865 863 3289 934 ἑκατόνταρχον,
3348 866 3443 917 καὶ⁵
3477 864 3541 934 δὴ
3573 866 3668 919 καὶ

390 953 515 1007 dico
549 953 723 1017 vobis,
740 966 849 1007 non
877 951 1059 1006 inveni
1093 960 1299 1004 tantam
1347 951 1506 1004 fidem
1548 953 1602 1005 in
1647 950 1815 1007 Israel
1841 951 1909 1005 ”.
1953 970 1973 1004 s

387 1043 711 1100 Maledictus
739 1059 872 1115 ergo
919 1044 1014 1114 qui
1066 1042 1177 1099 Deo
1210 1050 1528 1113 corruptum
1574 1056 1671 1098 seu
1720 1043 1975 1098 vitiosum

389 1135 690 1201 sacrificat,
740 1150 859 1189 cum
902 1133 1078 1204 possit
1120 1135 1274 1190 illum
1320 1136 1594 1189 honorare
1626 1134 1975 1200 melioribus,

384 1226 653 1298 siquidem
679 1225 734 1280 in
764 1225 1023 1296 gregibus
1052 1226 1193 1293 suis,
1221 1235 1279 1280 ut
1305 1224 1465 1281 modo
1499 1226 1700 1281 dictum
1734 1236 1840 1294 est,
1870 1227 1974 1279 im-

386 1316 717 1371 maculatum
771 1324 826 1369 et
878 1316 1181 1368 masculum
1239 1314 1423 1369 habet.
1463 1313 1867 1368 Observandum
1907 1312 1975 1367 ad

382 1408 712 1463 sacriticium
752 1406 862 1475 peti
885 1405 1213 1469 masculum,
1245 1403 1373 1460 licet
1420 1404 1502 1459 lex
1543 1404 1654 1458 Deo
1688 1403 1975 1458 immolare

382 1501 546 1554 etiam
585 1499 845 1553 feminam
886 1497 1212 1567 praeceperit
1241 1494 1309 1554 ⁸⁸.
1344 1495 1586 1551 Dicimus
1614 1495 1779 1566 igitur
1807 1496 1975 1556 sacri-

385 1592 507 1652 ficia
539 1606 606 1645 ex
642 1600 785 1656 voto,
825 1592 929 1645 hoc
958 1600 1065 1657 est,
1107 1602 1255 1644 mere
1286 1588 1616 1653 voluntaria,
1655 1587 1974 1644 immacula-

386 1695 497 1740 tam
532 1695 586 1738 et
609 1683 906 1740 masculam
939 1683 1216 1738 victimam
1246 1683 1577 1753 postulasse,
1618 1691 1672 1737 et
1711 1691 1873 1753 typus
1902 1684 1971 1738 ad

382 1776 701 1833 offerentem
734 1777 1069 1847 pertinebat,
1104 1776 1506 1847 quodammodo
1542 1777 1801 1833 hortante
1825 1778 1967 1849 lege,

2079 953 2336 1021 ἔφασκεν·
2368 972 2386 1005 t
2435 954 2609 1023 ’Δμὴν
2658 952 2801 1021 λέγω
2832 954 2982 1022 ὑμῖν,
3011 954 3144 1024 παρ’
3174 953 3348 1007 οὐδενὶ
3397 955 3668 1026 τοσαύτην

2079 1046 2263 1098 πίστιν
2281 1037 2441 1117 εῦρον
2476 1046 2533 1098 ἐν
2562 1043 2640 1115 τῷ
2688 1044 2926 1116 Ἰσραήλ.
2957 1063 2977 1097 s
3016 1045 3319 1116 Ἐπάρατος
3352 1040 3446 1098 οῦν
3477 1048 3504 1098 ὁ
3523 1046 3667 1099 θύων

2074 1135 2197 1206 θεῷ
2222 1135 2319 1189 καὶ
2339 1135 2811 1208 κατεφθαρμένον,
2853 1136 3031 1190 καίτοι
3065 1136 3155 1190 τὸν
3189 1137 3353 1190 αὐτὸν
3382 1140 3496 1200 τοῖς
3516 1138 3667 1208 ἀμεί-

2075 1243 2193 1279 νοσι
2247 1227 2416 1297 τιμᾷν
2476 1225 2577 1297 (1),
2633 1226 2791 1296 εἴπερ
2835 1226 2892 1279 ὲν
2924 1227 3198 1297 ποιμνίοις
3230 1227 3363 1297 ἔχει,
3413 1228 3667 1299 καθάπερ

2074 1315 2213 1387 ἔφην
2245 1316 2470 1388 ἀρτίως,
2495 1316 2556 1369 τὺ
2582 1315 2816 1387 ἄμωμόν
2852 1333 2912 1369 τε
2952 1318 3046 1370 καὶ
3082 1317 3267 1388 ἄρσεν.
3319 1318 3664 1387 Σημειωτέον

2073 1407 2148 1471 δὲ,
2181 1408 2263 1460 ὅτι
2290 1406 2351 1461 τὸ
2389 1406 2555 1477 ἄρσεν
2577 1408 2657 1470 είς
2692 1406 2885 1461 θυσίαν
2938 1410 3114 1472 αἰτεῖ,
3158 1409 3337 1462 καίτοι
3363 1408 3456 1461 τοῦ
3496 1409 3664 1480 νόμον

2074 1498 2506 1568 προστεταχότος
2560 1497 2853 1551 καταθύειν
2905 1498 3024 1569 Θεῷ
3086 1498 3182 1553 καὶ
3232 1487 3666 1571 θῆλεα..Φαμὲν

2072 1584 2186 1654 οὖν,
2216 1589 2298 1642 ὅτι
2324 1590 2381 1642 αί
2411 1587 2531 1641 κατ’
2559 1588 2723 1659 εὐχὴν
2774 1588 2976 1654 θυσίαι,
3020 1588 3292 1654 τουτέστι,
3316 1589 3384 1642 τὰ
3417 1590 3663 1654 ἑκούσια,

2071 1680 2133 1733 τὸ
2163 1679 2393 1751 ἄμωμον
2417 1697 2478 1734 τε
2513 1680 2606 1733 καὶ
2644 1680 2811 1749 ἄρσεν
2835 1678 3080 1750 ἐδέχοντο
3101 1678 3272 1749 θῦμα,
3299 1680 3394 1733 καὶ
3417 1675 3485 1751 ἦν
3516 1683 3544 1735 ὁ
3572 1680 3666 1734 tti-

2073 1791 2173 1838 πος
2204 1776 2285 1837 είς
2342 1771 2435 1825 τὸν
2491 1771 2856 1844 προσάγοντα,
2919 1773 3202 1843 μονονουχὶ
3242 1773 3665 1843 παρεγγυῶντος

382 1871 448 1926 ad
477 1871 644 1925 Deum
670 1870 917 1927 volentes
946 1871 999 1924 in
1028 1870 1249 1925 odorem
1300 1871 1593 1926 suavitatis
1644 1872 1963 1939 ascendere,

2072 1863 2167 1917 τοῦ
2190 1860 2378 1934 νόμου,
2404 1863 2485 1915 ὅτι
2505 1862 2611 1933 χρὴ
2632 1862 2758 1926 τοὺς
2784 1863 2865 1925 είς
2885 1861 3063 1933 ὀσμὴν
3090 1862 3320 1926 εὐωδίας
3348 1863 3665 1917 ἀναϐαίνειν

382 1960 569 2016 viriles
616 1969 671 2015 et
700 1959 869 2014 animi
920 1958 1432 2030 perturbationibus
1489 1958 1751 2030 majores,
1801 1968 1967 2029 atque

383 2054 451 2108 ab
480 2052 627 2107 omni
666 2051 1099 2123 reprehensione
1132 2050 1503 2106 alienissimos
1536 2065 1661 2106 esse
1685 2061 1963 2121 oportere.

388 2143 669 2199 Sacrificia
721 2152 899 2198 autem
941 2157 1042 2214 pro
1087 2140 1353 2213 peccatis,
1385 2141 1453 2197 de
1484 2141 1641 2212 agnis
1690 2151 1745 2197 et
1795 2140 1967 2196 haedis

378 2233 638 2309 feminam
673 2234 1038 2291 admittebant
1064 2233 1246 2303 plane.
1284 2234 1464 2304 Atque
1502 2232 1621 2288 haec
1668 2232 1833 2287 etiam
1867 2233 1967 2286 im-

380 2329 696 2383 becillitatis
723 2326 1070 2383 offerentium
1111 2324 1408 2382 insinuatio
1429 2325 1678 2395 quaadam
1706 2334 1843 2379 erat.
1881 2324 1967 2379 ln-

379 2422 549 2477 firmae
578 2422 723 2477 enim
770 2430 903 2475 sunt
936 2418 1174 2483 feminae,
1222 2427 1277 2474 et
1303 2417 1545 2472 maribus
1587 2417 1785 2472 robore
1826 2416 1967 2471 infe-

377 2516 573 2568 riores.
603 2511 777 2568 Omne
802 2520 983 2567 autem
1010 2521 1316 2580 peccatum,
1351 2518 1531 2564 mente
1553 2507 1830 2563 infirmata
1865 2523 1965 2563 nec

376 2604 607 2675 amplius
640 2602 926 2674 spirituale
957 2605 1122 2659 robur
1150 2610 1548 2670 conservante,
1579 2599 1961 2656 consciscitur.

1040 2826 1191 2882 CAP.
1232 2824 1297 2881 ll.

443 2959 610 3017 Vsus.
653 2960 706 3028 1,
745 2959 803 3015 2.
840 2961 905 3014 Et
936 2976 1074 3014 nunc
1108 2959 1420 3014 mandatum
1450 2961 1549 3015 hoc
1582 2959 1653 3016 ad
1686 2976 1791 3026 vos,
1814 2976 1845 3014 ο
1877 2977 1964 3015 sa-

376 3054 611 3107 cerdotes
637 3064 657 3104 :
692 3049 752 3106 Si
795 3067 899 3105 non
936 3052 1246 3121 audieritis,
1287 3062 1334 3106 et
1370 3053 1417 3106 si
1450 3068 1554 3105 non
1587 3052 1866 3120 posueritis
1906 3053 1963 3106 in

375 3166 466 3204 cor
492 3162 740 3213 vestrum,
779 3157 835 3202 ut
864 3148 997 3203 detis
1032 3150 1257 3217 gloriam
1285 3147 1487 3202 nomini
1517 3162 1652 3212 meo,
1684 3147 1814 3200 dicit
1848 3146 1954 3200 Do-

2068 1955 2351 2020 ἑθέλοντας
2381 1954 2460 2025 τῷ
2488 1952 2629 2025 Θεῷ,
2677 1954 2957 2026 ἀνδρείους
3014 1972 3074 2009 τε
3126 1950 3303 2022 εἶναι,
3337 1957 3431 2009 καὶ
3473 1955 3665 2011 παθῶν

2066 2048 2343 2120 ἀμείνους,
2368 2048 2464 2103 καὶ
2492 2048 2686 2121 μώμου
2718 2048 2919 2113 παντὸς
2940 2049 3235 2105 ἀπωτάτω.
3257 2051 3324 2102 Δί
3350 2049 3407 2104 δέ
3430 2067 3494 2119 γε
3522 2051 3664 2123 ὑπὲρ

2068 2142 2354 2213 ἁμαρτιῶν
2410 2143 2819 2214 προσαγόμεναι
2877 2141 3078 2209 θυσίαι,
3130 2142 3192 2197 τὸ
3255 2144 3392 2214 θῆλυ
3441 2145 3664 2207 πάντως

2067 2232 2311 2303 ἐδέχοντο
2345 2232 2454 2285 ἀπὸ
2479 2232 2588 2286 τῶν
2635 2233 2849 2304 ἀμνὼν,
2884 2234 2978 2287 καὶ
3023 2233 3132 2288 ἀπὸ
3178 2233 3287 2287 τῶν
3313 2234 3538 2305 ἐρίφων.
3568 2235 3664 2288 Ατ-

2066 2340 2241 2395 νιγμα
2268 2323 2323 2378 δὲ
2358 2324 2452 2378 καὶ
2494 2324 2652 2378 τοῦτο
2681 2325 2779 2396 τῆς
2810 2324 2919 2381 τῶν
2956 2327 3345 2396 προσαγόντων
3379 2326 3663 2390 ἀσθενείας

2064 2410 2154 2486 ἦν.
2200 2415 2431 2470 ’ίΑναλκι
2481 2415 2591 2488 γὰρ
2623 2416 2684 2470 τὸ
2740 2416 2872 2484 θῆλυ
2900 2459 2915 2484 ,
2981 2416 3077 2469 καὶ
3122 2415 3232 2469 τῶν
3296 2415 3543 2488 ἀρσένων
3586 2416 3666 2478 ὡς

2067 2509 2126 2562 ὲν
2158 2507 2301 2578 ίσχύῖ
2338 2507 2611 2578 δεύτερον.
2652 2508 2925 2579 Ἀμαρτία
2951 2510 3005 2562 δὲ
3029 2510 3179 2561 πᾶσα
3204 2506 3380 2580 δρῷτο
3402 2506 3468 2563 ἂν
3496 2507 3665 2578 ἠσθε-

2068 2599 2295 2669 νηκότος
2318 2598 2411 2652 τοῦ
2440 2599 2553 2664 νοῦ,
2585 2599 2679 2652 καὶ
2709 2597 2830 2651 οὗτε
2860 2617 2962 2651 που
2992 2598 3193 2668 μᾶλλον
3230 2597 3330 2669 τὴν
3368 2614 3664 2669 πνευματι-

2069 2689 2170 2760 κὴν
2212 2688 2479 2755 σώζοντος
2508 2690 2834 2760 εὐρωστίαν.

2678 2824 2905 2878 ΚΕΦΑΛ
2916 2863 2930 2878 .
2981 2822 3054 2878 B'.

2139 2961 2249 3014 Καὶ
2280 2957 2398 3014 νῦν
2454 2959 2676 3028 ἐντολὴ
2731 2959 2883 3026 αὕτη
2942 2959 3090 3028 πρὸς
3130 2954 3308 3027 ὐμᾶςν
3363 2960 3416 3010 οἱ
3464 2955 3658 3025 ἱερεῖς’

2083 3052 2217 3108 Ἐὰν
2237 3050 2324 3121 μὴ
2354 3052 2680 3118 ἀκούσητε,
2748 3052 2847 3105 καὶ
2889 3052 3000 3105 ἐὰν
3052 3051 3140 3121 μὴ
3195 3048 3385 3119 θῆσθε
3431 3051 3516 3115 εὶς
3547 3048 3666 3117 τὴν

2068 3144 2324 3214 καρδίαν
2349 3144 2540 3215 ὑμῶν,
2557 3144 2665 3198 τοῦ
2693 3143 2905 3198 δοῦναι
2937 3143 3127 3209 δόξαν
3154 3142 3234 3209 τῷ
3255 3143 3503 3212 ὀνόματί
3518 3158 3661 3211 μου,

375 3243 551 3295 minus
580 3242 934 3309 omnipotens,
968 3240 1177 3295 mittant
1209 3254 1366 3309 super
1398 3254 1485 3293 vos
1513 3238 1958 3305 maledictioncm,

2070 3238 2227 3307 λέγει
2284 3238 2503 3304 Κύριος
2535 3234 2980 3305 παντοκράτωρ,
3025 3236 3123 3290 καί
3153 3234 3542 3300 ἐξαποστελῶ
3567 3235 3664 3302 ἐφ’

374 3334 752 3390 “maledicam
800 3334 1208 3387 benedictionem
1256 3344 1507 3397 uestram,
1545 3341 1593 3385 et
1644 3329 1961 3385 maledicam

375 3430 566 3497 ipsam.
630 3425 697 3479 Et
748 3427 1016 3496 dissipabo
1050 3426 1460 3480 benedictionem
1501 3433 1750 3492 vestram,
1772 3437 1828 3478 et
1860 3441 1963 3478 non

376 3522 472 3574 erit
504 3522 558 3575 in
603 3520 769 3586 vobis,
813 3522 940 3591 quia
984 3536 1072 3575 vos
1115 3536 1218 3574 non
1266 3518 1462 3590 ponitis
1518 3518 1574 3573 in
1596 3534 1686 3572 cor
1710 3529 1958 3572 vestrum.

448 3788 589 3845 XVI.
630 3786 831 3858 Culpas
857 3789 1123 3842 hactenus
1152 3784 1421 3839 admissas
1455 3801 1521 3839 ex
1553 3785 1799 3839 bonitate
1822 3799 1961 3839 con-

377 3882 561 3945 donat,
613 3889 667 3934 et
708 3876 1148 3935 misericordiam
1193 3876 1401 3941 tribuit,
1438 3887 1756 3946 peccatores
1809 3875 1962 3945 quasi

379 3974 445 4029 ad
478 3973 790 4042 primaevam
820 3973 1077 4025 virtutem
1121 3984 1403 4025 revocans.
1441 3968 1559 4025 l‘ioc
1584 3984 1708 4025 eum
1750 3968 1964 4037 signifi-

375 4080 502 4120 care
524 4078 748 4130 censeo,
783 4062 911 4117 dum
936 4062 1236 4117 clementer
1266 4062 1343 4117 ait
1372 4079 1385 4115 :
1414 4079 1432 4112 t
1475 4061 1543 4116 Et
1568 4076 1710 4115 nunc
1742 4060 1967 4114 manda-

374 4164 488 4208 tmn
512 4153 615 4209 hoc
641 4152 707 4208 ad
740 4167 856 4217 vos,
875 4166 909 4207 ο
935 4153 1268 4208 sacerdotes.
1306 4171 1324 4205 ι
1359 4151 1599 4206 Minatur
1616 4161 1796 4207 autem
1821 4151 1967 4205 dein-

375 4260 524 4314 ceps,
558 4246 659 4299 nisi
701 4244 886 4301 facere
948 4245 1115 4301 velint
1158 4260 1282 4316 quae
1332 4257 1429 4299 eos
1480 4241 1662 4299 facere
1712 4253 1965 4300 constare

375 4345 611 4408 oportet,
641 4337 1067 4409 divinorumque
1103 4335 1455 4393 oraculorum
1479 4347 1698 4390 sensum
1729 4336 1782 4390 in
1809 4350 1964 4390 men-

378 4439 486 4484 tem
537 4439 592 4482 et
632 4443 729 4484 cor
787 4430 1107 4493 immittere,
1158 4425 1329 4498 835.
1368 4436 1424 4480 et
1465 4425 1660 4494 seipsis
1709 4426 1965 4483 meliores

375 4519 686 4585 evaserint,
715 4528 768 4574 et
806 4518 901 4575 Dei
950 4519 1178 4590 gloriam
1212 4516 1596 4587 quaesiverint,
1635 4515 1807 4571 altare
1857 4531 1962 4572 non

2064 3324 2218 3395 ὑμᾶς
2251 3325 2366 3393 τὴν
2390 3325 2677 3394 κατάραν,
2717 3325 2817 3378 καί
2849 3324 3365 3394 ἐπικαταράσομαι
3416 3324 3533 3391 τὴν
3556 3327 3660 3378 εὑ-

2062 3420 2278 3489 λογίαν
2306 3417 2495 3489 ὑμῶν,
2550 3420 2650 3473 καὶ
2694 3416 3106 3488 καταράσομαι
3149 3418 3362 3484 αὑτήν.
3396 3417 3502 3472 Καὶ
3530 3416 3661 3471 δια-

2064 3511 2345 3566 σκεδάσω
2372 3511 2491 3581 τὴν
2534 3513 2822 3582 εὐλογίαν
2846 3510 3035 3581 ὑμῶν,
3068 3510 3170 3565 καὶ
3224 3513 3335 3566 οὐκ
3372 3510 3543 3565 ἔσται
3592 3510 3667 3564 ἐν

2064 3602 2243 3671 ὑμῖν,
2295 3602 2387 3656 ὅτι
2448 3603 2617 3674 ὑμεῖς
2674 3605 2747 3659 οὐ
2799 3603 3038 3658 τίθεσθε
3108 3606 3196 3671 εις
3244 3604 3361 3672 τὴν
3406 3602 3668 3672 καρδίαν

2064 3694 2254 3765 ὑμῶν.

2137 3788 2254 3853 ις’.
2284 3787 2523 3859 Παρίησι
2557 3787 2875 3857 φιλαγάθως
2903 3786 3002 3850 τὰς
3043 3786 3139 3838 ἐπὶ
3163 3788 3277 3851 τοῖς
3306 3785 3410 3857 ἥδη
3450 3784 3665 3854 φθάσαν

2068 3893 2152 3931 σιν
2178 3879 2381 3943 αἰτίας,
2415 3880 2509 3933 καὶ
2557 3878 2712 3950 νέμει
2762 3878 2853 3932 τὸν
2898 3877 3069 3941 ἔλεον,
3124 3878 3205 3941 είς
3261 3876 3437 3948 ἀρχὰς
3470 3876 3665 3947 ὥσπερ

2064 3971 2366 4034 ἐπιεικείας
2402 3970 2679 4035 ἀνατιθεὶς
2709 3970 2837 4034 τοὺς
2896 3970 3315 4042 ἡμαρτηκότας.
3368 3969 3532 4021 Τουτὶ
3560 3968 3664 4039 μὲν

2063 4057 2218 4132 οἶμαι
2243 4061 2458 4134 δηλοῦν,
2501 4063 2730 4132 λέγοντα
2760 4062 3017 4134 χρηστῶς
3047 4064 3129 4116 τό·
3190 4080 3210 4113 ι
3244 4061 3357 4115 Καὶ
3387 4060 3481 4114 νῦν
3512 4063 3546 4132 ἠ
3576 4063 3668 4115 ὲν-

2064 4154 2195 4228 το).ὴ
2225 4153 2365 4227 αὕτη
2388 4155 2523 4226 πρὸς
2546 4156 2712 4225 ὑμᾶς,
2742 4157 2791 4208 οἱ
2822 4157 3006 4226 ἱερεῖς.
3032 4174 3051 4207 s
3090 4153 3332 4207 ’Δπειλεί
3366 4153 3423 4206 δὲ
3450 4153 3662 4212 λοιπὸν.

2065 4248 2141 4313 ὼς
2172 4249 2222 4302 εἰ
2251 4248 2326 4321 μὴ
2380 4248 2589 4319 ἔχοιντο
2622 4250 2797 4301 ποιεῖν
2843 4247 2880 4303 ἃ
2933 4247 3040 4319 χρὴ
3070 4247 3361 4308 ποιοῦντας
3392 4245 3659 4316 ὁρᾶσθαι,

2067 4339 2162 4393 καὶ
2194 4341 2274 4403 εἰς
2328 4338 2455 4393 νοῦν
2512 4338 2623 4391 ἔσω
2663 4338 2911 4391 τίθεσθαι
2954 4341 3050 4392 καὶ
3098 4337 3329 4408 καρδίαν
3354 4335 3463 4388 τῶν
3499 4334 3661 4388 θείων

2065 4430 2562 4502 χρησμῳδημάτων
2614 4431 2715 4500 τὴν
2771 4429 3047 4499 αἴσθησιν,
3106 4428 3316 4482 ἔσοιντό
3370 4443 3432 4480 τε
3478 4425 3663 4481 αὐτῶν

2066 4522 2327 4593 ἀμείνους
2354 4521 2386 4592 ἢ
2416 4520 2609 4583 πάλαι,
2646 4520 2741 4574 καὶ
2783 4521 2881 4591 τὴν
2914 4521 3009 4574 τοῦ
3041 4521 3176 4575 Θεοῦ
3211 4521 3371 4587 δόξαν
3397 4519 3661 4591 ὲπιζητή·

383 4611 523 4666 ultra
558 4611 973 4681 vilipendeutes,
1024 4623 1200 4677 neque
1233 4618 1441 4662 temere
1466 4616 1522 4661 et
1550 4607 1687 4662 citra
1723 4607 1966 4678 explora-

2073 4630 2245 4680 σειαν,
2291 4613 2366 4685 μὴ
2415 4607 2953 4685 κατασμικρύνοντες
3009 4614 3090 4667 ἔτι
3140 4614 3200 4667 τὸ
3253 4614 3661 4683 θυσιαστήριον,

387 4708 587 4762 tionem
610 4704 817 4776 legibus
836 4702 1043 4759 sancita
1075 4714 1231 4755 sacra
1256 4707 1601 4770 peragentes,
1629 4699 1968 4768 penitissime

382 4796 488 4851 illis
540 4793 959 4850 maledicturum
1008 4798 1065 4845 et
1121 4802 1534 4844 succensurum.
1594 4787 1732 4845 Puto
1786 4798 1965 4844 autem

379 4903 502 4960 ego,
543 4885 774 4941 istorum
806 4883 1122 4947 verborum,
1173 4897 1193 4931 ι
1245 4879 1561 4935 Maledicam
1605 4881 1966 4937 benedictioni

379 4990 599 5040 vestrae.
628 4984 684 5032 et
702 4975 978 5045 dissipabo
1009 4975 1207 5043 ipsam,
1239 4992 1258 5025 ›
1296 4973 1438 5029 hanc
1469 4973 1696 5029 forsitan
1744 4983 1967 5031 senten-

384 5073 510 5125 tiam
568 5082 694 5125 esse
730 5085 744 5123 :
776 5066 889 5123 Deo
932 5065 1251 5136 quibusdam
1313 5065 1624 5123 felicitatem
1672 5076 1964 5133 annuente,

381 5165 604 5218 uberem
640 5168 963 5231 proventum
989 5158 1044 5214 in
1075 5159 1220 5230 agris
1248 5158 1385 5225 fore,
1414 5168 1469 5215 et
1491 5158 1675 5214 omnia
1701 5171 1964 5229 prospere

380 5265 720 5319 successum,
744 5260 799 5308 et
836 5265 1034 5321 pecora
1070 5250 1477 5325 incredibiliter.
1497 5266 1723 5306 numero
1746 5263 1963 5311 auctum

380 5345 467 5412 iri,
501 5345 755 5415 ipsosque
795 5344 849 5400 in
875 5343 1198 5414 corporibus
1230 5342 1363 5399 nihil
1395 5343 1681 5399 adversum
1715 5343 1967 5399 noxium-

379 5448 486 5503 que
515 5447 796 5506 passuros.
826 5431 1122 5490 Aufereute
1150 5442 1331 5488 autem
1375 5433 1491 5501 ipso
1524 5431 1963 5493 benedictionem

484 5614 530 5646 °’
570 5611 760 5669 Matth.
789 5630 906 5682 \‘lli,
946 5612 1034 5669 10.
1111 5612 1159 5644 ⁸⁸
1185 5611 1362 5668 Levit.
1390 5626 1505 5668 χχιι
1559 5627 1712 5689 seqq.

452 5818 531 5891 (i)
565 5820 755 5876 Deficit
787 5819 1012 5876 verbum
1043 5815 1419 5888 impersonaie.

1038 5918 1067 5927 ab.

2073 4705 2215 4776 μήτε
2247 4703 2353 4777 μὴν
2384 4703 2572 4768 ἁπλῶς
2601 4705 2633 4775 ἢ
2662 4703 3042 4768 ἀϐασανίστως
3093 4703 3374 4768 τελοῦντες
3399 4704 3466 4758 τά
3502 4720 3655 4758 νενο-

2073 4796 2336 4867 μισμένα,
2367 4797 2544 4867 πάντη
2564 4814 2623 4849 τε
2654 4797 2750 4851 natl.
2797 4798 3015 4862 πάντως
3046 4798 3468 4869 κατηραμένους
3525 4797 3662 4848 ἀπο-

2072 4890 2233 4957 φανεῖ
2262 4888 2357 4942 καὶ
2409 4888 2516 4942 ὑπὸ
2559 4890 2709 4944 θείαν
2755 4889 2913 4955 ὄντας
2945 4890 3138 4962 ὀργήν.
3202 4885 3372 4960 Οἶμαι
3401 4889 3457 4942 δὲ
3485 4887 3660 4956 ἔγωγε

2069 4978 2264 5049 δηλοῦν
2288 4980 2370 5047 τὸ,
2400 4999 2419 5033 ‹
2461 4981 2968 5055 Ἐπικαταράσομαι
2988 4982 3086 5055 τὴν
3102 4981 3350 5051 εὐλογίαν
3375 4978 3663 5051 tipatde

2071 5069 2413 5126 διασκεδὰσω
2436 5071 2629 5145 αὐτὴν,
2669 5095 2688 5127 ι
2717 5076 2898 5129 ἐκεῖνο
2924 5075 3065 5145 τάχα
3103 5092 3229 5131 που.
3262 5071 3397 5127 Θεοῦ
3417 5072 3518 5142 μὲν
3551 5070 3663 5141 γὰρ

2074 5161 2469 5228 κατανεύοντος
2500 5165 2597 5237 τὴν
2626 5148 2929 5237 εὐημερίαν
2976 5166 3143 5232 τισὶν,
3175 5164 3470 5236 εὐφορήσει
3502 5161 3572 5215 τὰ
3603 5161 3664 5213 ὲν

2072 5253 2284 5325 ἀγροῖς,
2313 5255 2612 5328 εὐκαρπίαι
2642 5272 2704 5315 τε
2753 5256 2970 5313 ἔσονται
3008 5258 3106 5312 καὶ
3148 5254 3416 5327 εὐθηνίαι,
3448 5252 3545 5307 καὶ
3584 5253 3664 5315 είς

2074 5343 2284 5415 πληθὺν
2302 5345 2610 5419 ἀμέτρητον
2636 5347 2893 5401 ἐπιδώσει
2913 5347 2984 5403 τά
3006 5347 3321 5419 θρέμματα,
3345 5344 3440 5399 καὶ
3456 5341 3665 5413 φθορᾶς

2073 5434 2284 5493 ἔσονται
2309 5438 2410 5511 τῆς
2438 5439 2546 5497 τῶν
2571 5440 2843 5512 σωμάτων
2862 5442 3121 5514 ἀμείνους
3156 5438 3334 5496 αὐτοί.
3376 5434 3671 5507 ’Λφιστὰν-
