4098 6474
487 432 595 489 505
610 472 617 483 .

1318 419 1878 481 COMMENTARIUS
1913 418 1982 476 IN
2021 414 2439 474 MALACHIAM
2482 408 2929 468 PROPIIETAM.

3660 405 3774 465 306

484 561 575 610 τος
602 543 662 598 δὲ
717 541 817 612 τὴν
857 540 1113 611 εὐλογίαν
1162 539 1542 613 αὐτοῦίιπρὸς
1598 541 1706 596 πᾶν
1764 538 2116 596 τούναντίον,

2204 550 2363 601 utam,
2388 548 2474 589 res
2505 532 2729 586 omnino
2762 542 2986 582 versum
3014 524 3080 578 iri
3127 532 3273 577 retro
3296 530 3350 576 et
3398 530 3599 578 statum
3649 523 3783 579 bea-

487 635 869 707 μεταχωρήσει
901 633 972 688 τὰ
1001 635 1329 706 πράγματα,
1357 635 1451 687 καὶ
1471 634 1707 687 ἀπέσται
1733 633 1831 704 μὲν
1861 632 2081 694 πάντως

482 726 544 779 τὸ
568 727 888 797 εὐημερεῖν,
919 727 1329 796 κατακρατήσει
1363 726 1419 779 δὲ
1453 725 1654 796 μᾶλλον
1679 726 1746 778 τὰ
1774 726 1860 793 ἐφ’
1892 718 1975 786 οἷς
2014 721 2081 776 ἂν

485 817 709 881 είκότως
745 817 1101 886 καταγένοιτό
1126 834 1231 882 τις.
1263 818 1373 871 Καὶ
1408 818 1569 872 ταυτὶ
1612 817 1712 887 μὲν
1739 817 1767 868 ὁ
1797 815 1956 883 λόγος
2008 814 2083 877 ὡς

481 911 540 961 ἑν
571 908 853 979 αἰσθητοῖς
877 925 938 961 τε
963 910 1056 962 καὶ
1085 910 1448 981 προσκαίροις
1482 909 1828 980 πράγμασιν.

553 1000 768 1054 Είδέναι
801 1001 859 1054 δὲ
883 1003 1180 1070 ἀναγκαῖον
1205 1001 1303 1067 ὡς,
1320 1003 1368 1054 εί
1398 1006 1473 1073 μή
1501 1019 1586 1065 τις
1606 1000 1785 1054 ἕλοιτο
1809 998 1909 1063 τὰς
1931 997 2087 1061 θείας

484 1097 565 1158 είς
586 1094 713 1148 νοῦν
733 1094 885 1164 ἔχειν
903 1094 1150 1159 ἐντολὰς,
1214 1095 1497 1165 οἰχήσεται
1529 1094 1709 1148 πάντα
1743 1090 1895 1161 αὐτῷ
1948 1089 2084 1161 πρὸς

484 1187 548 1241 τὺ
583 1188 750 1259 μηδὲν
778 1186 848 1241 τὰ
879 1188 959 1251 είς
982 1187 1109 1241 νοῦν
1162 1186 1368 1255 ἀγαθὰ,
1391 1185 1505 1252 ἔξει
1557 1203 1620 1239 τε
1653 1184 1865 1256 καρπὸν
1894 1183 2086 1237 οὐδένα

487 1278 585 1348 τῆς
620 1277 873 1346 φιλοθέου
919 1276 1087 1350 ζωῆςο
1142 1278 1258 1331 ἀλλ’
1309 1278 1464 1331 ἔσται
1524 1277 1622 1350 μὲν
1678 1276 1930 1345 εὐλογίας
1984 1275 2086 1346 τῆς

487 1368 693 1424 ἄνωθεν
720 1369 815 1424 καὶ
839 1370 991 1441 παρὰ
1041 1369 1177 1423 Θεοῦ
1209 1370 1546 1440 τητώμενος,
1594 1370 2004 1440 παραπεσεῖται
2026 1367 2085 1421 δὲ

485 1465 602 1526 ταῖς
629 1463 795 1533 ἀραῖς
821 1464 918 1517 καὶ
942 1465 1067 1526 ταῖς
1093 1464 1157 1516 ὲκ
1182 1463 1393 1515 τούτων
1440 1464 1675 1526 ποιναῖς.
1722 1461 1996 1533 Ζητητέον
2021 1459 2086 1531 δὴ

484 1550 577 1608 οὖν
603 1555 703 1625 τὴν
731 1552 830 1607 τοῦ
876 1552 1014 1607 Θεοῦ
1064 1553 1243 1620 δόξανο
1305 1553 1400 1606 καὶ
1428 1552 1551 1606 τίνα
1583 1551 1648 1623 δὴ
1688 1553 1888 1620 τρόπον
1928 1549 2088 1604 τοῦτο

487 1644 927 1717 κατορθώσομεν,
953 1644 1113 1708 αὐτὸς
1147 1646 1296 1716 ἡμᾶς
1320 1646 1350 1698 ὁ
1374 1643 1566 1716 Σωτὴρ
1616 1643 1858 1708 ἐδίδαξεν
1888 1642 2083 1696 εἰπών·

492 1758 510 1790 ι
545 1737 831 1808 Λαμψάτω
849 1737 912 1791 τὸ
949 1737 1069 1808 φῶς
1095 1737 1253 1808 ὑμῶν
1276 1736 1592 1809 ἔμπροσθεν
1613 1735 1723 1789 τῶν
1754 1734 2085 1807 ἀνθρώπων.

485 1829 634 1891 ὅπως
662 1827 813 1881 ἴδωσι
835 1829 904 1881 τὰ
928 1827 1076 1882 καλὰ
1122 1827 1280 1899 ὑμῶν
1332 1827 1492 1899 ἔργα,
1547 1827 1642 1881 καὶ
1695 1825 1963 1891 δοξάσωσι
1997 1827 2088 1881 τὸν

2189 626 2381 681 tiorem
2409 623 2598 696 procul
2627 622 2968 683 abfuturum,
3002 615 3296 671 invalitura
3350 614 3529 682 potius
3563 612 3632 668 ob
3656 629 3779 683 qme

2185 719 2309 788 quis
2333 718 2527 773 merito
2555 715 2641 771 hic
2677 729 2786 769 non
2832 718 3101 767 moretur.
3140 707 3208 763 Et
3238 708 3354 762 hinc
3380 706 3601 777 quidem
3641 706 3778 759 utin

2186 812 2349 867 rebus
2402 824 2625 865 sensum
2686 804 3033 878 tangentibus
3096 817 3158 857 ac
3212 799 3580 871 temporaneis
3641 798 3785 852 dicta

2186 912 2371 959 sunto.

2259 993 2551 1050 Sciendum
2587 999 2767 1046 autem
2795 989 2975 1059 plane,
3006 985 3108 1041 nisi
3134 984 3259 1055 quis
3291 982 3474 1039 divina
3515 980 3774 1035 mandata

2188 1087 2372 1142 animo
2402 1084 2685 1141 continere
2719 1081 2977 1143 voluerit.
3002 1078 3186 1136 omnia
3221 1077 3390 1131 animi
3416 1079 3558 1131 bona
3592 1073 3698 1142 ipsi
3725 1073 3779 1126 in

2188 1178 2420 1233 nihilum
2443 1175 2741 1237 abitura,et
2789 1171 2915 1226 vitae
2965 1169 3233 1239 religiosae
3289 1167 3527 1221 fructum
3580 1162 3786 1218 nullum

2195 1271 2498 1326 relaturum
2541 1265 2837 1338 :quinitno
2915 1262 3222 1329 cmlesmm,
3264 1269 3428 1327 atque
3461 1272 3492 1311 a
3538 1255 3645 1311 Deo
3683 1255 3788 1308 im-

2192 1362 2387 1435 pertiri
2421 1361 2646 1417 solitam
2676 1354 3111 1413 benedictionem
3140 1352 3491 1414 amissurum,
3511 1358 3566 1404 et
3590 1347 3643 1401 in
3669 1361 3786 1400 ma-

2191 1457 2511 1514 ledictiones
2565 1464 2866 1524 poenasque
2949 1455 3352 1516 consequentes
3409 1442 3784 1496 incursurmn.

2191 1548 2538 1607 Studendum
2566 1561 2699 1616 ergo
2744 1544 2835 1599 Dei
2870 1541 3100 1612 gloriae;
3137 1538 3282 1608 quod
3329 1534 3602 1608 quomodo
3654 1530 3790 1600 legi-

2191 1644 2322 1699 time
2347 1641 2459 1707 ﬁat,
2490 1641 2605 1708 ipse
2632 1635 2887 1692 Salvator
2912 1647 3013 1688 nos
3035 1632 3222 1686 docuit
3253 1626 3363 1683 illis
3390 1624 3609 1679 verbis:
3637 1640 3656 1674 ι
3694 1620 3790 1676 Sic

2191 1736 2369 1791 luceat
2397 1733 2486 1787 lux
2525 1740 2706 1785 vestra
2734 1741 2923 1784 coram
2955 1721 3298 1785 hominibus,
3334 1726 3397 1773 ut
3426 1716 3647 1771 videant
3669 1727 3795 1784 ope-

2193 1846 2250 1884 ra
2279 1835 2461 1883 vestra
2490 1826 2658 1886 bona,
2695 1830 2752 1877 et
2784 1818 3095 1891 gloriﬁcent
3140 1813 3361 1868 Patrem
3397 1818 3646 1865 vestrum
3695 1804 3791 1876 qui

485 1919 710 1991 Πατέρα
734 1920 763 1972 ὐ
772 1920 893 1991 μῶν
911 1919 1004 1975 τὸν
1029 1921 1085 1973 ὲν
1119 1922 1230 1983 τοῖς
1257 1921 1527 1992 οὐρανοῖς.
1561 1938 1580 1970 ι
1613 1919 1749 1973 Τότε
1781 1920 1878 1973 καὶ
1902 1918 2089 1990 πλήρη

2204 1924 2247 1974 in
2279 1919 2435 1975 caelis
2460 1925 2544 1972 est
2571 1916 2638 1968 ⁸⁷.
2667 1933 2686 1966 ι
2722 1912 2875 1967 Tunc
2901 1908 3067 1965 etiam
3104 1906 3323 1976 plenam
3353 1899 3789 1957 benedictionem

484 2014 585 2084 τὴν
623 2014 880 2083 εὐλογίαν
905 2013 1302 2086 ἀποληψόμεθα
1329 2014 1425 2067 καὶ
1446 2013 1783 2086 ἀκράδαντον
1807 2011 1907 2084 τὴν
1937 2009 2094 2064 εὐθυ-

489 2110 639 2180 μίαν,
684 2108 781 2162 καὶ
816 2111 940 2173 ταῖς
995 2109 1395 2179 πνευματικαῖς
1446 2106 1785 2178 εὐκαρπίαις
1815 2103 2090 2177 ἐντρυφή-

488 2216 654 2270 σομεν
676 2238 692 2260 .
745 2199 975 2269 ἐμπλεοί
1023 2212 1105 2253 τε
1136 2199 1341 2263 παντὸς
1390 2197 1599 2268 ἀγαθοῦ
1644 2196 1955 2267 γεγονότες,
1998 2195 2095 2250 τὸν

487 2291 705 2363 ἀληθῶς
747 2290 1063 2364 ἀξιοπρεπῆ
1107 2294 1203 2347 καὶ¹
1252 2292 1531 2364 ἐξαίρετον
1588 2291 1922 2363 διαζήσομεν
1953 2288 2090 2360 βίον.

571 2384 718 2439 Ἰδοὺ
769 2385 886 2456 ἐγὼ
918 2385 1174 2455 ἀφορίζω
1211 2385 1352 2455 ὑμῖν
1380 2383 1488 2438 τὸν
1525 2380 1708 2454 ὦμον,
1757 2381 1853 2437 καὶ
1908 2396 2093 2450 exop-

485 2476 600 2532 πιῶ
626 2478 934 2547 ἔνυστρον
958 2478 1061 2531 ἐπὶ
1108 2478 1182 2532 τὰ
1229 2480 1524 2546 πρόσωπα
1558 2475 1747 2546 ὑμῶν,
1790 2474 2101 2542 ἕνυστρον

483 2570 709 2640 ἑορτῶν
736 2571 927 2642 ὑμῶν,
976 2571 1077 2625 καὶ
1126 2571 1403 2641 λήψομαι
1457 2568 1615 2639 ὑμᾶς
1649 2572 1739 2633 εἰς
1795 2567 1862 2623 τὸ
1919 2568 2088 2621 αὑτό.

485 2666 597 2721 Καὶ
636 2666 1041 2736 ἐπιγνώσεσθε
1098 2663 1246 2719 διότι
1293 2665 1409 2735 ἐγὼ
1464 2663 1898 2730 ἐξαπέσταλκα
1938 2660 2093 2729 πρὸς

489 2757 644 2827 ὑμᾶς
683 2757 801 2826 τὴν
849 2757 1118 2826 ἐντολὴν
1164 2758 1413 2825 ταύτην,
1462 2757 1570 2811 τοῦ
1595 2751 1753 2809 εἶναι
1800 2753 1917 2823 τὴν
1960 2752 2087 2806 δια-

485 2848 688 2917 θήκην
736 2867 858 2921 μου
905 2850 1062 2920 πρὸς
1121 2851 1263 2917 τοὺς
1319 2850 1605 2916 Λευίτας,
1650 2847 1814 2917 λέγει
1873 2846 2092 2915 Κύριος

485 2942 937 3012 παντοκράτωρ.

557 3037 659 3091 1Ζ’.
694 3037 1025 3108 Κέκρυπταί
1056 3055 1110 3092 τι
1138 3036 1300 3091 πάλιν
1347 3037 1405 3089 ἐν
1454 3038 1567 3099 τοῖς
1622 3034 2029 3108 προκειμένοις,
2062 3032 2092 3087 δ

485 3132 582 3186 καὶ
610 3125 766 3201 οἶμαι
795 3130 904 3183 δεῖν
934 3132 1049 3194 τοῖς
1084 3129 1486 3200 φιλακροάμοσι
1529 3126 1952 3200 διατρανοῢσθαι
1988 3142 2088 3179 σα-

488 3222 626 3291 φῶς·
665 3224 877 3276 συνεῖεν
900 3222 1012 3295 γὰρ
1043 3222 1110 3276 ἂν
1131 3221 1276 3275 οὕτω
1326 3216 1386 3275 εὖ
1451 3221 1596 3292 μάλα
1646 3221 1708 3274 τὸ
1735 3219 2090 3291 δηλούμενον.

2190 2022 2246 2068 et
2275 2008 2611 2066 immobilem
2643 2003 2844 2060 utentis
2876 1991 3239 2058 serenitatem
3274 1994 3626 2065 recipiemus,
3659 1989 3789 2044 etin

2193 2101 2564 2175 spiritualium
2622 2097 2896 2153 fructuum
2932 2091 3182 2147 ubertate
3211 2103 3337 2145 cum
3362 2084 3641 2153 voluptate
3666 2096 3791 2137 ver-

2194 2174 2465 2259 sabinmr,
2493 2190 2800 2262 repletique
2825 2185 2988 2243 bonis
3016 2182 3296 2248 omnibus,
3338 2193 3467 2235 vere
3508 2175 3668 2231 nobis
3707 2174 3793 2229 di-

2192 2302 2353 2358 gnam
2377 2296 2430 2340 et
2461 2282 2780 2355 praeclaram
2815 2279 2984 2334 vitam
3013 2275 3385 2330 traducemus.

2275 2380 2433 2435 Vens.
2476 2378 2532 2439 '5,
2572 2377 2634 2431 4.
2673 2372 2808 2428 Ecce
2837 2387 2931 2442 ego
2960 2383 3149 2438 separo
3178 2365 3324 2421 vobis
3351 2368 3654 2425 humerum,
3681 2360 3794 2411 dis-

2195 2485 2409 2541 pergam
2437 2467 2789 2524 ventriculum
2812 2476 2973 2532 super
3004 2458 3167 2530 facies
3185 2465 3409 2518 vestras,
3446 2449 3795 2507 ventriculum

2194 2538 2595 2618 solemnitatum
2664 2565 2996 2618 uestrarum,
3053 2560 3103 2606 et
3160 2546 3443 2616 suscipiam
3486 2558 3575 2597 vos
3626 2542 3681 2596 in
3740 2538 3796 2592 id

2193 2657 2388 2726 ipsum.
2422 2651 2495 2706 Et
2539 2649 2863 2721 cognoscetis
2899 2646 3023 2717 quia
3053 2644 3176 2698 misi
3209 2643 3279 2696 ad
3337 2654 3425 2694 vos
3482 2633 3797 2690 mamiatunt

2194 2720 2311 2811 Iioc,
2336 2754 2392 2798 ut
2422 2750 2556 2797 esset
2579 2720 2948 2795 testamentum
2971 2749 3140 2790 meum
3167 2732 3235 2785 ad
3268 2728 3499 2795 Levites,
3527 2724 3655 2779 dicit
3687 2720 3797 2776 Do-

2194 2836 2373 2890 minus
2407 2833 2764 2904 omnipotens.

2274 3010 2444 3069 XVII.
2481 3010 2723 3066 Rursum
2759 3009 2813 3063 in
2844 3005 3031 3061 verbis
3087 2999 3336 3058 adductis
3391 2995 3597 3067 aliquid
3665 2995 3798 3049 latet
3828 3004 3831 3005 '

2194 3108 2338 3178 quod
2358 3103 2619 3161 studiosis
2646 3099 2899 3158 audiendi
2928 3097 3133 3167 liquido
3160 3090 3551 3150 declarandum
3579 3086 3791 3142 sentio:

2199 3202 2280 3257 sic
2320 3199 2466 3256 enim
2503 3194 2950 3253 commodissime
2981 3188 3296 3247 eorumdem
3331 3186 3441 3240 vim
3466 3193 3803 3250 sensumque

499 3275 560 3366 εΟ
589 3313 756 3383 νόμος
786 3275 1024 3367 τοίνύνιὸ
1044 3310 1132 3364 διὰ
1156 3309 1402 3374 Μωσέως
1437 3275 1557 3373 ταῖς
1585 3275 1853 3363 ἀνωτάτω
1904 3275 2093 3379 τιμαῖς

2204 3293 2532 3366 percipient.
2597 3289 2710 3345 Lex
2768 3289 2938 3359 igitur
2993 3283 3233 3339 Mosaica
3300 3281 3478 3337 sacris
3531 3275 3801 3332 altaribus

486 3404 579 3458 τὸν
598 3403 708 3457 τῶν
744 3403 905 3457 Θείων
933 3402 1337 3474 Θυσιαστηρίων
1365 3402 1722 3472 παραστάτην
1757 3402 1852 3455 καὶ
1895 3401 2105 3472 ἱερουρ-

488 3492 585 3561 γὺν
622 3492 930 3562 στεφανῶν,
962 3486 1076 3545 οἷον
1106 3493 1164 3546 ἐν
1215 3492 1368 3559 τάξει
1419 3489 1555 3545 Θεοῦ
1616 3490 1865 3544 τέθεικεν
1909 3490 2099 3546 αὐτόν.

493 3584 639 3654 Ἔφη
676 3584 787 3655 γὰρ
812 3584 897 3637 ὅτι
923 3602 942 3635 ι
984 3584 1284 3655 Κάρπωμα
1316 3584 1526 3654 Κυρίου
1557 3584 1586 3636 ὁ
1608 3583 1810 3655 κλῆρος
1861 3582 2051 3638 αὐτοῦ.
2078 3602 2097 3636 ι

493 3676 642 3747 Ἔφη
662 3676 719 3729 δέ
754 3694 857 3730 που
890 3675 983 3731 καὶ
1014 3678 1042 3730 ὁ
1075 3675 1365 3741 Θεσπέσιος
1395 3675 1613 3741 Παῦλος
1639 3694 1651 3709 ·
1686 3696 1706 3729 ι
1738 3676 1979 3731 Βλέπετε
2009 3677 2104 3732 τὸν

505 3766 725 3838 Ἰσραὴλ
754 3766 899 3822 κατὰ
949 3768 1152 3840 σάρκα.
1188 3769 1300 3840 Οὐχ
1338 3770 1387 3822 οἱ
1440 3768 1755 3837 ἐγγίζοντες
1803 3768 1882 3841 τῷ
1910 3768 2104 3823 Gusta-

495 3862 725 3933 στηρίῳ,
760 3862 1014 3916 κοινωνοὶ
1044 3860 1140 3916 τοῦ
1203 3860 1595 3933 θυσιαστηρίου
1643 3860 1820 3923 εἰσίν;
1873 3879 1891 3913 ι
1942 3862 2106 3926 Ἔθος

494 3955 605 4027 γὰρ
633 3951 702 4027 ἦν
745 3956 855 4009 ἀπὸ
903 3956 1109 4019 παντὸς
1158 3953 1401 4025 θύματος
1456 3951 1812 4025 ἀφαιρεῖσθαι
1862 3951 1940 4023 τῷ
1984 3950 2105 4024 Θεῷ

498 4049 778 4121 βραχίονα..
816 4050 914 4103 καὶ
951 4048 1264 4120 στηθήνιον,
1302 4048 1399 4102 καὶ
1431 4046 1524 4100 τὸν
1542 4044 1700 4099 λοϐὸν
1725 4044 1822 4100 τοῦ
1861 4044 2102 4117 ἥπατος,

499 4143 594 4197 καὶ
619 4143 750 4206 τοὺς
778 4141 873 4196 δύο
900 4130 1158 4211 νεφροὺς,
1192 4142 1287 4195 καὶ
1316 4140 1416 4211 μέν
1441 4156 1525 4193 τοι
1556 4138 1616 4191 τὸ
1638 4137 1920 4207 ἔνυστρον,
1944 4153 2106 4190 τουτ-

404 4272 411 4285 .
498 4236 637 4300 ἐστι,
676 4234 776 4306 τὴν
804 4233 1037 4300 κοιλίαν,
1076 4232 1518 4305 ὐπεμφαίνοντος
1558 4228 1980 4302 αἰνιγματωδῶς
2007 4225 2103 4282 τοῦ

497 4325 726 4397 νομικοῦ
768 4325 1101 4397 γράμματος
1155 4327 1237 4380 ὃτι
1291 4324 1473 4380 πάντα
1520 4322 1679 4395 ἡμῶν
1737 4321 1809 4376 τὰ
1854 4321 2106 4377 ὲντόσθια

497 4418 611 4473 τῶν
661 4419 1029 4474 ἀνατιθέντων
1102 4420 1329 4483 ἑαυτοὺς
1377 4420 1458 4482 εἰς
1507 4415 1685 4488 ὀσμὴν
1745 4414 1976 4479 εὐωδίας
2028 4412 2107 4486 τῷ

500 4511 622 4582 Θεῷ
654 4511 781 4583 ἱερά
818 4528 880 4565 τε
921 4507 1063 4568 εἶναι
1107 4512 1378 4583 προσήκει
1424 4509 1519 4564 καὶ⁹
1554 4507 1887 4581 ἡγιασμένοι.
1926 4508 2106 4578 Προσ-

501 4602 822 4675 εκομίζοντο
850 4604 958 4675 γὰρ
987 4602 1057 4657 τὰ
1083 4602 1356 4668 ὲντόσθια,
1387 4601 1487 4673 τῆς
1508 4600 1738 4672 ἐνούσης
1762 4601 1945 4663 αὐτοῖς
1968 4600 2104 4654 ἀκα-

502 4694 735 4766 θαρσίας
775 4694 1195 4768 ἀπηλλαγμένα.
1260 4694 1512 4768 Βραχίων
1538 4710 1598 4747 τε
1651 4694 1759 4765 μὴν
1796 4690 1981 4765 ίσχύος
2035 4691 2102 4746 ἂν
2137 4683 2181 4739 1)

502 4789 678 4840 νοοῖτο
735 4788 983 4859 σημεῖον.
1035 4786 1250 4858 Χρῆναι
1293 4785 1352 4839 δέ
1409 4804 1554 4857 φημι
1607 4785 1745 4857 πρὸς
1803 4768 1913 4838 πᾶν
1942 4783 2105 4855 ἔργον

503 4877 711 4947 ἀγαθὸν
735 4877 1024 4950 ἰσχύοντας
1061 4879 1210 4950 ἡμᾶς
1245 4877 1342 4932 καὶ
1390 4877 1811 4950 ἀνδριζομένους
1864 4875 2107 4946 ἀναμέλ-

502 4972 665 5044 ῳδεῖν
700 4973 878 5027 ἐκεῖνο
911 4971 1093 5042 σοφῶς
1118 4970 1180 5024 τὸ
1212 4970 1302 5024 διὰ
1324 4971 1422 5041 τῆς
1448 4969 1544 5025 τοῦ
1575 4969 1873 5040 ψάλλοντος
1898 4968 2071 5039 λύρας
2088 4984 2102 4997 ·

511 5084 530 5116 ι
571 5063 821 5133 Εὐλόγει,
856 5065 890 5135 ἡ
914 5062 1062 5135 ψυχή
1121 5080 1247 5134 μου,
1292 5064 1385 5116 τὸν
1411 5062 1640 5134 Κύριον,
1690 5063 1784 5115 καὶ
1834 5060 2014 5114 πάντα
2043 5058 2113 5113 τὰ

505 5156 660 5221 ἐντός
693 5174 821 5228 μου,
851 5156 912 5210 τὸ
945 5157 1120 5228 ὄνομα
1146 5155 1209 5209 τὸ
1228 5155 1383 5223 ἅγιον
1412 5155 1603 5209 αὐτοῦ.
1650 5173 1668 5207 ο
1716 5153 1827 5208 Καὶ
1853 5152 1981 5223 περὶ
2012 5150 2111 5223 μὲν

504 5246 617 5302 τῶν
644 5248 934 5302 ὲντοσθίων
976 5248 1073 5303 καὶ
1099 5246 1442 5318 τελουμένων
1467 5245 1671 5300 θυσιῶν
1716 5244 1858 5300 κατὰ
1883 5244 1976 5297 τὸν
2023 5243 2112 5296 νό-

439 5417 447 5425 .
508 5361 612 5414 μον
646 5342 825 5413 ἰσχνὸς
846 5344 979 5415 ἡμῖν
1008 5341 1150 5410 ἄγαν
1177 5339 1542 5410 ὲκπεποίηται
1575 5338 1735 5408 λόγος
1794 5338 1854 5391 ὲν
1890 5335 2111 5407 ἑτέραις

508 5436 879 5505 συγγραφαῖς.
922 5433 1136 5487 Οὐκοῦν
1165 5432 1227 5486 τὸ
1254 5431 1425 5486 ταῦτα
1463 5431 1644 5500 λέγειν
1678 5430 1911 5502 ἀφέντες
1939 5430 2020 5492 εἱς
2051 5427 2113 5481 τὸ

508 5526 709 5598 παρὸν.
742 5526 852 5579 τῶν
907 5526 1293 5597 προκειμένων
1342 5526 1444 5596 τὴν
1497 5524 1853 5593 διασάφησιν,
1888 5522 1965 5584 ὡς
2008 5520 2108 5584 ἔνι,

510 5620 786 5673 ποιεῖσθαι
836 5618 1251 5690 σπουδάσωμεν.
1305 5615 1749 5689 Προστεταχὸτος
1789 5614 1972 5668 τοίνυν
2017 5611 2114 5666 τοῦ

511 5711 679 5781 νόμου
703 5710 1192 5783 μωμοσκοπεῖσθαι
1219 5710 1329 5764 δεῖν
1357 5709 1426 5764 τὰ
1456 5708 1598 5780 ἱερὰ,
1622 5709 1718 5761 καὶ
1750 5706 2116 5763 ἀϐασάνιστον

586 5889 629 5921 ⁸³
658 5888 844 5944 Matth.
894 5907 949 5956 v,
982 5870 1068 5943 ι’θ.
1181 5888 1226 5921 ⁸⁸
1254 5887 1413 5943 Deut.
1449 5902 1607 5953 xvm,
1640 5886 1724 5939 l5.

2206 3398 2475 3445 astantem
2498 3392 2886 3454 etoperantcm
2909 3377 3213 3435 honoribus
3239 3371 3513 3446 supremis
3532 3367 3798 3430 aﬂlciens,

2206 3479 2598 3552 propemodum
2634 3476 2744 3530 Deo
2777 3472 3062 3545 aequabat;
3096 3470 3174 3525 ait
3207 3469 3353 3524 enim
3383 3483 3397 3520 :
3435 3483 3455 3516 ι
3480 3461 3797 3519 Oblationes

2206 3573 2422 3631 Domini
2476 3569 2755 3641 possessio
2814 3567 2932 3635 ejus
2961 3564 3029 3620 ⁸⁸.
3070 3581 3089 3615 ι
3150 3561 3225 3616 Et’
3268 3557 3484 3616 divinus
3545 3551 3744 3609 Paulus
3784 3566 3801 3605 :

2213 3682 2232 3717 ι
2264 3663 2455 3718 Videte
2496 3658 2664 3715 Israel
2715 3655 3016 3712 secundum
3077 3664 3324 3706 carnem.
3374 3643 3541 3718 835
3612 3641 3803 3697 Nonne

2207 3756 2298 3825 qui
2340 3746 2971 3823 appropinquantaltari,
2989 3742 3281 3814 participes
3308 3747 3437 3795 sunt
3460 3734 3652 3790 altaris
3667 3733 3755 3787 "7
3779 3750 3798 3784 ι

2206 3823 2343 3901 Erat
2391 3843 2594 3913 quippe
2638 3838 2883 3896 solemne
2940 3850 2972 3890 a
3019 3832 3265 3904 qualibet
3315 3828 3495 3886 hostia
3558 3823 3804 3895 separari

2209 3939 2319 3994 Deo
2346 3949 2584 4001 armum,
2617 3942 2670 3988 et
2700 3927 3101 4002 pectusculum,
3147 3933 3203 3980 et
3234 3920 3519 3976 reticulum
3575 3916 3803 3987 iecoris,

2207 4039 2264 4086 et
2293 4030 2430 4085 duos
2458 4041 2640 4089 renes,
2691 4035 2747 4080 et
2785 4018 3150 4078 ventriculum
3196 4034 3209 4071 :
3243 4030 3354 4087 quo
3389 4011 3616 4085 quidem
3653 4008 3807 4064 Scri-

2210 4133 2368 4193 ptura
2407 4119 2599 4190 legalis
2630 4132 2729 4190 per
2776 4115 3122 4172 involucrum
3156 4110 3366 4166 indicat
3418 4105 3603 4163 omnia
3662 4103 3805 4157 inte-

2209 4217 2352 4271 riora
2400 4228 2588 4270 eorum
2633 4211 2727 4282 qui
2762 4225 2823 4266 se
2874 4208 3271 4265 dedicaverunt
3325 4202 3435 4257 Deo
3486 4199 3542 4253 in
3584 4197 3807 4252 odorem

2208 4304 2498 4364 suavitatis
2546 4313 2736 4361 sancta
2776 4310 2832 4357 et
2876 4298 3213 4356 sanctiﬁcata
3237 4309 3357 4349 esse
3397 4299 3670 4361 oportere.
3715 4286 3812 4342 ΟΙ-

2215 4401 2535 4457 ferebantur
2568 4398 2713 4453 enim
2773 4395 2966 4450 intima
3020 4408 3047 4446 a
3106 4389 3359 4446 sordibus
3415 4382 3813 4440 inhaerentibus

2210 4503 2464 4568 purgata.
2524 4493 2725 4547 Armus
2768 4501 2937 4559 porro
2979 4482 3203 4539 roboris
3245 4478 3510 4536 indicium
3574 4473 3807 4544 intelligi

2212 4564 2413 4659 potest.
2450 4567 2717 4638 Existimo
2735 4587 2918 4634 autem
2950 4589 3050 4630 nos
3081 4571 3147 4626 ad
3197 4583 3361 4626 omne
3410 4578 3549 4637 opus
3603 4564 3805 4618 bonum

2214 4667 2457 4733 valentes
2488 4683 2653 4741 atque
2676 4670 2967 4725 animosos
3007 4665 3137 4721 illud
3192 4663 3471 4732 sapienter
3537 4653 3809 4712 modulari

2213 4773 2415 4828 debere
2441 4768 2585 4838 quod
2621 4762 2833 4819 Psaltes
2862 4762 2977 4832 lyra
2996 4774 3094 4814 sua
3142 4755 3383 4811 cantavit
3422 4767 3439 4806 :
3482 4768 3501 4804 ι
3545 4748 3806 4812 Benedic,

2219 4863 2401 4918 anima
2440 4876 2582 4923 mea,
2641 4856 2952 4918 Dominum,
3009 4862 3065 4908 et
3119 4849 3305 4905 omnia
3357 4860 3478 4916 quae
3530 4844 3673 4898 intra
3728 4853 3816 4896 me

2217 4964 2366 5021 suun,
2399 4953 2608 5009 nomini
2648 4959 2840 5006 sancto
2883 4947 3003 5016 ejus
3048 4946 3116 5000 '°.
3150 4963 3168 4997 ο
3204 4943 3284 4999 Ac
3310 4937 3673 4997 deintcstinis
3692 4934 3814 5004 qui.

2218 5052 2339 5106 dem
2371 5042 2438 5103 et'
2469 5043 2758 5102 sacriﬁciis
2811 5038 3113 5096 secundum
3166 5037 3342 5108 legem
3372 5030 3590 5103 peragi
3629 5026 3808 5083 solitis

2212 5141 2496 5199 enucleate
2521 5137 2678 5193 nobis
2711 5137 2769 5190 in
2799 5135 2923 5190 aliis
2955 5126 3114 5188 libris
3135 5131 3473 5200 diSputatum
3504 5130 3607 5179 est.
3635 5122 3816 5189 Quare

2212 5236 2282 5293 de
2327 5235 2412 5291 bis
2462 5233 2618 5303 plura
2661 5232 2843 5286 dicere
2890 5225 3311 5298 supersedentes
3382 5220 3435 5274 in
3496 5213 3811 5287 praesentia,

2213 5328 2622 5401 propositorum
2657 5323 2950 5379 verborum
3006 5314 3446 5388 explanationem
3487 5322 3811 5378 percurrere

2218 5400 2317 5492 pro
2347 5418 2607 5475 facultate
2652 5416 2948 5473 enitamur.
3002 5411 3136 5466 Cum
3174 5404 3522 5477 praecepisset
3560 5416 3691 5470 ergo
3726 5400 3814 5453 lex

2222 5513 2569 5568 victimarum
2619 5510 2772 5565 labes
2822 5503 3154 5578 perspicere,
3192 5507 3247 5554 et
3281 5495 3681 5565 inexplorata-ui
3736 5492 3817 5544 \‘i—

2223 5607 2443 5663 ctimam
2475 5604 2542 5658 ad
2576 5602 2751 5656 altare
2791 5597 2938 5655 haud
2962 5593 3183 5660 oﬁ‘erre,
3215 5598 3269 5647 et
3294 5588 3568 5646 sacriﬁcio
3625 5600 3817 5655 perpe-

2226 5695 2420 5753 trando
2450 5691 2761 5750 constitutis
2799 5688 3148 5745 victimarum
3206 5692 3394 5754 partes
3423 5692 3706 5751 separare,
3741 5672 3818 5728 illi

1836 5885 1880 5916 3°
1911 5882 1933 5938 l
1964 5882 2088 5942 Crr.
2115 5898 2170 5947 κ,
2210 5879 2297 5935 18.
2374 5878 2418 5910 ⁸⁸
2450 5874 2595 5932 Psal.
2641 5887 2738 5938 cu,
2774 5870 2822 5924 l.
