4098 6476
321 414 427 479 ενι

1316 418 1374 475 S.
1415 414 1703 475 CYllILLI'
1730 418 2198 476 ALEXANDRINI
2238 419 2558 479 AllCHlEP.

3466 423 3568 480 3(‘8

321 533 604 603 explorare
629 532 758 586 vitia
781 548 886 587 non
906 532 1190 595 curabant,
1212 541 1263 586 et
1290 535 1604 588 mandatum
1634 534 1697 587 de
1717 535 1879 603 aphae

2001 534 2148 603 θυμα
2186 535 2259 605 μὴ
2292 534 2757 607 προσκομίζεσθαι
2796 534 2872 606 τῷ
2902 534 3292 606 θυσιαστηρίῳ,
3329 531 3425 588 καὶ
3456 538 3569 599 τοῖς

320 626 541 678 rematis
567 639 684 691 qua:
717 634 978 677 vocantur
1001 625 1214 679 irritum
1254 624 1547 688 faciebant,
1577 635 1629 678 et
1659 641 1761 677 non
1781 626 1889 692 jam

316 717 460 783 quod
487 717 615 784 Deo,
647 718 739 771 sed
772 718 914 786 quod
958 717 1236 785 cupiditati
1284 733 1395 772 sua:
1441 719 1708 771 arrideret
1751 733 1891 786 pra:-

318 819 544 875 stantes,
584 808 916 863 stabilientes
947 816 1001 863 et
1021 819 1334 864 constanter
1358 809 1635 864 observari
1664 812 1891 863 studen-

272 948 275 949 ν
319 910 419 962 tes,
470 913 607 966 quas
656 898 757 952 sibi
804 899 1198 952 commodiores
1266 898 1531 968 putabant
1592 899 1889 951 hostiarum

270 966 277 979 ’
316 1003 510 1041 carnes
547 988 837 1057 eligebant.
868 988 1011 1042 Istud
1051 989 1102 1042 in
1142 990 1616 1057 reprehensionem
1647 989 1888 1051 adducit,

315 1089 369 1132 et
394 1081 507 1134 ait:
550 1098 570 1131 ι
600 1081 735 1134 Ecce
764 1095 862 1149 ego
888 1095 1082 1149 separo
1108 1082 1258 1135 vobis
1283 1081 1588 1134 humerum.
1630 1098 1646 1131 ι
1689 1081 1889 1146 Separo

318 1173 513 1237 posuit,
544 1187 663 1241 pro,
698 1174 957 1237 separavi,
991 1182 1045 1225 et
1070 1173 1246 1226 denuo
1280 1171 1401 1224 volo
1428 1171 1633 1225 servari
1660 1184 1887 1224 consue-

319 1263 576 1318 tudinem.
616 1258 983 1334 Superadjeci
1010 1265 1188 1333 quasi,
1243 1265 1357 1317 sive
1399 1265 1597 1332 adjicio
1631 1280 1650 1314 ‹
1683 1263 1887 1314 ventri-

314 1351 494 1405 culum
521 1366 737 1421 quoque
768 1352 820 1405 in
846 1351 1013 1408 facies
1041 1362 1271 1408 vestras.
1295 1371 1312 1405 ι
1333 1355 1597 1418 Quoniam
1618 1353 1759 1406 enim
1788 1352 1886 1420 ipsi

315 1445 641 1500 dedecorant
661 1444 848 1509 altare,
871 1444 990 1498 ideo
1015 1443 1157 1499 Dens
1177 1445 1328 1509 dicit,
1358 1444 1749 1511 «dispergam,»
1778 1442 1888 1494 vel-

316 1542 373 1587 ut
422 1547 519 1600 par
557 1536 672 1602 pari
736 1533 1000 1589 referens.
1052 1553 1072 1586 ι
1109 1534 1211 1601 Qui
1261 1535 1404 1589 enim
1455 1549 1542 1587 me
1590 1533 1890 1587 contemnit

314 1636 693 1679 contemnetur
719 1625 790 1678 ".
846 1643 865 1679 ι
886 1642 997 1677 -ι
1035 1625 1338 1695 Suscipiam
1372 1627 1553 1694 itaque
1584 1640 1678 1678 vos
1707 1625 1760 1677 in
1803 1624 1887 1677 id-

314 1715 491 1783 ipsum
518 1733 534 1770 :
569 1734 588 1766 ›
618 1716 721 1771 hoc
747 1725 849 1782 est,
875 1716 930 1770 in
971 1717 1072 1770 hoc
1093 1717 1211 1784 ipso
1243 1717 1491 1786 superior
1525 1716 1675 1779 tiam,
1708 1725 1762 1770 et
1786 1715 1887 1767 im-

315 1808 434 1870 pios
470 1808 813 1875 redarguam.
844 1806 983 1873 Quia
1016 1807 1162 1861 enim
1188 1806 1360 1875 legem
1393 1808 1460 1861 de
1497 1806 1794 1875 seligendis
1820 1803 1885 1859 ad

1992 628 2347 694 τεταγμένοις
2384 630 2463 689 εἰς
2499 626 2807 698 ἱερουργίαν
2837 628 2906 679 τὰ
2933 626 3041 678 τῶν
3086 625 3341 695 θυμάτων
3370 626 3569 695 ἀφορίο

1992 714 2176 778 ζεσθαι
2211 717 2373 787 μέρη,
2397 732 2532 787 κατη
2544 717 2782 786 μέλησαν
2810 718 2911 787 μὲν
2938 716 3029 771 τοῦ
3052 717 3250 788 χρῆναι
3282 732 3570 785 μωμοσκο⁴

1991 807 2133 869 πεῖν,
2187 805 2487 876 ἠσεϐήκασι
2544 807 2599 859 δὲ
2651 806 2749 877 τὴν
2783 807 3002 875 ἐντολὴν
3058 806 3167 859 τῶν
3216 804 3570 874 καλουμένων

1991 894 2406 964 ἀφαιρεμάτων,
2456 896 2517 947 οὐ
2576 895 2669 947 τοῦ
2721 894 2857 949 Θεοῦ
2896 895 3094 966 μᾶλλον
3143 894 3239 965 ἡδὺ
3274 894 3382 946 τῶν
3424 893 3570 946 ἰδίων

1991 982 2320 1051 πράττοντες
2345 983 2469 1053 θελη
2481 983 2684 1052 μάτων,
2717 983 3070 1054 κρατύνοντές
3100 1000 3157 1035 τε
3179 983 3273 1037 λαὶ
3302 980 3568 1049 ἐμπεδοῦν

1992 1072 2401 1137 σπουδάζοντες,
2436 1075 2579 1144 ἅπερ
2605 1076 2801 1139 αὐτοὺς
2825 1075 3053 1143 ὠφελεῖν
3072 1075 3247 1127 ἐδόκει
3273 1073 3342 1126 τά
3371 1075 3434 1125 ἐκ
3457 1073 3566 1125 τῶν

1990 1164 2246 1234 θυμάτων
2276 1166 2684 1235 συναγείραντες
2732 1166 2886 1237 κρέα.
2913 1165 3084 1217 Τοῦτο
3135 1165 3371 1232 παράγει
3430 1162 3564 1232 πρὸς

1989 1256 2230 1325 ἔλεγχον,
2260 1257 2353 1309 καί
2382 1272 2566 1326 φησιν’
2634 1275 2653 1308 ι
2703 1257 2831 1309 Ἰδοὺ
2866 1255 2976 1324 ἐγὼ
3019 1256 3263 1324 ἀφορίζω
3318 1255 3445 1323 ὑμῖν
3476 1254 3567 1306 τὸν

1988 1342 2157 1417 ὦμον.
2192 1366 2210 1397 ι
2264 1348 2338 1398 Τὸ
2382 1347 2459 1410 δὲ,
2491 1346 2766 1414 ἀφορίζω,
2826 1347 2920 1399 νῦν
2972 1347 3220 1399 τέθεικεν
3278 1345 3397 1397 ἀντὶ
3445 1344 3562 1409 τοῦ,

2001 1438 2280 1506 Ἀφώρισά
2300 1455 2360 1492 τε
2388 1439 2509 1509 ἤδη,
2545 1440 2639 1492 καὶ
2676 1441 2753 1500 εἱς
2781 1438 2941 1508 δεῦρο
2993 1438 3253 1507 βούλομαι
3279 1435 3566 1506 τηρεῖσθαι

1987 1526 2048 1579 τὸ
2085 1526 2225 1588 ἔθος.
2261 1528 2610 1598 Προσέρριψα
2649 1527 2705 1580 δὲ
2738 1526 2949 1596 ὥσπερ,
2977 1526 3098 1597 ἦτοι
3122 1527 3445 1596 προσρίπτω
3471 1529 3568 1580 καὶ

1988 1613 2048 1666 τὸ
2094 1632 2111 1663 ι
2149 1614 2405 1684 ἐνυστρον
2432 1616 2511 1677 εἱς
2531 1613 2600 1667 τὰ
2630 1613 2899 1683 πρόσωπα
2930 1613 3102 1683 ὑ¹μῶν.
3144 1632 3161 1664 ι
3214 1614 3434 1683 Ἐπειδὴ
3455 1614 3566 1683 γάρ

1988 1707 2314 1775 ἀτιμάζουσι
2351 1707 2503 1760 αὐτοὶ
2530 1708 2592 1761 τὸ
2627 1706 3030 1777 θυσιαστήριον,
3054 1706 3226 1778 ταύτῃ
3258 1724 3340 1759 τοι
3373 1708 3567 1777 «Exop-

1989 1798 2161 1861 πιῶ,·ι
2217 1798 2370 1868 φησὶ,
2403 1793 2514 1849 οἷον
2538 1797 2898 1869 ἀνθυὸρὶζων.
2942 1817 2959 1849 ι
3015 1800 3073 1852 'O
3122 1798 3231 1867 γὰρ
3274 1798 3565 1861 ὲξουδενῶν

316 1913 468 1950 usum
497 1907 735 1952 vestrum
775 1898 1129 1964 ohservastis,
1179 1905 1500 1968 partemque
1549 1898 1701 1952 vobis
1750 1912 1879 1951 con-

1990 1905 2077 1959 με,
2102 1891 2258 1958 φησι,
2277 1888 2784 1960 ἐξουδενωθήσεται.
2801 1889 3189 1959 ι--ιΛήψομαι
3211 1890 3274 1959 δὴ
3307 1886 3400 1941 οὖν
3422 1890 3567 1959 ὑμᾶς

312 1998 521 2039 cessata
555 1988 866 2055 neutiquam
901 1988 1206 2057 relinquere
1232 1988 1586 2053 sustinniSIis,
1601 1995 1655 2042 et
1689 2003 1882 2056 super-

309 2086 609 2129 vacaneum
638 2078 787 2132 vobis
821 2078 1036 2132 videtur
1068 2077 1198 2131 vitia
1241 2078 1511 2147 inspicere
1531 2117 1547 2144 ,
1586 2087 1883 2147 propterea

309 2165 649 2233 cognoscetis
685 2166 869 2221 clausa
906 2181 1029 2220 esse
1070 2181 1235 2235 super
1262 2182 1359 2221 vos
1400 2168 1579 2221 ostia:
1629 2169 1731 2221 hoc
1777 2178 1881 2231 est,

310 2254 619 2308 sacerdOtio
670 2269 767 2309 vos
805 2255 1055 2310 exclusos
1107 2264 1161 2309 et
1202 2254 1406 2324 eiectos
1442 2271 1584 2309 esse.
1616 2254 1882 2321 Quoniam

308 2359 407 2412 ego
430 2344 548 2398 dedi
588 2345 901 2399 mandatum
952 2346 1074 2411 hoc,
1132 2348 1247 2401 sive
1293 2355 1694 2412 testamentum,
1744 2350 1887 2415 quod

309 2437 549 2505 disposui
578 2437 645 2490 ad
703 2436 938 2493 Levitas.
985 2438 1123 2505 Quid
1178 2441 1344 2508 igitur
1395 2439 1561 2493 inde?
1594 2438 1884 2492 Sciendqu

308 2536 390 2577 est
414 2527 780 2581 divininorum
806 2527 1055 2581 altarium
1100 2529 1365 2583 ministris
1404 2527 1709 2582 faciendum
1743 2527 1886 2596 quod

308 2616 422 2668 vult
463 2614 624 2680 Deus,
665 2618 832 2690 836
886 2628 941 2673 et
988 2621 1258 2674 mandatis
1308 2621 1593 2674 dominicis
1660 2619 1883 2689 postha-

306 2708 540 2761 hendum
576 2720 741 2777 atque
791 2710 1247 2765 contemnendum
1295 2726 1405 2779 pra:
1449 2710 1558 2764 illis
1621 2708 1878 2778 quidquid

305 2798 505 2866 alioqui
560 2799 688 2867 ipsis
717 2802 1059 2855 commodum
1093 2802 1328 2856 videtur.
1384 2802 1475 2855 Sic
1513 2803 1656 2857 enim
1704 2801 1877 2854 sancti

303 2900 463 2941 erunt
495 2904 775 2945 sacrorum
827 2894 1085 2958 ministri,
1131 2909 1230 2948 nec
1294 2894 1575 2963 pereuntia
1630 2893 1874 2961 diligent,

302 2991 403 3031 nec
423 2992 451 3031 θ
482 2981 621 3049 turpi
658 2994 868 3053 qua-stu
895 2987 1244 3040 transversim
1269 2997 1518 3054 agentur.

1987 1982 2067 2044 είς
2099 1981 2154 2033 τὸ
2179 1982 2329 2046 αὐτὸ,
2395 2001 2413 2032 ι
2467 1981 2736 2045 τουτέστι,
2784 1980 3013 2050 ὲναὺτῴ
3069 1981 3133 2049 δὴ
3181 1982 3357 2050 τούτῳ
3407 1997 3564 2050 περι-

1988 2072 2205 2142 έσομαι,
2239 2073 2332 2125 καὶ
2363 2072 2691 2135 ἀσεϐοῦντας
2737 2071 2960 2139 ἐλέγξω.
3014 2073 3154 2124 Ἀνθ“
3186 2074 3308 2137 ἦτον
3363 2073 3470 2143 γάρ
3501 2071 3565 2140 δὴ

1985 2162 2080 2215 τὸν
2116 2162 2213 2231 μὲν
2241 2161 2333 2214 ἐπὶ
2365 2165 2477 2224 τοὶς
2509 2161 2848 2232 άφαιρέμασι
2901 2165 3014 2224 τοῖς
3038 2161 3193 2231 ὑμῶν
3224 2164 3563 2233 τετηρήκατε

1986 2254 2289 2322 νόμον,κα“ι
2326 2254 2426 2322 τῆς
2458 2253 2703 2322 δοθείσης
2760 2255 2887 2323 ὑμῖν
2936 2254 3152 2324 μερίδος
3202 2255 3321 2307 κατ’
3378 2253 3565 2305 οὐδένα

1985 2342 2183 2413 τρόπον
2239 2341 2497 2411 ἀνέχεσθε
2545 2343 3033 2413 καταρῤᾳθυμεῖν,
3082 2345 3286 2395 είκαίον
3335 2343 3391 2396 δὲ
3435 2345 3564 2412 ὑμῖν

1984 2435 2131 2488 δοκεῖ
2192 2436 2252 2488 τὸ
2302 2436 2500 2505 χρῆναι
2553 2439 2978 2505 μωμοσκοπεῖν,
3031 2436 3304 2503 γνώσεσθε
3354 2436 3417 2505 δὴ
3472 2431 3566 2489 οὖν

1986 2525 2383 2593 κεκλεισμένων
2432 2526 2518 2592 ἐφ’
2567 2527 2694 2594 ὑμῖν
2751 2525 2860 2579 τῶν
2914 2525 3114 2595 θυρῶν,
3176 2527 3441 2585 τουτέστι.
3475 2527 3568 2578 ὲκ-

1983 2620 2289 2688 κ).ειὸμενοί
2320 2638 2377 2671 τε
2415 2621 2508 2673 καὶ
2537 2621 2945 2689 ἐκπεμπόμενοι
2981 2624 3080 2689 τῆς
3115 2620 3422 2690 ἱερουργίας
3464 2618 3561 2688 (1).

1988 2711 2109 2763 Ὅτι
2134 2710 2244 2777 ἐγὼ
2277 2710 2486 2763 δέδωκα
2509 2713 2607 2780 τὴν
2636 2712 2855 2781 ἐντολὴν
2894 2712 3120 2781 ταύτην,
3143 2713 3261 2782 ἦτοι
3294 2711 3395 2780 τὴν
3445 2710 3563 2763 διάο

1986 2801 2156 2865 θεσιν,
2187 2802 2253 2871 ἦν
2285 2801 2540 2871 διεθέμην
2577 2802 2712 2871 πρὸς
2777 2804 2902 2865 τοὺς
2947 2803 3200 2866 Λευίτας.
3250 2802 3315 2854 Τί
3359 2796 3451 2855 οὖν
3502 2799 3565 2852 τὸ

1982 2890 2264 2955 ὲντεῦθενς
2296 2891 2505 2943 Εξδέναι
2536 2893 2803 2960 προσήκει
2829 2894 2953 2954 τοὺς
2986 2897 3095 2955 τοῖς
3129 2892 3293 2955 θείοις
3320 2892 3562 2959 λειτουρ-

1985 2980 2215 3049 γοῦντας
2235 2980 2659 3050 θυσιαστηρίοις,
2693 2982 2721 3034 ὃ
2741 3000 2792 3035 τι
2822 2982 2881 3033 τὸ
2903 2983 3019 3053 Θεῷ
3073 2982 3263 3036 δοκοῦν
3318 2983 3563 3051 ἐκπράτ-

299 3066 489 3120 essent
534 3068 676 3139 χρὴ,
730 3071 826 3123 καὶ
878 3070 988 3124 τῶν
1037 3073 1386 3126 Δεσποτικῶν
1473 3069 1912 3144 προσταγμάτων
1973 3069 2282 3141 ῥιπτεῖσθαι
2352 3072 2583 3123 κατόπιν
2646 3072 2791 3132 πᾶν,
2849 3073 2985 3143 ὅπερ
3046 3074 3242 3136 αὐτοὺς
3314 3072 3546 3142 ὠφελεῖν

301 3159 505 3231 ἑτέρως
546 3160 714 3215 δοκεῖ.
782 3162 942 3234 Ἰεροὶ
1013 3164 1124 3237 γὰρ
1171 3165 1345 3229 οὕτως
1371 3165 1585 3221 ἔσονται
1615 3160 1941 3233 λειτουργοὶ,
1988 3163 2082 3216 καὶ
2116 3164 2236 3233 οὐχὶ
2263 3162 2370 3215 τῶν
2417 3164 2768 3235 προσκαίρων
2819 3165 3067 3233 ἐρασταὶ,
3115 3167 3207 3220 καὶ
3257 3165 3563 3237 λημμάτων

298 3256 542 3326 αἰσχρῶν
571 3258 892 3330 ἡττώμενοι.

374 3369 536 3428 Vens.
574 3372 629 3430 5.
666 3372 1053 3430 Testamentum
1083 3392 1255 3431 meum
1297 3376 1399 3446 fuit
1434 3392 1551 3430 cum
1577 3392 1637 3430 eo
1670 3376 1784 3429 vita:
1822 3385 1867 3428 et
1897 3363 1939 3421 C

298 3464 468 3529 pacis.

374 3573 561 3633 XVIII.
603 3575 869 3649 Loquitur
903 3581 970 3637 de
1016 3581 1082 3637 iis
1116 3583 1208 3651 qui
1242 3592 1427 3637 sancte
1462 3593 1514 3638 et
1547 3598 1670 3639 cum
1722 3582 1879 3637 laude

301 3671 661 3726 Sacerdotium
714 3683 896 3740 erunt,
932 3676 1174 3744 illudque
1214 3691 1326 3730 rem
1384 3692 1502 3732 esse
1538 3692 1666 3730 vere
1707 3679 1878 3730 admi-

300 3764 523 3817 rabilem
551 3766 805 3831 ostendit,
839 3767 980 3836 quod
1023 3767 1238 3835 quidem
1269 3768 1338 3822 ad
1368 3768 1566 3839 legem,
1604 3779 1657 3823 et
1695 3771 1760 3823 ad
1795 3770 1877 3823 di-

296 3854 546 3908 vinarum
582 3856 984 3924 Scripturarum
1026 3856 1257 3911 fructum
1301 3860 1876 3925 conﬁrmationemque

299 3946 552 4011 pertinet.
580 3946 739 4014 Nam,
760 3951 1095 4017 utsapientet‘
1110 3950 1299 4006 scribit
1318 3952 1513 4007 Paulus
1541 3973 1553 4008 :
1580 3971 1598 4005 ι
1621 3953 1729 4007 Lex
1748 3971 1874 4008 san-

295 4046 404 4103 cta,
432 4047 485 4091 et
505 4042 811 4094 mandatum
836 4051 1083 4097 sanctum
1106 4081 1120 4105 ,
1142 4053 1195 4095 et
1217 4042 1444 4112 justum,
1467 4056 1520 4098 et
1543 4048 1742 4099 bonum
1761 4048 1828 4096 θ’.
1851 4066 1867 4097 ι

296 4129 522 4195 Quando
543 4131 708 4201 igitur
737 4133 908 4185 visum
930 4134 1094 4188 estde
1113 4133 1239 4188 Levi
1258 4140 1421 4191 verba
1458 4137 1661 4203 facere,
1680 4153 1874 4194 sensus

294 4226 696 4288 pPl‘t‘OtIIlthtlc,
731 4224 888 4294 plane
919 4242 1022 4282 non
1056 4230 1121 4282 ad
1154 4229 1302 4283 illmn
1335 4230 1424 4300 qui
1459 4229 1710 4284 exJat-ob
1743 4244 1873 4297 pro-

294 4316 532 4381 genitus,
569 4325 622 4371 et
654 4318 795 4371 inter
826 4320 1107 4376 duodecim
1147 4322 1286 4375 ﬁlios
1311 4322 1429 4389 ejus
1454 4322 1870 4384 numerabatur,

292 4408 609 4462 referendus
653 4411 887 4481 est,jam
923 4413 1066 4466 enim
1100 4416 1188 4481 qui
1221 4414 1528 4467 sacerdotio
1580 4413 1873 4482 fungantur

291 4502 357 4553 de
387 4499 590 4556 fatnilia
628 4500 752 4556 Levi
796 4504 926 4558 nulli
965 4515 1092 4559 sunt
1137 4507 1400 4570 omnino;
1464 4504 1868 4575 intelligendum

291 4601 471 4645 autem
517 4594 903 4658 sacerdotium,
939 4608 993 4650 et
1054 4596 1154 4658 hoc
1201 4596 1375 4663 ipsum
1423 4598 1562 4665 quod
1597 4608 1681 4652 est
1715 4613 1867 4651 sacra

2056 3369 2124 3423 Ἡ
2151 3367 2406 3435 διαθήκη
2456 3385 2575 3436 μου
2623 3364 2701 3438 ἦν
2724 3372 2850 3437 μετ’
2895 3370 3079 3424 αὐτοῦ
3116 3370 3226 3438 τῆς
3278 3371 3426 3441 ζωῆς
3460 3374 3558 3428 και

1979 3460 2091 3531 τῆς
2118 3461 2384 3529 ειριίνης-

2052 3574 2160 3627 IH'.
2211 3566 2557 3642 ’Δνακομίζει
2590 3573 2684 3625 τὸν
2706 3573 2863 3641 λόγον
2889 3575 2980 3627 ἐπὶ
3005 3576 3128 3638 τοὺς
3164 3577 3351 3644 ἁγίους
3372 3595 3429 3630 τε
3458 3579 3554 3653 καὶ

1978 3666 2281 3736 εὖδοκίμως
2348 3665 2785 3735 ίερατεύσαντας,
2822 3667 2915 3718 καὶ
2971 3665 3299 3733 άξιάγαστον
3342 3667 3558 3737 ἀληθῶς

1977 3755 2268 3825 ἀποφαίνει
2293 3755 2480 3825 χρῆμα
2524 3755 2623 3824 τὴν
2670 3756 3001 3825 ἱερουργίαν,
3064 3757 3122 3808 τό
3173 3774 3235 3824 γε
3288 3750 3421 3828 ἦκον
3475 3761 3557 3823 εἱς

1977 3847 2140 3916 νόμον
2164 3848 2257 3899 καὶ
2285 3847 2384 3916 τὴν
2416 3849 2479 3899 ἐκ
2505 3846 2613 3900 τῶν
2644 3845 2801 3899 θείων
2831 3848 3325 3917 χρησμῳδημάτων
3364 3850 3554 3920 ὄνησιν

1976 3940 2072 3990 καὶ
2104 3937 2423 4005 ἀσφάλειαν.
2484 3939 2575 4001 Ὢς
2600 3939 2710 4009 γὰρ
2738 3940 2765 3991 ὁ
2816 3939 3125 4007 σοφώτατος
3166 3940 3365 4010 γράφει
3404 3941 3555 3994 Παῦ-

1975 4028 2084 4092 λος·
2118 4047 2136 4079 ι
2186 4029 2243 4081 ’0
2271 4030 2434 4098 νόμος
2483 4029 2656 4098 ἅγιος,
2716 4032 2809 4083 καὶ
2842 4032 2875 4101 ἡ
2906 4030 3099 4101 ἐντολὴ
3148 4032 3300 4099 ἁγία,
3331 4033 3424 4085 καὶ
3474 4032 3554 4085 δι-

1975 4119 2122 4186 καία,
2160 4121 2253 4173 καὶ
2311 4121 2512 4192 ἀγαθή.
2569 4140 2588 4172 ι
2640 4123 2808 4175 ’Ὅταν
2861 4121 3039 4175 τοίνυν
3100 4122 3245 4176 δοκεῖ
3301 4123 3553 4192 περὶτοῦ

1972 4212 2103 4265 Λευὶ
2131 4212 2397 4265 ποιεῖσθαι
2426 4214 2553 4277 τοὺς
2590 4213 2803 4282 λόγους,
2853 4213 3137 4267 ἀναθετέον
3182 4210 3241 4269 εὖ
3270 4216 3411 4284 μάλα
3443 4216 3553 4269 τῶν

1973 4303 2259 4374 νοημάτων
2319 4305 2419 4375 τὴν
2468 4306 2730 4375 δύναμιν,
2764 4306 2909 4377 ,οὐχὶ
2958 4307 3020 4377 δή
3062 4324 3163 4361 που
3219 4308 3435 4369 πάντως
3466 4311 3555 4361 ἐπ’

1974 4398 2178 4448 ἐκεῖνον
2207 4395 2264 4458 ὃς
2298 4397 2465 4464 ἀνέφυ
2497 4397 2594 4466 μὲν
2626 4397 2684 4461 ἐξ
2729 4398 2941 4463 Ἰακὼϐ,
2978 4400 3288 4470 ἐναρίθμιος
3335 4402 3389 4454 δὲ
3439 4406 3553 4465 τοῖς

1971 4485 2289 4539 δυοκαίδεκα
2312 4481 2531 4554 γέγονεν
2564 4489 2720 4549 υἱοῖς·
2753 4490 2811 4541 οὐ
2860 4491 2967 4560 γὰρ
3002 4492 3368 4560 ἱερατεύουσιν
3393 4495 3548 4558 ὅλως·

1974 4579 2276 4648 συνήσομεν
2304 4578 2360 4631 δὲ
2382 4580 2481 4648 τῆς
2503 4578 2801 4649 ἱερωσύνης
2827 4581 2886 4632 τὸ
2908 4582 3113 4651 χρῆμα,
3134 4585 3226 4636 καὶ
3249 4585 3378 4638 αὐτὸ
3393 4586 3551 4638 τοῦτο

291 4684 470 4739 facere
526 4686 578 4738 in
635 4701 863 4755 persona
925 4686 1050 4741 Levi
1103 4688 1502 4757 quodammodo
1553 4690 1862 4760 ﬁguratum.

1981 4670 2106 4740 imp
2128 4670 2271 4722 ἐστὶν
2298 4669 2579 4741 ἱερουργία
2615 4674 2891 4742 μονονουχὶ
2940 4674 3035 4726 καὶ
3083 4673 3550 4745 διαμορφουμενον

293 4794 312 4823 ι
350 4774 471 4829 Fuit
500 4777 682 4846 igitur,
713 4778 911 4847 inquit,
942 4779 1007 4832 ad
1043 4779 1235 4847 ipsum
1257 4789 1634 4836 testamentum
1686 4799 1862 4837 meum

293 4869 412 4921 sine
463 4878 517 4921 et
553 4870 720 4937 pacis.
769 4888 787 4920 ι
828 4867 1113 4938 Proposita
1170 4882 1252 4926 est
1300 4874 1442 4927 enim
1492 4876 1670 4930 verbis
1730 4876 1860 4932 Mosi

288 4961 631 5015 sanctissimo
660 4959 743 5014 lex
767 4962 970 5029 scripta
1009 4963 1255 5018 ordinata
1286 4981 1381 5035 per
1423 4969 1642 5037 angelos
1666 4969 1733 5033 ⁸³,
1770 4984 1864 5037 per

285 5047 469 5104 Mosen
509 5062 690 5104 autem
718 5053 889 5119 posita
930 5052 1206 5121 Israelitis,
1254 5059 1440 5123 vitam,
1479 5072 1533 5112 et
1572 5077 1759 5130 pacem
1799 5062 1865 5115 iis

285 5142 378 5209 qui
413 5143 730 5197 innocenter
761 5145 944 5200 viVere
973 5156 1027 5200 et
1055 5147 1379 5217 legislatoris
1411 5150 1746 5207 voluntatem
1767 5167 1864 5221 pro

288 5233 470 5300 regula
503 5234 604 5290 sibi
631 5251 931 5306 proponere
961 5238 1179 5306 vellent,
1219 5244 1569 5298 annuntians.

412 5570 447 5593 "‘
480 5570 492 5617 t
526 5566 653 5634 livg.
686 5581 744 5630 ιι,
777 5566 867 5625 ⁸50.
974 5567 1020 5601 ⁹¹
1056 5567 1212 5623 Rom.
1235 5583 1329 5635 vn,
1368 5569 1451 5623 l2.

357 5749 430 5819 ιι)
457 5751 606 5805 liunc
638 5752 810 5807 Int‘tttlt
836 5754 1070 5808 fortasse
1104 5752 1172 5805 ita
1197 5755 1393 5808 rectius
1423 5754 1565 5818 lngus
1590 5773 1600 5807 :
1628 5756 1847 5809 Κεκλει·

285 5822 485 5887 σμέίιις
530 5824 613 5892 ἐφ’
640 5824 775 5893 ὑμῖν
809 5824 904 5884 τὰς
933 5822 1123 5890 θύρας,
1156 5823 1298 5891 ὑμᾶς
1340 5825 1393 5876 δὲ
1429 5826 1843 5896 ἐκκλεοο;,ι.²νους

1972 4762 2047 4825 ὠς
2079 4765 2135 4816 ὲν
2167 4763 2441 4833 προσώπῳ
2470 4764 2622 4817 Λευί.
2664 4783 2681 4814 ι
2709 4761 2814 4818 Ἦν
2851 4766 3045 4831 τοίνυν,
3103 4770 3254 4837 φησὶ,
3290 4770 3422 4839 πρὶς
3455 4771 3551 4822 αὐ-

1971 4854 2063 4906 τὸν
2091 4855 2123 4923 ή
2149 4852 2386 4915 διάθεσίς
2423 4872 2523 4925 μου
2555 4854 2654 4925 τῆς
2684 4855 2828 4926 ζωῆς
2849 4858 2941 4911 καὶ
2966 4858 3065 4929 τῆς
3095 4861 3334 4930 εἱρήνης.
3376 4879 3394 4911 ι
3446 4862 3548 4914 Λε-

1971 4944 2199 5013 λά).ηται
2236 4946 2334 5015 μὲν
2362 4947 2469 5017 γὰρ
2495 4947 2569 5011 ὡς
2599 4948 2731 5019 πρὸς
2766 4950 2966 5003 Μωσέα
3001 4951 3091 5002 τὸν
3124 4951 3410 5021 ἱερώτατον
3444 4955 3548 5006 ὁὲν
3628 4964 3639 4969 ‘

1969 5034 2257 5103 γράμμασι
2290 5035 2470 5106 νόμος,
2506 5036 2842 5107 διακονηθεὶς
2898 5038 2963 5092 δι’
2997 5040 3259 5107 ἀγγέλων,
3314 5041 3546 5096 τέθειται

1969 5122 2024 5174 δὲ
2058 5124 2146 5176 διὰ
2173 5125 2397 5197 μεσίτην
2427 5128 2629 5181 Μωσέα
2661 5131 2771 5193 τοῖς
2813 5129 2870 5194 ἐξ
2895 5130 3123 5199 αἵματος
3163 5133 3397 5202 Ἰσραὴλ,
3441 5152 3545 5188 πα-

1974 5214 2265 5283 ραγγελίαν
2326 5215 2463 5285 ἔχων
2519 5217 2665 5289 ζωῆς
2716 5220 2809 5273 καὶ
2865 5221 3088 5293 εἰρήνης
3141 5225 3254 5286 τοῖς
3302 5223 3544 5278 ἐθέλουσι

1969 5306 2118 5377 βιοῦν
2151 5305 2323 5378 ὀρθῶς
2358 5310 2448 5362 καὶ
2476 5312 2672 5365 κανόνα
2716 5314 2983 5368 ποιεῖσθαι
3033 5317 3132 5385 τῆς
3169 5313 3374 5369 ἑαυτῶν
3400 5315 3571 5389 ζωῆς

1964 5397 2025 5451 τὸ
2054 5398 2130 5469 τῷ
2159 5400 2422 5474 νομοθέτῃ
2447 5403 2655 5459 δοκοῦν.

1529 5569 1575 5601 ⁸³
1599 5569 1772 5625 Galat.
1804 5586 1884 5638 ιιι,
1917 5573 1997 5628 I9.

1956 5759 2135 5882 ῖεάκαὶ
2157 5760 2612 5831 ὲκπεμιτοιιένους
2638 5762 2736 5833 τῆς
2765 5766 3094 5839 ἱερουργίας
3121 5779 3172 5823 ct
3194 5771 3260 5824 ita
3292 5786 3389 5827 nos
3420 5772 3535 5828 red-

1956 5846 1971 5882 t
1995 5847 2006 5881 ι
2053 5846 2208 5882 unus.

1956 5846 2208 5886 ιιιιιιιιιιιδ.
