4098 6540
261 343 361 433 sti

1285 361 1345 417 S.
1382 358 1655 417 CYRILLI
1695 354 2168 415 ALEXANDRINI
2208 344 2534 413 ΑΒΟΗῘΕΡ.

3431 345 3540 402 3|!

265 503 347 549 est
375 510 389 546 :
426 509 445 542 ι
473 486 650 544 Nolite
676 491 888 557 putare,
911 481 1112 552 inquit,
1131 480 1257 550 quia
1280 481 1402 535 veni
1431 479 1644 535 solvere
1668 479 1842 550 legem

1949 484 2481 558 κεχρησμῳδημένος
2505 524 2519 546 ,
2551 479 2835 535 ἀναπείσει
2861 477 3039 545 λέγων
3065 476 3095 529 6
3124 472 3351 544 Σωτήρ·
3393 489 3410 522 ι
3442 468 3535 542 Μὴ

265 595 356 638 nul
382 583 669 650 prophetas
700 597 713 631 :
744 590 849 631 non
874 574 992 630 veni
1023 572 1253 637 solvere,
1281 572 1374 627 sed
1407 570 1652 640 implere.
1677 571 1848 628 Amen

264 675 387 727 .lico
410 672 586 737 vobis,
607 670 777 722 donec
800 673 1042 720 transeat
1066 663 1261 717 coelum
1285 672 1340 717 et
1362 672 1529 729 terra,
1551 663 1657 716 iota
1684 677 1848 717 unum

265 772 359 817 aut
390 778 527 816 unus
561 775 694 831 apex
734 773 836 814 non
868 753 1167 826 praeteribit
1204 768 1234 808 a
1273 754 1421 824 lege,
1456 755 1633 810 donec
1665 754 1848 810 omnia

266 854 399 906 tiant
418 851 459 906 '.
495 869 514 903 ι

334 1027 403 1081 1η
455 1042 581 1097 paco
633 1026 866 1093 dirigens
922 1019 1210 1075 ambulavit
1266 1034 1500 1083 mecum,
1549 1029 1598 1073 et
1654 1020 1848 1076 multos

268 1119 446 1173 arertit
481 1118 545 1171 ab
575 1116 868 1179 iniquitate.
1196 1152 1201 1159 .

336 1207 477 1263 XXI.
528 1207 721 1262 Pacem
777 1205 985 1273 agitare
1046 1217 1168 1259 cum
1223 1202 1335 1257 Deo
1385 1202 1646 1269 quidnam
1701 1203 1845 1258 aliud

265 1300 488 1369 intelligi
522 1298 689 1367 possit
719 1313 750 1351 a
782 1297 938 1351 nobis
966 1303 1021 1351 et
1048 1296 1118 1349 ab
1148 1292 1299 1360 aliis,
1326 1294 1371 1346 si
1405 1293 1495 1363 qui
1523 1293 1694 1364 838
1719 1303 1845 1349 sunt

266 1395 565 1450 divinarum
615 1390 1017 1462 Scripturarum
1061 1388 1452 1458 intelligentes,
1492 1402 1657 1457 quam
1706 1386 1841 1441 velle

266 1484 504 1553 rogitare
533 1491 589 1537 et
614 1480 793 1536 facere
816 1495 936 1549 quae
964 1479 1055 1536 ille
1081 1479 1211 1547 vult,
1235 1487 1290 1533 et
1319 1478 1460 1532 nulla
1489 1480 1544 1533 in
1576 1492 1636 1534 re
1665 1479 1842 1548 ipsum

265 1576 539 1632 oil‘endere
564 1592 578 1629 :
610 1572 703 1630 sed
731 1571 1059 1629 contendere
1085 1571 1265 1642 potius
1295 1585 1473 1625 mores
1496 1567 1848 1625 commenda—

266 1672 414 1724 tione
472 1676 529 1723 et
579 1666 753 1736 gloria
809 1666 1000 1736 dignos
1054 1664 1267 1729 colere,
1325 1663 1602 1732 vitamque
1653 1659 1850 1730 degere

266 1761 666 1832 suspiciendam
732 1766 788 1814 et
850 1771 971 1812 cum
1039 1747 1248 1825 legibus
1309 1752 1550 1807 omnium
1615 1750 1849 1805 maxime

1951 578 2211 648 νομίσητε
2235 577 2317 631 ὅτι
2339 573 2504 647 ἦλθον
2531 568 2834 627 καταλῦσαι
2868 570 2959 622 τὸν
2980 567 3145 637 νόμον
3176 565 3211 638 ἢ
3244 564 3373 628 τοὺς
3400 578 3536 632 προ-

1953 669 2156 738 φήτας*
2192 670 2292 722 ούκ
2317 664 2482 740 ἦλθον
2514 662 2836 725 καταλῦσαι,
2867 661 3002 714 ἀλλά
3033 657 3338 728 πληρῶσαι.
3360 653 3536 725 Ἀμὴν

1950 758 2061 831 γὰρ
2088 758 2233 828 λέγω
2261 759 2410 829 ὑμῖν,
2431 757 2536 820 ἕως
2562 755 2629 809 ἂν
2663 753 2910 826 παρέλθῃ
2936 753 2965 805 6
3001 748 3228 821 οὐρανὸς
3258 746 3352 800 καὶ
3376 747 3411 816 ὴ
3435 745 3529 815 γῆ,

1953 851 2087 903 ἰῶτα
2116 849 2175 904 ἓν
2204 850 2237 920 ἢ
2267 850 2363 921 μία
2393 847 2589 920 κεραία
2618 846 2679 899 οὒ
2714 844 2787 916 μὴ
2821 840 3064 914 παρέλθῃ
3089 838 3198 894 ἀπὸ
3219 835 3314 890 τοῦ
3342 835 3529 906 νόμου,

1948 940 2055 1005 ἕως
2092 942 2159 995 ἂν
2198 943 2374 1009 πάντα
2406 940 2655 1011 γένηται.

2033 1033 2131 1085 Ἐν
2173 1031 2382 1101 εἰρήνῃ
2430 1029 2819 1084 κατευθύνων
2855 1024 3149 1093 ἐπορεύθη
3185 1022 3314 1091 μετ’
3363 1014 3531 1084 ἐμοῦ,

1951 1122 2052 1178 καί
2083 1122 2357 1188 πολλοὺς
2390 1118 2777 1188 ἀπέστρεψεν
2810 1115 2931 1172 ἀπὸ
2956 1113 3213 1178 ἀδικίας.

2021 1214 2152 1269 KA'.
2182 1212 2258 1267 Τὸ
2282 1210 2583 1284 εἰρηνεύειν
2613 1211 2753 1280 πρὸς
2776 1208 2909 1262 Θεὸν
2938 1205 2992 1259 τί
3032 1205 3098 1259 ἂν
3129 1205 3321 1274 ἓτερον
3363 1203 3535 1255 νοοίτο

1952 1305 2091 1376 πρός
2120 1320 2178 1357 τε
2217 1302 2374 1374 ἡμῶν
2400 1300 2581 1356 αὐτῶν
2623 1301 2716 1353 καὶ
2753 1298 2978 1369 ἐτέρων,
3016 1296 3172 1367 οἵπερ
3200 1294 3266 1347 ἂν
3291 1288 3400 1346 εἷεν
3424 1291 3534 1344 τῶν

1950 1395 2109 1450 θείων
2135 1393 2345 1461 Λογίων
2372 1393 2756 1462 ἐπιστήμονες,
2792 1388 2826 1461 ἢ
2854 1388 2915 1442 τὸ
2938 1389 3152 1459 φρονεῖν
3184 1385 3400 1439 ἑλέσθαι
3438 1381 3531 1437 καὶ

1949 1487 2081 1558 δρᾷν
2127 1486 2163 1541 ἃ
2214 1484 2483 1556 βούλεται,
2530 1483 2625 1537 καὶ
2675 1482 2817 1536 κατὰ
2868 1479 3077 1552 μηδένα
3122 1478 3321 1548 τρόπον
3364 1489 3531 1545 προσ-

1949 1578 2169 1650 κρούειν
2197 1575 2368 1646 αὐτῷ,
2413 1572 2715 1645 κατορθοῦν
2745 1572 2802 1626 δὲ
2838 1571 3039 1643 μᾶλλον
3086 1566 3402 1637 ἐπείγεσθαι
3432 1564 3531 1635 τὴν

1949 1669 2149 1724 εὐκλεᾶ
2166 1666 2458 1729 πολιτείαν,
2482 1666 2576 1719 καὶ
2592 1663 2923 1733 άξιάγαστόν
2944 1678 3003 1715 τε
3026 1662 3121 1715 καὶ
3148 1659 3530 1730 ὲννομωτάτην

1950 1760 2130 1831 ζωήνζ
2163 1756 2322 1811 Οὕτω
2342 1758 2435 1811 καὶ
2461 1756 2490 1808 6
2518 1755 2660 1819 θεῖος
2681 1756 2813 1825 ἡμῖν
2841 1750 3274 1825 προσπεφώνηκε
3298 1747 3528 1810 Παῦλος⁹

266 1849 726 1907 consentientem?
760 1848 836 1903 ita
867 1860 1085 1918 quoque
1128 1859 1230 1900 nos
1262 1843 1558 1913 alloquitur
1588 1842 1788 1897 Paulus
1828 1859 1843 1896 :

1955 1849 2391 1913 ι’Δικαιωθέντες
2412 1844 2506 1904 οὖν
2536 1850 2601 1903 ὲκ
2623 1846 3122 1915 πίστεως,εἰρήνην
3150 1842 3364 1912 ἔχωμεν
3394 1838 3532 1910 προς

272 1966 291 1995 α
346 1941 638 1999 Justillcati
698 1953 829 2011 ergo
881 1952 950 1995 ex
1008 1936 1149 2004 ﬁde,
1197 1949 1383 2005 pacem
1438 1934 1734 1989 habeamus
1780 1932 1846 1987 ad

264 2036 435 2091 Deum
462 2035 507 2093 '.
557 2050 577 2085 ι
628 2031 721 2087 Sic
765 2044 900 2086 sane
941 2043 1064 2085 eum
1113 2028 1204 2099 qui
1255 2036 1340 2082 est
1380 2035 1571 2081 natura
1620 2034 1676 2081 et
1721 2038 1848 2080 vere

270 2124 529 2181 Dominus
584 2123 826 2193 agnitum’
881 2121 1237 2176 honoramus.
1288 2119 1441 2185 Quod
1489 2118 1533 2172 si
1584 2126 1848 2172 creaturae

267 2231 482 2285 quoque
532 2216 743 2269 divinos
792 2213 1028 2268 honores
1080 2211 1473 2281 impendimus,
1523 2210 1737 2280 impuro
1793 2216 1851 2263 et

265 2305 563 2361 detestabili
589 2314 814 2374 peccato
841 2303 1261 2375 cogitationibus
1282 2302 1487 2358 nostris
1508 2301 1845 2363 dominante,

267 2396 499 2454 Domino
534 2396 879 2459 resistimus,
908 2404 965 2449 et
996 2393 1144 2449 velut
1172 2394 1344 2449 aciem
1379 2392 1639 2448 adversus
1673 2392 1846 2460 ipsum

267 2489 333 2543 ad
362 2501 595 2559 pugnam
626 2487 972 2551 instruimus,
998 2485 1188 2540 duram
1223 2485 1493 2541 cervicem
1525 2494 1717 2540 contra
1744 2496 1842 2537 ex-

267 2581 639 2642 tendentes,et
656 2577 1012 2648 pertinaciam
1033 2576 1489 2646 rebellionemque
1508 2582 1843 2631 exercentes.

265 2674 411 2727 idem
458 2671 745 2728 conﬁrmat
787 2668 1087 2724 Salvatoris
1127 2666 1423 2738 discipulus
1471 2667 1558 2721 his
1597 2665 1778 2727 verbis
1827 2681 1843 2718 :

270 2786 290 2817 ι
333 2761 568 2819 Nescitis
608 2763 734 2833 quia
780 2761 1019 2816 amicitia
1068 2761 1226 2831 hujus
1268 2761 1455 2816 mundi
1500 2759 1714 2814 inimica
1761 2766 1849 2813 est

267 2858 412 2912 Deo?
435 2857 502 2911 Et
526 2855 619 2927 qui
648 2856 763 2909 vult
784 2853 992 2908 amicus
1021 2866 1144 2909 esse
1172 2851 1332 2922 hujus
1362 2851 1566 2917 saeculi,
1595 2850 1847 2905 inimicus

269 2946 361 3001 Dei
394 2944 799 3000 constituitur’.
834 2964 853 2996 ι
887 2941 1043 3011 Quod
1071 2942 1115 2998 si
1143 2943 1210 2998 ad
1244 2943 1621 2998 universorum
1664 2939 1848 2995 Domi-

269 3050 395 3090 num
421 3050 515 3106 per
544 3035 701 3090 iidem
727 3043 781 3090 et
807 3033 1014 3104 peccati
1046 3031 1367 3102 eiectionem
1399 3048 1497 3090 nos
1523 3030 1851 3089 converteri-

268 3139 409 3189 mus,
436 3124 566 3178 nihil
599 3139 656 3178 se
676 3122 917 3190 objiciet,
941 3136 1046 3177 nec
1065 3122 1359 3192 quidquam
1391 3137 1490 3177 nos
1513 3124 1630 3191 ejus
1660 3119 1848 3192 amici-

1948 1944 2103 1997 Θεόνο
2133 1942 2278 1996 οὕτω
2339 1943 2437 2014 μὲν
2491 1941 2586 1996 τὸν
2628 1939 2789 2010 φύσει
2844 1940 2936 1992 καὶ
2988 1935 3205 2007 ἀληθῶς
3254 1935 3531 2004 Δεσπότην

1948 2034 2149 2099 εἰδότες
2182 2033 2454 2104 τιμῶμεν.
2492 2033 2854 2094 Ἀνάπτοντες
2900 2029 2958 2083 δὲ
3005 2029 3098 2082 καὶ
3133 2029 3200 2097 τῇ
3247 2024 3424 2080 κτίσει
3473 2023 3534 2077 τὸ

1951 2124 2137 2189 σέϐας,
2182 2124 2275 2177 καὶ
2322 2122 2774 2193 κατακρατούσης
2817 2119 2926 2173 τῶν
2976 2118 3263 2191 ἡμετέρων
3313 2114 3534 2169 ἐννοιῶν

1947 2218 2051 2287 τῆς
2078 2215 2306 2287 βεϐήλου
2329 2233 2387 2269 τε
2408 2216 2500 2269 καὶ
2519 2213 2781 2285 βδελυρᾶς
2798 2212 3097 2283 ἁμαρτίας,
3116 2208 3533 2279 ἀνθεστήκαμεν

1948 2307 2027 2378 τῷ
2072 2308 2319 2379 Δεσπότῃ
2344 2347 2359 2371 ,
2395 2306 2489 2360 καὶ
2529 2301 2642 2360 οἷον
2694 2302 3139 2374 ἀντανιστάμεθα
3181 2303 3320 2373 προς
3354 2300 3535 2371 μάχην

1948 2399 2097 2468 αὑτῷ
2115 2438 2130 2462 ,
2161 2399 2395 2470 σκληρὸν
2422 2398 2670 2470 αἴροντες
2696 2396 2786 2450 τὸν
2814 2395 3019 2467 αὐχένα
3039 2437 3053 2458 ,
3093 2395 3188 2447 καὶ
3219 2394 3279 2446 τὸ
3310 2391 3531 2454 ἀπειθὲς

1948 2493 2044 2546 καὶ
2069 2492 2318 2562 δυσήνιον
2351 2488 2681 2560 μελετῶντες
2704 2488 2806 2542 ἔτι.
2839 2488 2951 2541 Καὶ
2982 2484 3316 2542 πιστώσεται
3354 2484 3531 2547 λέγων

1947 2581 2042 2636 τοῦ
2084 2581 2337 2653 Σωτῆρος
2384 2582 2412 2633 6
2459 2580 2741 2651 μαθητής·
2773 2598 2791 2630 ι
2825 2578 2938 2631 Οὐκ
2975 2576 3151 2631 οἴδατε
3184 2576 3266 2629 ὅτι
3298 2577 3330 2646 ἠ
3372 2573 3523 2644 φιλία

1948 2672 2041 2727 τοῦ
2075 2673 2285 2741 κόσμου
2314 2671 2485 2743 ἐχθρά
2526 2671 2623 2726 τοῦ
2653 2670 2790 2727 Θεοῦ
2825 2671 3007 2737 tactv;
3043 2668 3138 2721 καὶ
3178 2665 3372 2733 ὃς,ὲὰν
3416 2664 3531 2733 βου·

1948 2765 2090 2835 ληθῇ
2118 2762 2272 2831 φίλος
2308 2759 2449 2816 εἶναι
2494 2761 2588 2815 τοῦ
2624 2761 2852 2833 κόσμου,
2896 2759 3088 2831 ἐχθρὸς
3118 2756 3211 2811 τοῦ
3240 2755 3375 2810 Θεοῦ
3402 2754 3535 2808 καθα

1952 2854 2186 2908 tutatus.
2233 2873 2252 2906 ι
2303 2853 2764 2923 Ἐπιστρέψαντες
2807 2851 2863 2904 δὲ
2911 2850 3047 2921 πρὸς
3093 2849 3186 2903 τὸν
3230 2845 3340 2900 τῶν
3393 2845 3531 2899 ὅλων

1948 2944 2080 2998 θεὸν
2111 2943 2198 2997 διὰ
2220 2943 2317 3015 τῆς
2337 2943 2592 3008 πίστεως,
2612 2942 2705 2996 καὶ
2732 2942 2830 3012 τῆς
2859 2941 3133 3011 ἁμαρτίας
3158 2937 3530 3012 ἀνῃρημένης.

1948 3036 2010 3089 τὸ
2041 3035 2374 3106 μεσολαϐοῦν
2405 3035 2580 3099 οῦδὲν,
2609 3033 2717 3086 οὐδ’
2747 3031 2813 3086 ἂν
2851 3031 3129 3102 ἁπείρξειέ
3160 3048 3245 3094 τις
3274 3030 3372 3100 τῆς
3398 3027 3549 3098 πρὸς

1950 3126 2113 3179 αὐτὸν
2168 3126 2542 3196 οἰκειότητος·
2599 3124 2922 3196 κολλιῖιμεθα
2967 3124 3160 3194 ὥσπερ
3224 3123 3374 3192 αὐτῷ
3444 3122 3532 3176 διὰ

268 3214 340 3268 tia
374 3213 712 3284 prohibebit,
739 3188 825 3267 cui
862 3188 1323 3282 agglutinabimur
1351 3188 1756 3281 quodammodo
1791 3188 1844 3263 ῑὲι

1952 3222 2135 3291 πάσης
2180 3188 2515 3283 ἐπιεικείας,
2554 3188 2887 3290 βαδιούμεθά
2920 3234 2978 3271 τε
3016 3217 3083 3271 δι’
3123 3188 3356 3279 εὐθείας-
3385 3213 3528 3277 ὁδοῦ,

267 3304 415 3359 οιηηί
460 3320 659 3375 genere
699 3303 986 3369 bonitatis,
1016 3312 1073 3357 et
1109 3312 1257 3359 recta
1297 3304 1383 3358 via
1428 3303 1758 3375 gradiemur,
1792 3307 1849 3355 et

265 3408 365 3465 per
403 3395 704 3466 speciosam
744 3395 993 3450 semitam
1036 3393 1463 3457 ambulabimus,
1494 3408 1592 3449 nos
1622 3394 1767 3462 ipsos
1795 3401 1850 3447 et

271 3489 407 3544 alios
457 3489 525 3543 ad
571 3502 690 3542 eam
732 3486 1045 3557 dirigentes.
1078 3484 1139 3541 In
1181 3487 1266 3542 his
1301 3494 1481 3541 autem
1521 3484 1850 3540 contendere

271 3579 522 3650 occupari
549 3592 660 3649 prae
685 3576 806 3633 aliis
832 3583 1053 3632 sanctos
1077 3575 1391 3634 sacerdotes
1421 3577 1607 3641 decet,
1634 3574 1701 3629 de
1730 3574 1849 3643 qni-

272 3672 370 3725 hus
398 3670 683 3727 verissime
709 3669 810 3725 dici
838 3678 1001 3740 queat
1031 3687 1046 3725 :
1083 3687 1104 3721 ‹
1137 3666 1192 3722 In
1226 3681 1360 3735 pace
1387 3667 1625 3736 dirigens
1658 3666 1849 3718 ambu-

272 3764 404 3818 lavit
446 3777 688 3828 mecum,
718 3768 775 3817 et
817 3761 1016 3816 multos
1062 3757 1331 3815 convertit
1374 3758 1443 3813 ab
1481 3756 1784 3827 iniquitate.
1824 3775 1843 3807 ι

267 3851 485 3907 Subditl
545 3851 691 3907 enim
758 3849 1078 3921 plerumque
1142 3848 1557 3919 praepositorum
1626 3861 1847 3902 suorum

267 3946 440 4000 bonos
469 3958 648 3999 mores
682 3957 778 4014 per
810 3944 1000 3999 eadem
1029 3942 1255 4012 vestigia
1291 3950 1598 4011 sequuntur
1626 3957 1641 3995 ι
1674 3948 1729 3995 et
1756 3940 1846 4009 qui

270 4038 533 4094 incedunt
566 4036 774 4093 directa
804 4036 891 4091 via
927 4036 1143 4092 salvant
1175 4034 1408 4100 multos,
1434 4046 1536 4088 nec
1567 4031 1850 4087 dlllienlter

266 4146 333 4186 eo
364 4140 703 4201 permovent,
729 4138 787 4185 ut
810 4130 918 4185 vita
949 4127 1224 4200 petulante
1251 4137 1305 4184 et
1328 4124 1651 4181 exsecrabili
1684 4125 1848 4179 mori-

268 4225 476 4293 busque
518 4221 777 4292 improbis
819 4221 1066 4277 nuntium
1112 4221 1487 4283 remittentes,
1526 4217 1750 4273 meliora
1795 4224 1851 4272 et

270 4314 609 4385 suspicienda
659 4329 889 4384 quinque
939 4313 1079 4383 apud
1128 4314 1297 4367 Deum
1345 4318 1399 4366 et
1443 4310 1686 4365 homines
1730 4307 1851 4364 laus

270 4406 582 4471 comitetur,
606 4404 915 4461 consectari
945 4403 1151 4459 malint.

338 4498 504 4553 Vsus.
530 4498 582 4551 7.
610 4497 869 4562 Quoniam
897 4495 1038 4548 labia
1066 4493 1351 4547 sacerdotis
1375 4495 1665 4548 custodiant
1687 4492 1852 4547 scion-

268 4592 431 4654 tiam,
457 4599 507 4644 et
551 4561 711 4656 legem
755 4588 1014 4657 requirent
1055 4600 1121 4640 cz
1160 4600 1250 4638 ore
1288 4584 1432 4655 ejus,
1458 4586 1585 4665 qxuia
1632 4581 1849 4652 angelus
1882 4561 1926 4616 ί)

266 4678 481 4733 Domini
506 4678 870 4746 omnipotentis
897 4684 992 4729 est.

335 4766 504 4823 XXII.
541 4768 787 4835 Quonam
837 4768 996 4821 modo
1045 4765 1240 4822 multos
1293 4767 1649 4829 converterit,
1684 4772 1850 4831 atque

266 4857 627 4912 ambulaverit
671 4855 912 4928 dirigens
964 4855 1018 4909 in
1071 4870 1201 4923 pace
1245 4870 1367 4909 cum
1414 4854 1557 4920 Deo,
1596 4853 1846 4922 exponit,

267 4950 449 5016 aitque
473 4965 595 5003 eum
624 4958 871 5017 gestasse
896 4945 947 5001 in
983 4947 1141 5003 labiis
1169 4948 1283 5001 sive
1313 4947 1365 5001 in
1393 4947 1571 5016 lingua
1604 4944 1845 4998 omnium

267 5041 334 5094 ad
366 5041 501 5095 bene
527 5039 811 5093 vivendum
840 5039 1224 5107 requisitorum
1256 5039 1540 5102 notitiam,
1571 5035 1846 5105 fuisseque

267 5128 630 5183 institutorem
662 5127 1028 5197 insipientium
1046 5169 1062 5193 ,
1087 5137 1144 5184 et
1169 5128 1488 5198 magistrum
1517 5124 1802 5179 infantium
1825 5163 1841 5188 ,

265 5230 321 5273 el
352 5218 660 5274 volentibus
698 5217 832 5288 legis
857 5219 992 5275 scita
1017 5219 1249 5285 discere,
1282 5230 1469 5273 verum
1504 5223 1560 5269 et
1593 5215 1662 5269 ab
1695 5218 1842 5270 omni

264 5326 453 5366 errore
490 5311 915 5366 remotissimum
954 5320 1376 5383 praeceptorem,
1408 5323 1512 5363 non
1557 5308 1666 5364 alio
1707 5309 1845 5363 divi-

266 5418 459 5457 norum
508 5402 851 5457 oraculorum
904 5417 1124 5459 sensum
1179 5403 1624 5470 detorquentem,
1670 5413 1844 5469 neque

270 5496 548 5548 docentem
587 5513 605 5546 ι
647 5496 951 5559 doctrinas,
985 5494 1240 5548 mandata
1277 5492 1555 5547 hominum
1582 5492 1664 5547 ’σε
1704 5510 1721 5542 ι
1752 5493 1845 5546 sed

274 5595 530 5655 tanquam
561 5587 810 5656 angelum
842 5586 932 5642 Dei
953 5628 967 5647 ,
995 5582 1250 5652 subjectis
1284 5584 1382 5640 sibi
1416 5584 1627 5655 populis
1653 5584 1848 5639 obscu-

374 5765 393 5795 ⁷
419 5763 611 5819 Manilii.
640 5779 694 5830 ν,
729 5764 815 5827 l7,
856 5761 943 5816 l8.

1053 5762 1073 5793 '
1099 5762 1254 5818 Rom.
1284 5780 1335 5831 ν,
1362 5763 1406 5815 l.
1519 5763 1539 5792 ⁵
1564 5759 1680 5814 Ξιιθ.
1706 5776 1773 5824 tv,
1808 5761 1859 5815 4.

1947 3313 2044 3365 καὶ
2066 3313 2163 3381 τὴν
2194 3311 2365 3383 καλὴν
2393 3310 2612 3380 ἀληθῶς
2640 3308 3029 3381 πορευσόμεθα
3049 3308 3259 3379 τρίϐον,
3294 3305 3533 3359 ἀπευθύ-

1945 3420 2130 3467 νοντες
2151 3405 2232 3468 εἰς
2254 3404 2454 3474 ἑαυτὴν
2487 3404 2713 3466 ἑαυτοὺς
2752 3403 2846 3456 καὶ
2868 3401 3110 3473 ἐτέρους.
3134 3399 3344 3471 Πρέποι
3385 3397 3432 3452 δ’
3466 3398 3532 3451 ἃν

1950 3495 2188 3577 μάλιστα
2238 3495 2299 3548 τὸ
2350 3494 2407 3551 εν
2454 3511 2517 3563 γε
2565 3494 2776 3556 τούτοις
2815 3489 2953 3547 εἶναι
2989 3492 3172 3564 ζητεῖν
3211 3494 3323 3555 τοῖς
3365 3490 3532 3555 ὁσίοις

1950 3584 2282 3655 ἰερουργοῖς,
2325 3586 2453 3656 περὶ
2474 3578 2557 3637 ὧν
2589 3584 2654 3639 ἂν
2682 3584 2913 3653 λέγοιτο,
2967 3583 3063 3637 καὶ
3095 3582 3239 3655 μάλα
3267 3582 3495 3644 εἰκότως
3514 3596 3530 3613 ’

1954 3695 1972 3727 ι
2009 3676 2099 3729 Ἐν
2144 3676 2337 3749 εἰρήνῃ
2383 3675 2733 3730 κατευθύνων
2760 3674 3034 3747 ἐπορεύθη
3086 3676 3204 3747 μετ’
3242 3671 3402 3756 ἐμοῦ,
3438 3670 3534 3726 καὶ

1949 3766 2180 3831 πολλοὺς
2218 3766 2558 3837 ἐπέστρεψεν
2605 3766 2713 3821 ἀπὸ
2768 3767 3001 3829 ἀδικίας.
3040 3784 3059 3817 ι
3101 3762 3400 3835 ’ἰχνηλατετ
3425 3760 3533 3832 γάρ

1947 3874 2067 3921 πως
2092 3856 2153 3910 το
2180 3857 2419 3928 ὑπήκοον
2458 3857 2556 3920 τὰς
2587 3857 2698 3910 τῶν
2729 3856 3051 3927 ἡγουμένων
3076 3852 3400 3918 ἐπιεικείας,
3435 3850 3534 3906 καὶ

1947 3947 2107 4020 οἵπερ
2138 3946 2204 4001 ἂν
2233 3945 2479 4018 ἔρχοιντο
2503 3947 2570 4000 δι’
2593 3947 2812 4011 εὐθείας
2840 3945 2985 4011 ὁδοῦ,
3020 3944 3251 4009 σώζουσι
3280 3942 3529 4007 πολλοὺς,

1947 4038 2303 4095 ἀναπείθουσί
2353 4056 2412 4092 τε
2469 4039 2665 4111 ῥᾳδίως
2694 4039 2806 4111 ,τὴν
2859 4038 3065 4108 ἀσελγῆ
3116 4036 3212 4090 καὶ
3258 4035 3533 4105 ἐπάρατον

1948 4130 2187 4199 ἀφέντας
2226 4128 2372 4201 ζωὴν
2402 4131 2497 4184 καὶ
2524 4132 2652 4194 τοὺς
2680 4131 2781 4201 τῆς
2807 4129 3022 4190 ἀδικίας
3052 4127 3307 4199 τρόπους,
3326 4124 3534 4179 ἀνθελέο

1951 4220 2075 4275 σθαί
2102 4237 2163 4276 τε
2195 4219 2292 4274 καὶ
2324 4221 2547 4293 ἀγαπᾷν
2572 4219 2642 4274 τὰ
2689 4220 2900 4290 ἀμείνω
2937 4219 3034 4273 καὶ
3077 4217 3402 4286 ἀξιάγαστα,
3431 4213 3530 4269 καὶ

1949 4306 2029 4375 οἷς
2060 4309 2125 4364 ἂν
2153 4310 2339 4363 ἕποιτο
2371 4309 2431 4364 τὸ
2459 4309 2803 4365 ἐπαινεῖσθαι
2844 4309 2958 4364 δεῖν
2998 4308 3152 4380 παρά
3178 4324 3238 4360 τε
3265 4306 3404 4378 Θεῷ,
3437 4307 3534 4361 καὶ

1950 4405 2280 4479 ἀνθρώποις.

2026 4498 2155 4551 Ὅτι
2189 4498 2362 4566 χείλη
2405 4495 2609 4566 ἱερέως
2639 4494 2978 4565 φυλάξεται
3017 4494 3265 4566 γνῶσιν,
3305 4493 3406 4549 καί
3433 4491 3531 4548 rd-

1951 4605 2069 4659 μον
2099 4586 2503 4657 ἐκζητήσουσι
2534 4588 2603 4642 ἐκ
2629 4588 2938 4657 στόματος
2959 4587 3169 4651 αὐτοῦ,
3192 4585 3339 4639 διότι
3361 4584 3516 4656 ἄγγε-

1950 4683 2061 4745 λος
2093 4679 2316 4748 Κυρίου
2350 4678 2840 4748 παντοκράτορός
2868 4680 3020 4733 ἐστι.

2023 4771 2151 4826 ΚΒ’.
2207 4770 2341 4823 Τίνα
2393 4770 2458 4841 δὴ
2517 4770 2720 4842 τρόπον
2774 4770 2975 4834 πολλὰς
3026 4770 3124 4842 μὲν
3166 4767 3528 4841 ἀπέστρεψεν,

1952 4861 2437 4932 παραπεπόρευται
2471 4860 2527 4915 δὲ
2573 4860 2919 4915 κατευθύνων
2945 4863 3168 4934 εἰρήνην
3198 4862 3340 4914 κατὰ
3370 4858 3529 4925 Θεοῦ,

1948 4950 2262 5023 διατρανοῖ,
2314 4952 2525 5021 λέγων,
2573 4952 2649 5015 ὡς
2696 4952 2980 5023 πεφόρηκε
3027 4952 3125 5022 μὲν
3167 4953 3225 5005 ὲν
3274 4951 3528 5022 χείλεσιν,

1952 5042 2119 5112 ἡγουν
2144 5044 2236 5094 ἐπὶ
2261 5042 2530 5112 γλώττης,
2551 5042 2752 5106 παντὸς
2774 5042 2869 5096 τοῦ
2902 5044 3038 5114 πρὸς
3067 5041 3210 5112 ζωὴν
3234 5041 3530 5108 ἀναγκαίου

1952 5133 2051 5202 τὴν
2082 5131 2305 5201 γνῶσιν,
2334 5132 2527 5202 γέγονε
2554 5134 2612 5186 δὲ
2643 5132 2937 5203 παιδευτὴς
2978 5133 3248 5202 ἀφρόνων,
3278 5131 3533 5185 διδάσκα-

1950 5222 2041 5287 λός
2079 5240 2138 5276 τε
2168 5223 2399 5294 νηπίων,
2445 5225 2539 5278 καὶ
2579 5227 2691 5288 τοῖς
2724 5226 2970 5280 ἐθέλουσι
3018 5224 3322 5294 ἁναμαθεῖν
3358 5222 3421 5276 τὸ
3451 5219 3533 5295 τῷ

1949 5315 2099 5386 νόμῳ
2125 5314 2318 5369 δοκοῦν
2347 5314 2558 5388 ἀληθής
2586 5334 2643 5369 τε
2669 5318 2764 5370 καὶ
2802 5316 3207 5378 ἀπλανέστατος
3235 5312 3528 5386 ἐξηγητὴς,

1949 5408 2047 5477 οὐχ
2095 5408 2330 5476 ἑτέρωσέ
2365 5424 2455 5461 ποι
2500 5408 2859 5481 μετατρέπων
2887 5408 2994 5462 τῶν
3025 5407 3186 5460 θεῖων
3214 5406 3413 5475 λογίων
3440 5403 3531 5459 τόν

1951 5497 2095 5559 νοῦν,
2125 5496 2247 5549 οὔτε
2297 5497 2401 5569 μὴν
2444 5498 2714 5553 διδάσκων
2760 5518 2777 5551 ι
2808 5498 3157 5562 διδασκαλίας
3177 5538 3191 5561 ,
3224 5496 3531 5567 ἐντάλματα

1951 5588 2282 5659 ἀνθρώπων·
2319 5609 2337 5641 ι
2375 5590 2513 5657 ἀλλ’,
2544 5587 2654 5645 οἷον
2688 5592 2919 5659 ἄγγελος
2950 5590 3110 5659 Θεοῦ,
3138 5589 3531 5646 διαλευκαίνων

1977 5763 2018 5794 ¹⁰
2047 5763 2148 5819 Ira.
2186 5781 2334 5830 xxnt,
2360 5765 2471 5829 15;
2515 5765 2620 5818 Mat
2651 5765 2699 5817 h.
2731 5782 2815 5830 xv,
2851 5766 2902 5819 Ω.
