4098 6480
216 364 327 449 513'
1068 392 1629 454 COMMENTARIUS
1663 396 1729 453 IN
1771 400 2182 460 MALACIIIAM
2222 402 2669 463 PROPHE‘I‘AM.

3385 415 3490 473 ΞΗ

215 505 268 564 εὖ
299 506 442 578 μάλα
473 508 588 571 τοῖς
631 505 737 562 ὑπὸ
780 507 940 581 χεῖρα
979 507 1132 575 λαοῖς
1164 511 1225 565 τὸ
1263 512 1522 586 ἀμυδρῶς
1556 515 1667 569 ἔσθ’
1699 519 1786 571 ὅτε

1893 521 2037 573 riora
2070 519 2338 576 interdum
2371 522 2678 579 divinarum
2709 521 2878 596 839
2913 522 3318 593 Scripturarum
3347 529 3490 583 dilu-

210 598 721 679 χρησμῳδούμενον.
783 600 1141 669 Ἀπαγγέλλει
1196 603 1305 676 γὰρ
1360 605 1423 658 οὐ
1478 606 1540 660 τὺ
1592 609 1792 661 οἰκεῖον

213 691 438 769 θέλημα,
465 690 589 746 οὔτε
623 692 731 764 μὴν
754 694 880 758 τοὺς
906 693 1015 746 ἀπὸ
1045 693 1302 761 γνώσεως
1345 697 1479 762 ίδίας
1506 700 1792 770 ἐρεύγεται

210 783 416 852 λόγους,
447 783 716 853 ὑπηρετεῖ
735 783 792 837 δὲ
823 784 1023 855 μᾶλλον
1044 787 1397 853 Δεσποτικοῖς
1431 788 1787 861 θεσπίσμασι.

208 872 371 941 Φαίην
410 872 458 925 δ’
484 871 572 936 ἂν,
610 873 693 926 ὅτι
724 872 821 926 καὶ
849 874 1046 944 ἀληθὲς
1071 877 1131 929 ὲν
1163 876 1375 943 τούτοις
1409 876 1470 930 τὸ
1499 879 1789 950 εἰρημένον

212 967 264 1017 ὲν
295 963 462 1035 βίϐλῳ
507 965 863 1035 Παροιμιῶν⁹
899 984 918 1017 ι
950 966 1235 1039 Θησαυρὸς
1288 968 1626 1040 ἐπιθυμητὸς
1661 970 1789 1023 ἀνα-

214 1057 469 1113 παύσεται
516 1057 606 1111 ἐπὶ
652 1058 921 1130 στόματος
967 1060 1162 1130 σοφοῦ,
1212 1062 1448 1132 ἄφρονες
1497 1063 1555 1117 δὲ
1597 1062 1790 1137 ἄνδρες

211 1149 556 1204 καταπίονται
606 1150 791 1205 αὐτόν.
829 1170 848 1203 ι
901 1151 1045 1222 Πρὸς
1095 1152 1320 1206 ἐπαίνου
1354 1153 1415 1227 ,δ’
1463 1152 1531 1206 ἂν
1578 1153 1790 1223 γένοιτο

206 1243 307 1306 τοῖς
343 1240 754 1310 ἀπαγγέλλουσί
783 1260 834 1296 τι
875 1242 1026 1315 παρά
1057 1241 1215 1311 Θεοῦ,
1251 1243 1312 1297 τὸ
1345 1245 1512 1315 μηδὲν
1540 1240 1621 1311 οἷς
1649 1247 1803 1317 ἀκη-.

204 1333 353 1388 κόασι
391 1333 744 1405 προστιθέναι
776 1334 958 1389 πλεῖον
978 1376 992 1399 ,
1029 1336 1166 1407 μήτε
1209 1334 1314 1407 μὴν
1348 1336 1636 1408 ὑφαίρεσίν
1664 1354 1787 1391 τινα

202 1424 468 1478 ποιεῖσθαι
488 1424 715 1497 τολμᾷν,
732 1424 890 1479 τοῦτό
913 1443 995 1479 τοι
1032 1427 1231 1500 μικροῦ
1256 1429 1538 1494 παντελῶς
1569 1428 1787 1494 ἀξιοῦν-

196 1530 282 1576 τες
310 1512 495 1582 λόγου.
549 1513 632 1567 Τά
662 1515 773 1569 τῶν
810 1516 1122 1587 Φαρισαίων
1167 1519 1359 1573 ἀνόσια
1406 1520 1572 1591 στίφη
1613 1520 1784 1593 λήρου

198 1605 273 1669 εἰς
314 1605 478 1659 τοῦτο
528 1607 866 1662 κατὼλισθον
908 1609 1137 1680 ἀμαθῶς
1163 1651 1178 1676 ,
1239 1611 1317 1675 ὡς
1358 1611 1635 1666 διδάσκειν
1686 1613 1784 1684 μὲν

198 1696 560 1761 διδασκαλίας,
588 1700 900 1770 ἐντάλματα
918 1699 1239 1772 ἀνθρώπων,
1266 1703 1361 1756 καὶ
1381 1702 1469 1756 διά
1501 1703 1558 1757 δέ
1590 1720 1655 1773 γε
1684 1704 1785 1776 τὴν

205 1789 341 1857 σφῶν
364 1790 672 1860 παράδοσιν
698 1790 799 1856 τάς
829 1792 978 1857 θείας
1007 1793 1247 1864 ἀκυροῦν
1281 1795 1522 1860 ἐντολάς.
1541 1796 1783 1851 Τοιαῦτα

1895 611 2188 668 cidantem.
2215 612 2333 669 Non
2365 617 2509 671 enim
2546 631 2702 671 suam
2736 616 3073 671 voluntatem
3112 618 3361 682 nuntiat,
3389 635 3488 675 nec

1893 718 2004 757 suae
2037 706 2361 777 cognitionis
2394 723 2458 762 ac
2490 707 2731 763 scientim
2766 722 3051 763 sermones
3085 716 3300 764 eructat
3336 728 3351 765 :
3390 710 3486 766 sed

1894 796 2073 864 potius
2118 797 2410 854 Dominicis
2449 799 2684 854 oraculis
2728 800 2973 854 inservit.
3020 799 3261 853 Dixerim
3321 815 3484 867 porro

1893 887 2058 941 etiam
2086 888 2138 942 in
2171 889 2253 943 his
2276 905 2461 945 verum
2504 890 2727 959 reperiri
2752 878 2895 960 quod
2926 890 2976 944 in
3007 888 3147 945 libro
3171 891 3489 947 Proverbia-

1892 990 2009 1029 rum
2040 986 2218 1032 exstat
2243 995 2257 1032 :
2288 996 2307 1031 ι
2338 978 2650 1034 Thesaurus
2678 979 3056 1032 desiderabilis
3084 980 3398 1048 requiescet
3427 979 3485 1033 in

1891 1082 1987 1121 ore
2011 1069 2292 1137 sapientis:
2317 1069 2465 1123 stulti
2490 1076 2669 1122 autem
2694 1068 2792 1122 viri
2819 1068 3153 1123 devorabunt
3174 1068 3321 1122 illum
3345 1067 3385 1100 υ
3402 1110 3416 1123 .
3457 1086 3477 1120 ι

1892 1160 2025 1214 Nam
2069 1160 2194 1215 illud
2239 1161 2304 1215 ad
2351 1161 2564 1216 laudem
2608 1159 2698 1215 Dei
2749 1160 2968 1215 nomine
3013 1160 3289 1229 quidpiam
3342 1177 3484 1212 nun-

1893 1254 2135 1307 tiantium
2171 1255 2430 1321 pertinet,
2458 1253 2599 1321 quod
2636 1251 2771 1305 nihil
2803 1252 3002 1306 auditis
3034 1261 3348 1319 apponunt,
3378 1264 3481 1305 nec

1890 1343 2088 1413 aliquid
2124 1344 2448 1400 subtrahere
2476 1344 2712 1409 audent,
2738 1345 2882 1415 quod
2920 1343 3135 1399 scilicet
3169 1328 3221 1398 id
3252 1345 3486 1397 omnino

1889 1438 2039 1506 parvi
2071 1437 2361 1493 aestiment.
2389 1435 2787 1491 Pharisaeorum
2830 1436 2993 1505 impia
3025 1437 3183 1491 turba
3215 1450 3281 1490 eo
3311 1435 3479 1503 impe-

1890 1529 2029 1584 ritia:
2059 1528 2307 1593 devenit,
2336 1537 2394 1583 ut
2422 1528 2642 1584 doceret
2671 1528 2979 1592 doctrinas,
3011 1528 3266 1582 mandata
3308 1525 3487 1580 homi-

1888 1634 2046 1687 num,
2077 1626 2131 1673 et
2170 1627 2392 1689 pr0pter
2432 1633 2586 1673 suam
2631 1618 2974 1672 traditionem
3023 1616 3115 1671 Dei
3164 1615 3482 1669 mandatum

1887 1710 2099 1765 irritum
2131 1709 2417 1766 faceret".
2442 1711 2496 1765 In
2526 1711 2629 1765 hoc
2660 1711 2805 1765 enim
2838 1710 3043 1766 crimen
3077 1708 3330 1765 Christus
3356 1707 3483 1761 illos

1887 1802 2117 1856 vocavit.
2150 1800 2287 1857 Tuta
2336 1813 2422 1858 est
2462 1803 2625 1872 igitur
2663 1801 2779 1865 lex,
2808 1818 2929 1871 qua:
2971 1802 3208 1872 quodam
3250 1800 3370 1856 loco
3416 1800 3484 1853 de

203 1881 299 1950 γὰρ
323 1880 553 1949 γέγονεν
574 1883 659 1935 ἐπ’
691 1884 877 1948 αὐτοῖς
904 1886 1055 1956 παρά
1077 1885 1316 1958 Χριστοῦ
1338 1886 1405 1940 τὰ
1432 1887 1776 1960 ἐγκλήματα.

1891 1892 2088 1947 divinis
2112 1892 2344 1948 oraculis
2372 1893 2572 1959 sanxit,
2599 1908 2702 1945 non
2732 1891 3061 1957 addendum,
3089 1906 3187 1944 nec
3212 1889 3438 1944 aul'eren
3456 1915 3477 1931 ο

210 1971 477 2043 ’ᾼσφαλὴς
500 1968 596 2027 οῦν
622 1975 651 2027 ό
674 1975 839 2045 νόμος
859 1993 872 2006 ο
907 1975 1013 2047 ἔφη
1041 1978 1148 2050 γάρ
1183 1995 1285 2031 που
1320 1979 1450 2050 περὶ
1478 1979 1587 2034 τῶν
1619 1979 1780 2035 θείων

189 2062 405 2132 λογίων,
457 2065 520 2119 τὸ
567 2066 658 2119 ἐπ’
702 2066 885 2122 αὐτῶν
927 2069 1116 2123 οὐκέτι
1166 2070 1505 2142 προσθεῖναι,
1550 2073 1647 2127 καὶ
1686 2073 1784 2127 ἀπ’

184 2156 367 2209 αὐτῶν
409 2157 513 2210 οὐκ
556 2156 706 2212 ἔστιν
744 2160 983 2229 ἀφελεῖν.
1016 2160 1321 2226 Φυλάξεται
1352 2164 1533 2217 τοίνυν
1567 2162 1674 2217 τῶν
1709 2165 1784 2218 is-

1888 1984 2083 2039 dnm".
2107 1984 2424 2040 Custodient
2442 1985 2606 2057 igitur
2626 1984 2766 2039 labia
2783 1981 3380 2039 sacerdotisscientiam
3411 1978 3478 2011 ¹⁸⁴

1882 2075 2037 2147 legis,
2055 2092 2216 2146 quam
2238 2079 2563 2132 annuntians
2586 2077 2722 2132 nihil
2740 2076 2911 2132 addit.
2932 2075 3140 2130 Idcirco
3163 2081 3217 2126 et
3238 2069 3470 2140 angelus

1883 2166 1975 2222 Dei
2012 2170 2401 2237 mnnipotentis
2433 2168 2730 2239 appellatus
2768 2179 2882 2231 est.
2923 2168 3174 2236 quamvis
3211 2172 3468 2217 naturam

183 2245 326 2326 ρέων
374 2246 446 2301 τὰ
503 2249 659 2321 χείλη
717 2248 817 2321 τὴν
850 2250 945 2304 τοῦ
991 2251 1160 2322 νόμου
1206 2253 1431 2322 γνῶσιν,
1478 2254 1573 2310 καὶ
1616 2255 1781 2309 αὐτὸν

1891 2258 2172 2312 humanam
2203 2269 2377 2329 gerat,
2401 2260 2653 2328 quoniam
2680 2260 3015 2314 voluntatem
3042 2255 3137 2310 Dei
3172 2252 3472 2324 perspicue

178 2337 524 2405 ἀπαγγέλλει
555 2338 871 2410 προστιθεὶς
904 2338 1283 2415 οὺδέν.Ταύτῃ
1315 2359 1397 2396 τοι
1422 2342 1517 2397 καὶ
1542 2343 1778 2414 ἀγγελος

1891 2361 2096 2404 nuntiat
2113 2390 2129 2414 ,
2151 2360 2207 2404 et
2234 2350 2406 2421 legem
2438 2352 2708 2406 sermonis
2733 2349 3089 2405 hortatricem
3115 2346 3297 2401 habet.

175 2427 512 2498 ὀνομάζεται
546 2430 756 2500 Κυρίου
787 2432 1256 2503 παντοκράτορος,
1282 2434 1458 2488 καίτοι
1491 2434 1591 2508 τὴν
1617 2435 1779 2507 φύσιν
1812 2436 2101 2511 ἄνθρωπος
2125 2440 2223 2508 ὢν,
2283 2443 2365 2497 ὃτι
2395 2442 2474 2514 τῷ
2507 2441 2627 2515 Θεῷ
2681 2441 2872 2497 δοκοῦν
2901 2439 3239 2510 ἀπαγγέλλει
3268 2435 3481 2504 σαφῶς,

177 2521 275 2575 καὶ
300 2520 471 2590 νόμον
503 2520 616 2592 ἔχει
648 2521 748 2592 τῆς
771 2520 1020 2593 γλώττης
1045 2522 1108 2576 τὸ
1136 2522 1368 2595 κίνημα.

262 2650 456 2721 Ὑμεῖς
481 2650 551 2705 δὲ
573 2651 923 2717 ἐξεκλίνατε
944 2652 1015 2709 ἐκ
1045 2652 1157 2724 τῆς
1191 2652 1359 2719 ὀδοῦ,
1387 2653 1488 2710 καὶ
1511 2656 1779 2725 ἠσθενή-

173 2761 332 2800 σατε
370 2744 651 2811 πολλοὺς
680 2746 752 2799 ἐν
784 2747 948 2815 νόμῳ
969 2786 985 2811 ,
1025 2746 1396 2817 διεφθείρατε
1429 2749 1546 2817 τὴν
1586 2748 1788 2818 διαθή-

174 2853 300 2903 κην
323 2836 434 2890 τοῦ
466 2836 633 2902 Λευὶ,
665 2836 831 2907 λέγει
867 2840 1086 2909 Κύριος
1124 2839 1578 2910 παντοκράτωρ.

248 2950 383 3005 KP.
427 2951 882 3022 Ἀντιπαρεξάγει
911 2954 1111 3026 τρόπον
1139 2956 1262 3009 τινά
1284 2959 1406 3020 ταῖς
1427 2957 1538 3012 τῶν
1568 2957 1785 3012 εὐδοκί-

175 3060 301 3110 μων
341 3044 673 3109 ὲπιεικείαις
717 3044 788 3098 τὰ
829 3045 940 3099 τῶν
980 3046 1243 3119 ῥᾳθύμων
1280 3047 1646 3119 ἐγκλήματα,
1683 3051 1781 3106 καὶ

170 3137 300 3198 ταῖς
356 3137 470 3189 τῶν
518 3138 825 3208 ἀμεινόνων
879 3138 1378 3211 ἀντιπαραθέσεσιν
1444 3141 1662 3213 ἐλέγχει
1718 3143 1783 3197 τὸ

171 3225 413 3322 φαῦλον.
433 3227 649 3299 Ὠσπερ
681 3227 792 3299 γὰρ
820 3228 879 3282 τὸ
908 3228 1023 3298 φῶς
1046 3232 1107 3283 ἐν
1133 3230 1312 3284 σκότει
1340 3232 1544 3302 φαίνει,
1579 3233 1782 3287 «τελεῖ-
1808 3264 1851 3322 c

170 3335 271 3371 ται
317 3317 380 3371 δὲ
432 3320 494 3372 ὲν
531 3319 847 3384 ἀσθενείαις
898 3322 931 3391 ἡ
977 3321 1243 3394 δύναμις·
1278 3341 1298 3375 ι
1357 3323 1501 3379 οὕτω
1545 3326 1642 3378 καὶ
1680 3325 1782 3396 τῆς

172 3409 394 3481 ἀρετῆς
438 3410 501 3463 τὸ
536 3411 737 3476 κάλλος
766 3413 1170 3485 ὲκφανεστέραν
1196 3414 1308 3485 ἔχει
1335 3414 1435 3487 τὴν
1468 3416 1646 3470 είδέαν
1679 3417 1780 3487 (1),

174 3504 226 3555 εί
253 3502 327 3576 δὴ
372 3504 712 3574 παρακέοιτό
749 3521 832 3581 τις
867 3504 1146 3576 φαυλότης
1183 3506 1216 3577 ἢ
1260 3508 1530 3579 ἀμαρτία.
1572 3509 1784 3563 Οὐκοῦν

172 3596 481 3650 διεϐίωσαν
518 3597 619 3667 μέν
647 3614 795 3662 τινες
828 3599 1271 3670 ίεροπρεπῶς,ὲν
1294 3601 1486 3673 εἰρήνῃ
1518 3600 1785 3655 κατευθύ-

172 3696 371 3750 νοντες
406 3686 637 3753 ἑαυτούς
667 3705 729 3741 τε
759 3691 855 3744 καὶ
882 3690 1128 3762 ἑτέρους,
1152 3692 1246 3745 καὶ
1280 3687 1423 3763 ἦσαν
1452 3694 1592 3764 μετά
1619 3693 1782 3759 Θεοῦ,

177 3779 279 3832 καὶ
322 3779 562 3844 πολλοὺς
605 3779 956 3852 ἐπέστρεψαν
991 3783 1102 3836 ἀπὸ
1151 3783 1386 3847 ἀδικίας.
1430 3785 1785 3857 Πεφορήκασι

176 3872 290 3944 γάρ
335 3877 401 3927 ὲν
445 3873 609 3946 χερσὶ
652 3873 878 3942 γνῶσιν,
927 3875 1027 3928 καὶ
1078 3874 1331 3946 ἀκριϐεῖς
1370 3876 1630 3945 γεγόνασι
1674 3875 1786 3931 τῶν

177 3965 347 4020 θείων
382 3965 569 4037 νόμων
596 3967 955 4038 ἑρμηνευταί.
986 3968 1051 4021 Θί
1079 3967 1137 4021 δὲ
1157 3966 1221 4039 δὴ
1253 3972 1372 4039 μετ’
1398 3968 1665 4034 ἐκείνους,
1687 3971 1784 4025 καὶ

178 4058 322 4130 πρὸς
348 4057 450 4123 οὓς
493 4060 524 4113 ὁ
563 4058 721 4129 λόγος
743 4100 758 4124 ,
791 4059 1178 4114 ὲκκεκλίκασιν
1209 4061 1274 4115 ὲκ
1304 4061 1405 4133 τῆς
1435 4060 1557 4116 ὁδοῦ
1582 4102 1596 4124 ,
1636 4080 1785 4135 παρ-

173 4148 420 4203 ὤλισθον
447 4150 561 4221 γὰρ
580 4150 677 4205 τοῦ
703 4151 936 4217 εἰκότος,
958 4154 1100 4220 σφᾶς
1125 4168 1187 4206 τε
1216 4142 1416 4217 αὐτοὺς
1437 4153 1532 4208 καὶ
1551 4154 1779 4224 ἑτέρους

172 4236 239 4289 οὐ
274 4236 526 4309 μετρίως
573 4237 871 4309 ἠδικήκασι
899 4278 914 4304 ,
960 4242 1058 4295 καὶ
1104 4241 1336 4307 πολλοὺς
1385 4242 1694 4316 ἡσθένησαν
1727 4246 1788 4299 ὲν

172 4329 354 4402 νόμῳ,
392 4330 711 4397 τουτέστιν,
742 4332 991 4396 ἀσθενεῖς
1038 4334 1137 4388 καὶ
1168 4334 1607 4406 ἀδρανεστάτους
1652 4337 1788 4392 ἀπο-

169 4421 508 4475 τετελέκασι
537 4421 669 4494 περί
715 4437 780 4491 γε
814 4423 877 4477 τὸ
905 4424 1016 4479 δεῖν
1046 4424 1266 4479 ἑλέσθαι
1322 4425 1473 4497 βιοῦν
1516 4428 1785 4499 ἐννόμως.

166 4512 241 4567 Ei
290 4512 411 4585 γάρ
452 4512 564 4578 ἔξω
594 4512 691 4567 τοῦ
728 4513 1038 4585 πρέποντος
1085 4515 1294 4586 οἴχεται
1340 4517 1403 4570 τὺ
1449 4518 1784 4589 ἡγούμενον,

1952 2656 2115 2712 Vens.
2148 2659 2203 2715 8.
2238 2656 2341 2712 Vos
2380 2668 2558 2711 autem
2599 2657 2909 2711 det-(innatis
2944 2675 2975 2710 α
3008 2657 3125 2722 uia,
3155 2666 3204 2709 et
3242 2655 3484 2725 inﬁrmos

1880 2750 2075 2819 fecistis
2099 2749 2286 2804 multo:
2317 2749 2373 2802 in
2403 2748 2545 2819 lege,
2576 2750 2887 2818 corrupisti:
2916 2756 3288 2801 testamentum
3322 2746 3480 2813 Levi,

1878 2843 2006 2897 dicit
2040 2839 2297 2894 Dominus
2323 2841 2679 2905 omnipotens.

1950 2956 2143 3011 XXIII.
2187 2956 2558 3011 Laudatorum
2612 2957 2871 3027 probitati
2932 2956 3193 3010 inertium
3250 2954 3480 3010 crimina

1890 3056 2148 3117 tanquam
2181 3047 2232 3101 in
2261 3047 2379 3102 acie
2401 3047 2627 3102 adversa
2653 3047 2868 3111 statuit,
2895 3047 3287 3115 meliorumqne
3311 3059 3484 3114 oppo-

1890 3141 2088 3195 sitione
2129 3139 2298 3194 malos
2337 3139 2604 3208 coarguit.
2641 3138 2793 3194 Sicut
2826 3140 2971 3195 enim
3009 3137 3098 3191 lux
3137 3138 3191 3191 iu
3230 3136 3483 3192 tenebris

1891 3240 2116 3303 apparet
2163 3233 2367 3302 magis,
2415 3251 2434 3284 ‹
2484 3240 2540 3284 et
2583 3231 2753 3284 virtus
2800 3230 2852 3283 in
2898 3228 3220 3283 infirmitate
3264 3227 3482 3296 perlici-

1891 3329 1978 3373 tur
2002 3319 2046 3351 ”
2080 3338 2094 3373 :
2139 3337 2158 3371 ι
2199 3320 2270 3372 ita
2303 3319 2522 3373 virtutis
2555 3317 2855 3387 elegantia,
2887 3319 2933 3373 si
2968 3332 3072 3387 qna
3112 3317 3354 3386 nequitia
3391 3325 3487 3372 aut

1890 3421 2170 3481 peccatum
2203 3408 2365 3465 fuerit
2391 3425 2421 3464 e
2454 3411 2675 3480 regione
2700 3411 2956 3465 collatum
2984 3451 2999 3476 ,
3028 3409 3365 3480 splendidior
3389 3424 3488 3478 ap-

1890 3511 2062 3572 paret.
2090 3505 2273 3568 Quare
2303 3503 2556 3572 quidam,
2586 3513 2644 3556 ut
2673 3502 3057 3558 sacerdotibus
3087 3503 3341 3557 decorum
3368 3510 3483 3567 est,

1888 3596 2057 3649 vitam
2092 3594 2454 3657 transierunt,
2485 3594 2535 3648 in
2570 3608 2702 3663 pace
2729 3594 3054 3663 semetipsos
3084 3593 3331 3660 aliosque
3354 3592 3487 3646 diri-

1890 3696 2110 3757 gentes.
2144 3696 2200 3741 et
2231 3695 2388 3741 erant
2420 3702 2544 3740 cum
2584 3685 2726 3751 Deo,
2759 3694 2815 3741 et
2851 3685 3056 3740 multos
3092 3688 3163 3739 ab
3199 3685 3486 3752 iniquitate

1891 3785 2297 3832 converterunt.
2319 3777 2612 3832 Portabant
2632 3775 2776 3830 enim
2806 3775 3093 3830 scientiam
3125 3775 3178 3828 in
3208 3775 3484 3839 manibus,

1893 3870 2217 3940 divitiasque
2253 3870 2398 3941 leges
2434 3869 2671 3924 ﬁdeliter
2708 3867 3229 3938 interpretabantur.
3264 3865 3483 3921 Illorum

1893 3970 2073 4016 autem
2104 3976 2474 4026 successores,
2501 3961 2567 4015 ad
2594 3976 2732 4031 quos
2762 3961 2928 4015 etiam
2961 3968 3046 4015 est
3072 3974 3277 4023 sermo,
3303 3960 3371 4015 de
3396 3958 3485 4014 via

1894 4053 2260 4117 deﬂexerunt,
2293 4069 2357 4110 ac
2390 4055 2456 4109 de
2488 4068 2552 4109 eo
2583 4054 2725 4122 quod
2762 4062 3195 4108 consentaneum
3240 4064 3357 4107 erat
3392 4053 3487 4108 de-

1893 4144 2050 4215 lapsi,
2078 4144 2148 4200 ibi
2179 4144 2485 4214 semetipsis
2512 4143 2741 4212 aliisque
2771 4157 2876 4198 non
2908 4142 3260 4199 mediocriter
3285 4156 3485 4198 nocue-

1894 4247 2047 4298 runt.
2077 4247 2133 4291 et
2170 4251 2274 4291 non
2312 4250 2512 4306 paucos
2556 4236 2610 4289 in
2655 4235 2771 4304 lege
2815 4233 3189 4298 inlirinarunt,
3222 4234 3326 4289 hoc
3366 4241 3485 4298 est,

1895 4328 2193 4384 imbecilles
2224 4339 2280 4384 et
2309 4328 2751 4399 languidissimos
2784 4328 2852 4380 ad
2888 4328 3054 4382 vitam
3099 4326 3310 4397 legibus
3349 4340 3486 4381 con-

1896 4438 2086 4479 sonam
2133 4422 2503 4478 reddiderunt.
2532 4421 2666 4477 Nam
2710 4422 2755 4478 si
2798 4421 2888 4491 qui
2933 4433 3175 4491 prmsunt
3215 4435 3245 4473 a
3284 4418 3487 4474 decoro

1896 4514 2246 4571 transversim
2275 4514 2504 4578 abeant,
2527 4515 2803 4582 quomodo
2833 4512 3094 4568 credibile
3120 4522 3204 4567 est
3239 4511 3330 4581 qui
3358 4510 3488 4579 sub-

166 4606 299 4669 πιῖις
327 4601 403 4678 ἦν
429 4605 579 4670 εἰκὸς
611 4605 686 4678 μὴ
717 4606 841 4677 οὐχὶ
866 4606 1044 4677 πάντη
1070 4623 1132 4660 τε
1159 4608 1258 4662 καὶ
1287 4608 1509 4674 πάντως
1542 4627 1788 4664 συναπο-

1897 4616 2044 4671 sunt,
2065 4622 2171 4663 non
2207 4608 2385 4663 modis
2422 4608 2679 4663 omnibus
2707 4608 2867 4662 simul
2901 4607 3092 4673 ituros,
3124 4616 3180 4660 et
3211 4605 3301 4673 qui
3337 4611 3489 4659 sorte

165 4701 446 4770 φοιτῆσαι
475 4699 540 4753 τὸ
569 4700 834 4773 ὑπήκοον,
855 4698 953 4753 καὶ
980 4701 1094 4763 τοῖς
1125 4697 1427 4770 προῦχουσι
1461 4702 1791 4771 συγκατολι-

162 4793 332 4847 σ’θεῖν
358 4790 427 4844 τὸ
456 4792 517 4844 ὲν
548 4791 718 4862 μοίρᾳ⁵
742 4794 810 4863 τῇ
840 4790 1265 4863 καταδεεστέρᾳ,
1296 4794 1394 4847 καὶ
1443 4792 1522 4856 ὡς
1563 4796 1622 4848 ὲν
1670 4810 1792 4847 συν-

157 4886 294 4940 ἐστι
345 4883 872 4955 μειονεκτούμενον;
903 4885 1119 4956 Ὠσπερ
1158 4884 1271 4957 γὰρ
1305 4884 1531 4957 ἔννομός
1577 4903 1638 4939 τε
1695 4887 1791 4941 καὶ

156 4979 327 5041 ὅσιος
361 4978 552 5049 ἱερεὺς
582 4976 830 5048 μιμητὰς
860 4976 1156 5049 ἐργάζεται
1177 4976 1287 5030 τῶν
1323 4977 1474 5033 ἰδίων
1506 4978 1789 5049 κειτορθω⁴

166 5070 376 5139 μάτων
407 5069 543 5132 τοὺς
571 5067 678 5122 ὑπὸ
707 5070 870 5140 χεῖρα
910 5068 1074 5132 λαούς
1092 5084 1107 5097 '
1130 5067 1276 5121 οὕτω
1306 5068 1400 5121 καὶ
1427 5067 1488 5122 τὸ
1518 5069 1785 5123 ἐναντίον.

165 5161 237 5213 Ei
293 5162 405 5233 γάρ
454 5160 613 5214 αὐτοὶ
661 5159 1030 5230 διεφθάρκασι
1063 5159 1162 5231 τὴν
1217 5158 1459 5212 διάθεσιν
1491 5159 1586 5213 τοῦ
1635 5161 1789 5225 Λευὶ,

162 5250 297 5314 πῶς
326 5247 401 5323 ἦν
433 5250 587 5313 εἰκὸς
614 5251 745 5314 τοὺς
790 5252 919 5321 παρ’
948 5249 1129 5303 αὐτῶν
1156 5251 1791 5321 μεμυσταγωγημένους

152 5345 382 5398 σεπτδν
413 5342 675 5414 ἡγεῖσθαι
701 5342 794 5396 τὸν
818 5343 983 5413 νόμον
1005 5360 1019 5408 ;

226 5459 362 5514 Kal
427 5454 546 5527 ἐγὼ
608 5454 842 5510 δέδωκα
911 5452 1070 5524 ὑμᾶς
1125 5450 1649 5522 ἐξουδενωμένους
1701 5455 1789 5519 εις

280 5637 330 5669 ’⁸
371 5637 541 5701 Prov,
572 5650 689 5697 xxi,
719 5631 812 5686 20.

239 5819 328 5883 ll)
358 5816 672 5877 Aubertus,
707 5808 935 5864 ἔνδειαν.
984 5809 1139 5865 Eutr.

929 5633 972 5664 “
1014 5631 1205 5687 Matth.
1239 5647 1326 5697 xv,
1361 5631 1475 5686 6-9.
1558 5629 1601 5662 ¹²
1639 5631 1791 5686 Deut.
1825 5647 1897 5697 tv,
1925 5630 1976 5684 2.

1896 4695 2064 4770 840
2094 4697 2383 4755 inferiores
2410 4708 2566 4765 sunt,
2591 4707 2647 4755 et
2677 4699 3034 4769 intelligentia
3069 4697 3246 4751 minus
3272 4695 3485 4761 valent,

1897 4806 2019 4844 cum
2061 4791 2517 4848 eminentioribus
2556 4808 2659 4848 una
2702 4792 2985 4861 lapsuros?
3021 4787 3487 4857 Quemadmodum

1897 4880 2041 4933 enim
2070 4884 2326 4938 sacerdos
2358 4882 2535 4953 legum
2568 4883 2868 4938 observans
2894 4893 2948 4936 et
2977 4891 3200 4936 sanctus
3230 4877 3490 4949 populum
3592 4956 3603 4960 ξ

1899 4972 2000 5028 sibi
2043 4973 2347 5039 subjectum
2386 4990 2609 5030 suorum
2660 4985 2807 5031 recte
2842 4974 3112 5029 factorum
3156 4972 3489 5027 imitatorem

1899 5060 2063 5118 cllicit
2088 5105 2104 5131 ,
2131 5067 2206 5119 ita
2236 5074 2448 5120 contra.
2474 5067 2530 5121 Si
2563 5067 2706 5121 enim
2739 5064 2842 5137 ipsi
2872 5065 3301 5132 corrumpebant
3325 5072 3492 5119 testa-

1903 5167 2142 5210 mentum
2181 5156 2335 5224 Levi,
2364 5158 2634 5227 quomodo
2670 5160 2738 5212 ab
2784 5158 2851 5212 iis
2895 5159 2948 5212 in
2993 5156 3167 5211 sacris
3207 5156 3490 5210 institutos

1900 5250 2071 5319 legem
2107 5252 2469 5306 venerabilem
2505 5252 2699 5308 ducere
2729 5260 2851 5307 erat
2878 5249 3206 5307 verisimile?

1975 5449 2135 5506 Vsus.
2167 5451 2215 5507 9.
2250 5449 2321 5504 Et
2351 5468 2442 5522 ego
2478 5453 2597 5511 dedi
2646 5470 2731 5507 vos
2774 5448 3185 5519 contemptibiles
3220 5448 3274 5500 in
3309 5459 3489 5499 omnes

2080 5630 2311 5687 Malae-li.
2346 5650 2405 5700 tt,
2431 5632 2485 5686 7.
2600 5632 2643 5665 ”
2678 5632 2720 5684 II
2747 5633 2869 5687 Cor.
2902 5647 2997 5697 xu,
3044 5628 3096 5684 9.
