4098 6510
599 370 731 427 διδ.

1625 364 1683 420 5.
1727 363 2005 419 CYRILLI
2045 360 2515 417 ALEXANDRINI
2554 358 2875 416 ARCHIEP.
2940 424 2943 431 η

3759 362 3862 419 816

600 492 805 551 gentes,
833 494 924 546 pro
957 494 1017 532 eo
1050 476 1187 546 quod
1224 491 1308 528 vos
1344 492 1444 528 non
1480 476 1834 530 custodivistis
1870 476 1976 529 vias
2010 492 2179 542 meas,

2294 473 2482 527 πάντα
2519 474 2590 528 τὰ
2621 476 2790 540 ἔθνη.
2827 472 2955 527 ἀνθ’
2992 488 3078 525 ων
3120 473 3284 539 ὑμεῖς
3319 475 3430 527 οὐκ
3479 463 3866 543 ἐφυλάξασθσ

601 570 691 626 sed
719 568 1053 639 accipiebatis
1077 582 1353 636 personam
1383 567 1436 618 in
1465 564 1596 635 lege.

674 745 861 802 XXIV.
894 748 971 801 Ad
1020 757 1233 815 patrum
1278 756 1500 815 peccata
1543 747 1709 811 redit,
1742 746 1995 816 ipsosque
2028 755 2183 799 vetu-

602 840 829 894 stiorum
881 837 1169 891 criminum
1221 838 1497 891 admonet.
1552 836 1617 889 Et
1659 836 1915 905 quoniam
1965 836 2017 890 in
2068 835 2185 905 lnge

604 930 949 984 custodienda
1005 937 1319 981 constantes
1373 943 1479 982 non
1538 937 1727 992 erant,
1778 929 1900 983 ideo
1958 929 2184 983 traditos

605 1020 834 1075 affirmat
869 1019 972 1071 illis
1005 1034 1033 1071 a
1068 1020 1264 1087 quibus
1298 1019 1349 1071 in
1386 1019 1754 1087 Captivitatem
1785 1026 1911 1072 sunt
1934 1018 2184 1085 abducti,

604 1111 817 1171 miseri,
843 1121 897 1164 et
924 1109 1147 1177 nbjecti,
1178 1119 1232 1163 et
1262 1110 1406 1163 omni
1442 1109 1767 1178 indulgentia
1796 1109 2023 1163 exclusi.
2049 1109 2187 1175 Quid

604 1204 745 1256 cnim
784 1201 1249 1255 incommodorum
1287 1201 1428 1268 passi
1463 1216 1566 1253 non
1602 1209 1756 1265 sunt,
1787 1210 1838 1251 et
1875 1216 2009 1268 quas
2045 1198 2191 1253 cala-

606 1294 819 1344 mitates
860 1290 1104 1344 infelices
1134 1290 1203 1343 illi
1244 1306 1347 1363 non
1377 1289 1766 1344 exantlurunt?
1797 1290 2062 1344 Caeterum
2086 1330 2101 1355 ,
2143 1290 2187 1344 si

606 1399 766 1436 nosse
792 1383 974 1446 vultis,
1007 1382 1204 1451 inquit,
1234 1397 1426 1435 causas
1449 1382 1516 1435 ob
1540 1398 1678 1450 quas
1708 1382 1881 1434 iratus
1906 1391 1989 1436 est
2016 1381 2188 1446 vobis,

609 1474 841 1528 audietis
868 1475 1135 1527 dicentem
1164 1490 1177 1527 :
1214 1491 1231 1523 ι
1263 1472 1399 1539 Quia
1424 1488 1517 1526 vos
1548 1488 1652 1548 non
1685 1474 2055 1527 cnstodivistis
2078 1473 2190 1528 vias

609 1581 779 1628 meas,
807 1567 899 1620 sed
932 1563 1282 1632 accipiebatis
1311 1578 1596 1632 personam
1632 1564 1684 1616 in
1719 1563 1857 1634 lege.
1895 1582 1912 1615 ι
1952 1563 2060 1617 lloc
2087 1573 2189 1628 est,

607 1658 826 1726 opinor.
873 1656 1182 1724 corrupisse
1232 1664 1612 1712 testamentum
1663 1653 1829 1721 Levi,
1878 1656 2017 1709 viam
2068 1654 2192 1709 vitae

608 1747 900 1799 secundum
948 1744 1118 1813 legem
1167 1754 1350 1798 tenere
1393 1743 1655 1807 uoluisse,
1682 1753 1736 1797 et
1772 1744 1825 1797 in
1868 1756 2193 1812 unoquoque

2284 565 2392 631 τὰς
2436 565 2616 631 ὁδούς
2661 584 2779 635 μου
2808 606 2822 632 ,
2879 564 3015 619 ἀλλ’
3057 564 3420 633 ἐλαμϐάνετε
3465 566 3756 635 πρόσωπα
3798 564 3869 619 ἐν

2284 658 2472 722 νόμῳ.

2357 741 2480 792 KA'.
2522 741 2648 793 Ἐπὶ
2694 742 2791 804 τὰς
2843 740 2950 793 τῶν
2999 741 3251 812 πατέρων
3306 741 3512 796 ἄνεισιν
3572 745 3869 815 ἁμαρτίας,

2288 830 2699 901 ὑπομιμνήσκει
2726 832 2781 885 δὲ
2810 834 2902 886 καὶ
2935 833 3130 897 αὐτοὺς
3159 832 3267 886 τῶν
3293 835 3666 906 ἀρχαιοτέρων
3698 839 3875 891 αίτιαο

2290 921 2493 991 μάτων.
2540 922 2653 975 Καὶ
2699 924 2928 994 ἐπείπερ
2962 919 3103 995 ἦσαν
3148 925 3248 977 οὐκ
3288 925 3553 992 ἀσφαλεῖς
3600 928 3730 997 περὶ
3774 927 3874 999 τὴν

2286 1004 2380 1061 τοῦ
2406 1010 2571 1080 νόμου
2598 1012 2851 1081 τήρησιν,
2886 1011 3058 1083 ταύτῃ
3093 1030 3176 1066 τοι
3205 1013 3451 1068 δεδόσθαι
3486 1016 3649 1084 φησὶν
3676 1018 3875 1081 αὐτοὺς

2287 1100 2399 1161 τοῖς
2444 1100 2850 1170 ἀποκομίσασιν
2894 1103 2974 1165 είς
3020 1101 3400 1171 αἰχμαλωσίαν
3441 1103 3727 1174 οἰκτροὺς,
3780 1104 3877 1157 καὶ

2289 1193 2780 1263 κατερῤιμμένους,
2816 1192 2913 1245 καὶ
2937 1192 3152 1261 φειδοῦς
3184 1194 3402 1263 ἁπάσης
3426 1194 3874 1258 ἐκπεπτωκότας.

2289 1284 2355 1336 Τί
2403 1284 2513 1354 γὰρ
2562 1283 2670 1336 τῶν
2706 1283 2947 1354 ἀνιαρῶν
2981 1284 3042 1336 οὐ
3080 1284 3277 1354 συνέϐη
3331 1284 3526 1337 παθεῖν
3571 1286 3788 1352 αὐτοὺς,
3842 1286 3875 1356 ἢ

2290 1375 2471 1438 ποίαις
2528 1377 2578 1428 οἱ
2631 1375 2860 1438 τάλανες
2914 1376 2972 1429 οὐ
3041 1377 3478 1445 κεκοινωνήκασι
3534 1381 3877 1447 συμφοραῖς;

2304 1465 2445 1519 Ἀλλ’
2470 1467 2519 1519 εἰ
2550 1466 2850 1538 βούλοισθε,
2901 1466 3035 1537 φησὶ
3056 1505 3071 1528 ,
3103 1466 3404 1536 ἀναμαθεῐν
3433 1465 3530 1527 τὰς
3563 1466 3743 1530 αἰτίας
3773 1466 3880 1536 τῆς

2291 1558 2375 1626 ἐφ’
2412 1558 2565 1628 ὑμῶν
2596 1557 2971 1628 γεγενημένης
3013 1557 3205 1625 ὀργῆς,
3254 1556 3552 1610 ἀκούσεσθε
3590 1556 3877 1624 λέγοντοςο

2298 1650 2482 1702 ιἈνθ’
2532 1644 2607 1704 ὧν
2662 1650 2820 1721 ὑμεῖς
2865 1651 2966 1703 οὐκ
3013 1648 3353 1717 ὲφυλάξασθε
3401 1648 3501 1711 τὰς
3546 1647 3697 1712 ὁδούς
3746 1665 3878 1717 μου,

2293 1741 2406 1795 ἀλλ’
2441 1741 2776 1811 ἐλαμϐάνετε
2809 1741 3079 1812 πρόσωπα
3110 1742 3168 1792 ἐν
3210 1741 3379 1810 νόμῳ.
3426 1758 3445 1790 ι
3483 1738 3670 1800 Τοῦτο,
3700 1735 3879 1809 οἶμαι,

610 1839 824 1905 negotio
857 1836 1190 1904 iniquissime
1220 1835 1495 1902 iudicasse
1532 1853 1545 1888 :
1585 1836 1797 1888 tametsi
1834 1834 1974 1888 Deus
2010 1841 2190 1904 aperte

2294 1831 2502 1885 ἔστιτὸ
2532 1830 2844 1903 διαφθεῖραι
2883 1832 2982 1903 τὴν
3031 1832 3303 1902 διαθήκην
3352 1831 3446 1884 τοῦ
3490 1832 3644 1895 Λευὶ,
3690 1830 3754 1883 τὸ
3803 1832 3884 1901 μὴ

608 1927 755 1978 dicat
787 1942 800 1977 :
838 1941 858 1974 ‹
896 1923 1013 1977 Non
1047 1924 1282 1994 accipies
1321 1939 1605 1992 personam
1642 1924 1695 1976 in
1723 1923 1959 1992 juJieio,
1992 1938 2185 1977 secun-

609 2017 732 2067 dum
777 2029 1001 2083 parvum
1044 2023 1138 2068 aut
1175 2030 1425 2084 magnum
1473 2030 1580 2068 non
1618 2013 1973 2083 iudicabis”.
2018 2034 2036 2066 ι
2087 2012 2187 2067 Per

607 2122 740 2171 quas
769 2115 948 2160 autem
976 2106 1162 2175 culpas
1192 2106 1438 2160 hostibus
1464 2106 1693 2159 traditos
1721 2116 1775 2159 et
1799 2103 2041 2173 abjectus
2067 2119 2187 2159 esse

606 2199 764 2261 dicit,
805 2214 901 2268 per
944 2200 1161 2253 easdem
1211 2199 1457 2269 apposite
1504 2200 1763 2263 minatur,
1797 2199 1898 2252 nisi
1949 2198 2188 2252 rationes

608 2278 815 2343 vivendi
847 2290 1046 2344 rectius
1078 2290 1434 2354 iusdtuerint,
1461 2306 1518 2344 se
1545 2290 1759 2344 illorum
1790 2290 2050 2359 supplicio
2082 2303 2188 2343 non

609 2390 1064 2447 temperaturum.
1094 2379 1397 2435 lnsolenter
1423 2382 1566 2435 enim
1600 2382 1648 2434 in
1683 2381 1849 2450 legem
1906 2389 2191 2451 peccantes

610 2473 797 2526 idonea
829 2480 882 2525 et
912 2472 1398 2541 congruentissima
1429 2486 1587 2541 pteua
1614 2481 1888 2538 sequetur.

2293 1926 2480 1994 τηρεῖν
2509 1923 2724 1976 ἑλέσθαι
2754 1924 2850 1993 τῆς
2883 1924 2941 1976 ἐν
2966 1924 3116 1993 νόμῳ
3145 1923 3290 1992 ζωῆς
3336 1923 3434 1994 τὴν
3459 1924 3604 1987 ὁδὸν,
3637 1923 3888 1976 ὲκτοπω·

2291 2016 2460 2078 τάτας
2488 2014 2543 2067 δὲ
2574 2014 2697 2069 λίαν
2742 2015 2838 2068 καὶ
2884 2014 2982 2077 τὰς
3013 2016 3095 2083 ἐφ’
3131 2014 3348 2084 ἑκάστῳ
3390 2014 3676 2084 πράγματι
3707 2016 3886 2065 ποιεῖ-

2294 2106 2417 2159 σθαι
2461 2106 2694 2177 κρίσεις,
2729 2106 2911 2159 καίτοι
2966 2105 3102 2159 Θεοῦ
3148 2105 3400 2174 λέγοντος
3425 2104 3703 2174 ἐναργῶς·
3750 2125 3769 2156 ι
3803 2105 3883 2157 Οὐ

2292 2199 2440 2271 λήψῃ
2471 2200 2762 2269 πρόσωπον
2791 2199 2849 2251 ὲν
2890 2199 3093 2268 κρίσει,
3129 2197 3273 2250 κατά
3297 2197 3388 2248 τὸν
3422 2195 3617 2266 μικρὸν
3662 2195 3759 2248 καὶ
3787 2195 3886 2251 τὸν

2298 2289 2470 2361 μέγαν
2493 2289 2555 2340 οὐ
2581 2291 2805 2362 κρινεῖς.
2833 2308 2852 2341 ι
2883 2291 2960 2341 Δι’
2996 2282 3071 2342 ὧν
3097 2288 3154 2341 δέ
3184 2303 3347 2357 φησιν
3374 2287 3447 2350 ὡς
3486 2285 3691 2355 ταύτης
3716 2286 3888 2339 ἕνεκα

2292 2384 2392 2452 τῆς
2417 2385 2597 2446 αίτίας
2630 2384 2866 2438 δέδονται
2886 2385 2999 2447 τοῖς
3026 2382 3242 2453 ὲχθροῖς
3271 2380 3367 2436 καὶ
3398 2380 3684 2449 γεγόνασιν
3705 2380 3883 2449 ἀπερ-

2300 2472 2593 2542 ριμμένοι,
2651 2475 2740 2528 διὰ
2782 2473 2986 2527 τούτων
3037 2472 3215 2525 αὐτῶν
3259 2470 3434 2539 εὐφυᾶ
3493 2473 3726 2523 ποιεῖται
3780 2470 3884 2538 τὴν

604 2565 863 2636 ἀπειλὴν,
888 2566 963 2629 ὡς
1004 2566 1053 2618 εί
1082 2566 1155 2635 μὴ
1183 2565 1390 2618 ἕλοιντο
1437 2565 1586 2635 βιοῦν
1655 2564 1853 2635 ὀρθῶς,
1918 2564 2028 2617 οὐδ’
2056 2563 2122 2616 ἂν
2194 2562 2357 2631 αὐτὸς
2422 2569 2715 2639 ἀπόσχοιτο
2747 2559 2841 2621 τοῦ
2877 2566 3126 2628 κολάζειν
3157 2564 3376 2628 αὐτούς.
3412 2563 3643 2631 Ἔψεται
3675 2564 3732 2618 δὲ
3768 2567 3887 2628 τοῖς

606 2661 888 2732 ὑδρίζουσι
920 2661 1010 2713 τὸν
1033 2661 1199 2731 νόμον
1228 2662 1261 2730 ἡ
1286 2662 1399 2724 τοῖς
1427 2660 1586 2713 τοῦτο
1627 2660 1759 2731 δρᾷν
1793 2660 2006 2713 εἰωθόσι
2052 2658 2340 2731 πρέπουσά
2367 2680 2425 2716 τε
2461 2662 2557 2716 καὶ
2589 2661 2967 2733 ἀρμοδιωτάτη
2993 2660 3139 2732 δίκη.

678 2753 843 2807 Vens.
892 2753 978 2806 10.
1029 2752 1217 2807 Nonne
1267 2763 1413 2821 pater
1461 2770 1596 2805 unus
1653 2755 1884 2807 onmium
1933 2754 2194 2808 vestrum?

2368 2757 2514 2824 Οὐχὶ
2554 2756 2751 2823 πατὴρ
2784 2751 2870 2820 εἷς
2901 2753 3142 2831 animo»:
3182 2752 3381 2820 ὑμῶν;
3415 2752 3561 2821 Οὐχὶ
3604 2750 3749 2817 Θεὸς
3782 2746 3878 2817 εἷς

611 2842 799 2897 Nonne
826 2845 965 2897 Dem
992 2861 1125 2897 unus
1150 2846 1341 2898 creavit
1364 2846 1498 2898 vos?
1521 2846 1696 2910 Quare
1722 2846 2007 2916 reliquistis
2031 2862 2190 2898 unus-

2294 2851 2533 2903 ἕκτισεν
2572 2847 2865 2917 ὑμᾶςμΤί
2895 2846 2983 2900 ὅτι
3022 2845 3445 2914 ἐγκατελίπετε
3483 2844 3743 2909 ἕκαστος
3776 2844 3891 2898 τὸν

606 2936 827 3003 quisque
866 2935 1086 3004 fratrem
1130 2951 1304 2997 suum,
1349 2948 1401 2987 ut
1456 2937 1768 3004 pollueretis
1829 2946 2190 3007 testamentum

2294 2938 2557 3007 ἀδελφὸν
2604 2937 2812 3000 αὐτοῦ,
2865 2937 2973 2990 τοῦ
3013 2935 3367 3003 ,ϐεϐηλῶσαι
3409 2935 3526 3003 τὴν
3572 2934 3879 3003 διαθήκην

607 3038 815 3093 patrum
840 3029 1166 3081 vestrorum?
1190 3029 1479 3083 Derelictus
1500 3040 1573 3083 est
1592 3028 1627 3081 J
1633 3034 1786 3095 udas,
1806 3040 1853 3083 et
1873 3030 2190 3084 abominatia

2294 3027 2412 3082 τῶν
2449 3028 2717 3097 πατέρων
2750 3027 2947 3096 ὑμών;
2987 3026 3440 3096 Ἐγκατελείφθη
3484 3024 3751 3090 Ἰούδας,
3786 3025 3891 3079 καὶ

611 3116 784 3184 factus
806 3126 880 3170 est
904 3120 957 3170 in
980 3117 1150 3173 Israel
1176 3129 1223 3173 et
1247 3123 1300 3175 in
1326 3121 1645 3176 Jerusalem.

688 3292 855 3347 XXV.
895 3294 1027 3348 Cum
1066 3296 1433 3367 inciperemus
1463 3297 1517 3351 in
1556 3296 1872 3367 prophetam
1918 3314 2196 3355 commen-

614 3384 808 3436 tarium
834 3388 1197 3452 conscribere,
1223 3389 1557 3451 dicebamus,
1595 3397 1716 3456 post
1756 3390 1991 3444 reditum
2031 3405 2062 3445 e
2091 3391 2195 3445 Ba-

616 3474 809 3543 bylone
847 3476 913 3529 ab
939 3477 1182 3548 Assyria,
1208 3478 1497 3542 lsraelitas,
1529 3479 2191 3550 parvipendenteslcgem,

613 3569 886 3622 extraneis
911 3570 1170 3623 uxoribus
1188 3585 1243 3624 se
1269 3569 1620 3637 implicuisse.
1687 3569 1817 3636 Quae
1857 3586 1943 3624 res
1966 3572 2197 3626 amenti.

613 3659 712 3712 bus
752 3658 855 3714 illis
885 3675 949 3713 eo
991 3675 1160 3729 usque
1202 3661 1552 3727 procedebat,
1597 3670 1655 3714 ut
1708 3677 1830 3714 cum
1872 3661 1995 3714 aliis
2035 3663 2193 3716 simul

612 3740 918 3804 sacerdotes
952 3752 1140 3805 eodem
1174 3764 1444 3815 ruerent,
1482 3761 1536 3805 et
1556 3751 1673 3821 jam
1693 3754 1884 3807 ductas
1916 3752 2079 3824 841
2115 3755 2196 3822 ip-

611 3855 699 3894 sas
732 3856 945 3909 quoque
1000 3856 1030 3895 e
1064 3843 1328 3909 sanguine
1384 3842 1545 3897 Israel
1607 3859 1706 3913 pro
1758 3844 2195 3909 despectissimis

615 3932 897 3997 haberent,
949 3933 1218 4001 domoque
1257 3934 1537 4003 ejicerent,
1589 3945 1645 3990 et
1689 3937 1742 3989 in
1793 3950 1980 3990 earum
2017 3937 2193 3992 locum

614 4027 927 4094 peregrinas
951 4026 1362 4082 introducerent
1392 4029 1791 4083 Ammonitidas
1820 4039 1872 4082 et
1909 4029 2192 4095 Idumaeas,

610 4133 673 4169 ex
708 4132 815 4186 quo
839 4117 998 4171 Israel
1029 4133 1351 4189 magnopere
1381 4120 1875 4175 contaminahatur.
1901 4121 2015 4177 Non
2050 4123 2192 4177 enim

613 4208 714 4261 illa:
740 4209 943 4276 patrios
973 4223 1154 4263 mores
1175 4209 1525 4274 deserebant,
1551 4213 1644 4264 sed
1700 4211 1995 4266 etiamnum
2057 4213 2192 4266 idola

613 4300 1029 4361 \eucrabautur,
1061 4312 1116 4352 et
1141 4300 1387 4353 militiam
1427 4302 1547 4353 caeli
1617 4302 1935 4368 adorabunt,
1990 4314 2044 4359 et
2102 4320 2195 4358 co-

612 4391 875 4459 gebantur
905 4404 1042 4461 pepe
1079 4391 1169 4458 qui
1200 4406 1321 4444 cum
1348 4389 1564 4445 fetutinis
1617 4392 1754 4447 adeo
1789 4405 1970 4448 mente
1997 4410 2192 4450 corru-

2220 3152 2262 3208 Ο
2288 3122 2607 3191 ,ϐδέλυγμα
2632 3118 2870 3189 ἐγένετο
2910 3118 2981 3172 ἐν
3011 3116 3093 3183 τῷ
3127 3117 3381 3186 Ἰσραὴλ
3429 3116 3527 3170 καὶ
3554 3118 3626 3169 ἐν
3662 3117 3890 3184 Ἰερου-

2301 3212 2528 3281 σαλήμ.

2374 3303 2504 3359 κε’.
2560 3304 2877 3374 Ἀρχόμενοι
2920 3302 3023 3372 τῆς
3058 3301 3138 3364 είς
3184 3300 3276 3354 τὸν
3325 3302 3611 3371 προφήτην
3642 3316 3891 3370 συγγρα-

2303 3398 2429 3467 φῆς,
2460 3396 2717 3467 ἐλέγομεν
2760 3397 2842 3448 ὅτι
2864 3435 2877 3461 ,
2916 3394 3054 3465 μετὰ
3086 3393 3185 3464 τὴν
3215 3394 3284 3447 ἐκ
3333 3391 3651 3455 Βαϐυλῶνος
3684 3394 3781 3446 καὶ
3822 3394 3895 3446 ἐκ

2300 3489 2407 3559 γῆς
2444 3487 2746 3559 Ἀσσυρίων
2774 3485 3058 3549 ἐπάνοδον,
3081 3484 3241 3551 ὀλίγα
3272 3487 3371 3554 τῆς
3399 3484 3632 3553 νομικῆς
3667 3486 3896 3555 φροντί-

2304 3597 2495 3641 σαντες
2532 3558 2781 3647 ’ὲντολῆς,
2813 3580 2864 3631 οἱ
2891 3575 2951 3642 ἐξ
2985 3576 3203 3647 Ἰσραὴλ
3230 3578 3351 3639 ταῖς
3383 3574 3728 3643 ἀλλογενὲσιν
3758 3592 3893 3628 συν-

2301 3671 2591 3724 επλέκοντο
2617 3669 2848 3737 γυναιξί.
2891 3669 3001 3721 Καὶ
3034 3666 3171 3739 πρὸς
3220 3664 3381 3719 τοῦτο
3407 3665 3676 3736 ὲξιτήλοις
3704 3666 3898 3729 αὐτοῖς

2304 3761 2511 3833 προέϐη
2560 3761 2622 3814 τὺ
2674 3759 2969 3832 δρώμενον,
3019 3759 3096 3822 ὡς
3156 3758 3250 3811 καὶ
3296 3758 3497 3819 αὐτοὺς
3543 3760 3657 3821 τοῖς
3706 3758 3899 3821 ἄλλοις

2304 3850 2778 3922 συναποφέρεσθαι
2805 3851 2932 3913 τοὺς
2964 3848 3367 3920 ἱερατεύοντας,
3396 3849 3494 3901 καὶ
3523 3846 3622 3910 τὰς
3657 3848 3759 3918 μὲν
3787 3849 3897 3920 ἢδη

2302 3943 2712 4014 συνῳκισμένας
2744 3941 2800 3996 αἶ
2827 3942 2922 3994 καὶ
2950 3937 3094 4012 ἦσαν
3124 3940 3183 4006 ἐξ
3231 3939 3464 4009 αἵματος
3501 3939 3740 4009 Ἰσραὴλ,
3773 3942 3894 3994 ἀτι-

2306 4035 2543 4106 μοτάτας
2588 4032 2865 4103 ἡγεῖσθαι,
2916 4033 3011 4084 καὶ
3057 4029 3488 4099 ἀποπέμπεσθαι
3528 4028 3638 4081 τῶν
3668 4029 3899 4093 ἑστιῶν,

2302 4126 2686 4191 εἰσοικίζεσθαι
2711 4125 2767 4177 δὲ
2794 4123 2996 4193 μᾶλλον
3017 4123 3119 4185 τὰς
3146 4121 3458 4190 ἀλλογενεῖς
3490 4120 3904 4190 Ἀμμανίτιδας

2302 4221 2395 4273 καὶ
2408 4217 2714 4288 Ἰδουμαίας
2731 4232 2745 4246 ’
2769 4217 2864 4269 καὶ
2890 4212 3059 4283 πολλή
3087 4230 3173 4276 τις
3198 4211 3448 4265 ἐντεῦθεν
3473 4212 3505 4280 ἡ
3532 4210 3630 4263 τοῦ
3668 4212 3898 4284 Ἰσραὴλ

2304 4312 2607 4383 βεϐήλωσις
2650 4306 2739 4380 ἦν.
2774 4308 2850 4361 Οὐ
2891 4307 3001 4377 γάρ
3035 4305 3337 4375 κατέληγον
3380 4305 3585 4356 ἐκεῖναι
3628 4302 3740 4356 τῶν
3788 4319 3891 4357 παν

2301 4404 2490 4477 τρῴων
2528 4400 2819 4471 ἐθῶν,ξάλῖ
2847 4400 3136 4470 ὲλάτρευον
3172 4398 3272 4467 μὲν
3304 4396 3544 4460 εἰδώλοις
3573 4396 3677 4458 ἔτι,
3715 4412 3905 4466 προσ-

614 4480 1076 4549 ινιίειιεὼὶιιιτριιι,
1106 4481 1557 4549 simutinquinari
1583 4495 1639 4537 et
1682 4485 1848 4538 Deum
1884 4484 2182 4540 oﬂ‘endere.

2294 4496 2519 4551 εκύνουν
2544 4494 2600 4546 δὲ
2631 4495 2726 4547 καὶ
2754 4495 2820 4563 τῇ
2852 4493 3083 4563 στρατιᾷ
3126 4490 3220 4544 τοῦ
3248 4487 3504 4560 οὐρανοῦ,
3538 4489 3633 4542 καὶ
3660 4484 3731 4558 ἦν
3768 4507 3902 4552 πως

614 4574 689 4627 De
715 4576 797 4628 his
826 4576 877 4628 in
906 4575 1059 4629 libris
1091 4575 1276 4629 Esdraa
1303 4575 1468 4628 multa
1503 4577 1815 4631 scribuntur
1841 4577 1906 4630 ¹⁶.
1960 4579 2198 4631 Accusat

616 4668 778 4735 igitur
804 4682 897 4721 eos
930 4668 1305 4720 universorum
1340 4666 1583 4732 Deus,ut
1622 4684 1823 4723 uxores
1862 4669 2198 4726 Israelitidas

613 4761 728 4812 sive
762 4757 971 4813 Judaeas
995 4768 1372 4827 aspernantes,
1397 4760 1628 4814 sceleste
1651 4771 1833 4812 autem
1867 4759 2198 4830 alienigena-

614 4864 732 4902 rum
762 4849 973 4901 liliabus
998 4850 1454 4915 adhaerescentes,
1482 4864 1604 4904 eum
1634 4859 1814 4902 tamen
1882 4848 2191 4915 huiusmodi

2302 4583 2516 4651 ἀνάγκη
2549 4582 2674 4643 τοὺς
2708 4582 2831 4642 ταῖς
2881 4578 3025 4631 οὕτω
3056 4579 3157 4649 τὴν
3190 4577 3366 4648 φρένα
3402 4574 3907 4645 κατεφθαρμένσιες

2301 4674 2688 4746 συνῳκηκὸτας
2744 4667 3311 4740 συγκαταμιαίνεσθαι
3364 4667 3460 4722 καὶ
3517 4665 3905 4738 προσκρούειν

2296 4768 2435 4838 Θεῷ.
2466 4766 2640 4831 Πολὺς
2667 4764 2723 4817 δέ
2745 4779 2808 4831 γε
2837 4763 2957 4815 λίαν
2985 4763 3013 4813 ὁ
3040 4760 3132 4813 ἐπί
3153 4777 3219 4827 γε
3247 4761 3489 4813 τουτοισὶ
3510 4759 3704 4827 γέγονε
3728 4757 3908 4826 λόγος

2296 4862 2354 4913 ὲν
2396 4862 2509 4922 τοῖς
2542 4857 2747 4927 Ἔσδρα
2791 4855 3040 4926 βιϐλίοις.
3078 4853 3441 4905 Καταιτιᾶται
3474 4848 3656 4902 τοίνυν
3685 4850 3911 4912 αὐτοὺς

614 4937 1047 5005 coniunctionem
1083 4942 1165 4995 lex
1196 4942 1564 4996 interdiceret.
1590 4938 1791 4992 Verum
1819 4938 1924 5004 illi,
1960 4948 2068 4993 tam
2099 4942 2194 4995 ὑθ-

613 5033 912 5084 nerandum
946 5034 1253 5087 mandatum
1277 5034 1461 5089 nescio
1481 5047 1588 5101 quo
1630 5033 1791 5086 modo
1813 5030 1966 5086 ﬂocci
1985 5031 2192 5086 facien-

615 5133 713 5185 tes,
740 5132 834 5176 aut
858 5124 1141 5179 mulierum
1169 5125 1354 5192 specie
1382 5125 1447 5175 ad
1478 5123 1786 5189 voluptates
1838 5121 2069 5177 lascivas
2092 5123 2193 5176 ab-

615 5214 1083 5283 ripiehanlurmut
1114 5215 1345 5271 fortasse
1367 5213 1669 5267 alienorum
1694 5213 1989 5282 amicitias,
2035 5229 2105 5270 ne
2134 5215 2187 5268 in

612 5307 756 5372 ipsos
776 5305 1034 5361 bellarent
1071 5315 1324 5373 tanquam
1350 5303 1461 5369 jam
1490 5302 1669 5356 socios
1709 5314 1760 5357 et
1787 5314 2010 5371 propter
2070 5322 2172 5358 nu-

611 5395 752 5462 ptias
775 5395 1030 5450 aliinitate
1052 5395 1501 5461 conjunmos,ltac
1524 5394 1735 5448 ratione
1760 5404 1980 5463 captare
2004 5398 2190 5451 molie-

612 5485 826 5539 bantur.
860 5487 1011 5553 Quod
1034 5486 1177 5539 aliud
1211 5485 1346 5538 nihil
1377 5495 1493 5539 erat
1516 5501 1678 5553 quam
1751 5484 1856 5538 lide
1917 5488 2188 5543 titubante

612 5576 929 5645 iniuriosius
963 5592 1123 5647 agerc
1162 5593 1283 5632 cum
1318 5576 1444 5642 Deo,
1482 5576 1640 5646 quasi
1666 5577 1757 5644 qui
1794 5591 1887 5632 eos
1949 5577 2016 5632 de
2070 5580 2189 5635 illo-

2293 4954 2321 5004 ὁ
2352 4951 2460 5005 τῶν
2489 4950 2628 5002 ὅλων
2653 4947 2805 5011 Θεὸς,
2835 4946 2911 5010 ὡς
2942 4946 3140 5015 γύναια
3169 4944 3267 5013 μὲν
3309 4940 3681 5010 ἀτιμάζοντας
3700 4939 3817 5004 τὰς
3844 4940 3904 5005 ἐξ

2294 5044 2529 5112 αἵματος
2569 5040 2784 5111 Ἰσραὴλ
2807 5040 2973 5109 ἤγουν
3002 5036 3096 5089 τοῦ
3133 5035 3328 5097 Ἰούδα,
3367 5031 3819 5105 προσκειμένους
3845 5031 3912 5084 δὲ

2294 5135 2522 5197 ἀνοσίως
2553 5135 2673 5195 ταῖς
2716 5131 2825 5184 τῶν
2857 5128 3172 5196 ἀλλοφύλων
3213 5125 3548 5197 θυγατράσι,
3580 5121 3766 5175 καίτοι
3801 5121 3911 5175 τοῦ

2295 5225 2460 5295 νόμον
2489 5224 2589 5293 τὴν
2621 5222 2836 5274 σύνοδον
2866 5219 3301 5286 ἀποφάσκοντος.
3342 5213 3482 5266 Ἀλλ’
3526 5213 3577 5263 oi
3603 5208 3711 5262 τῶν
3741 5209 3916 5263 οὕτω

2298 5309 2512 5365 σεπτῶν
2555 5310 2655 5362 οὐκ
2705 5304 2802 5361 οἷδ’
2851 5308 2999 5369 ὅπως
3048 5304 3515 5373 ὀλιγωρήσαντες,
3548 5300 3581 5348 ἦ
3625 5302 3749 5360 ταῖς
3782 5298 3916 5352 τῶν

2298 5401 2535 5470 γυναίων
2568 5400 2740 5471 ὥραις
2774 5398 2909 5468 πρὸς
2934 5395 3186 5462 ἀσελγεῖς
3211 5393 3405 5463 ἡδονὰς
3441 5388 3909 5471 συν-ηρπάζοντο.

2299 5494 2330 5563 ἢ
2370 5492 2507 5562 τάχα
2540 5509 2645 5544 που
2675 5494 2796 5553 ταῖς
2828 5491 2890 5541 ἐκ
2918 5487 3028 5542 τῶν
3056 5486 3375 5553 ἀλλοφύλων
3406 5466 3613 5552 φιλίᾶις
3642 5479 3910 5550 ὑποτρέ-

2298 5599 2414 5652 χειν
2443 5580 2658 5650 ἦθελον,
2690 5579 2779 5633 ἵνα
2810 5579 2884 5649 μὴ
2923 5576 3184 5647 μάχοιντο
3232 5574 3368 5645 πρὸς
3412 5572 3609 5635 αὐτοὺς
3657 5569 3763 5639 ὡς·
3786 5570 3909 5638 ἤδη

687 5751 729 5783 ’⁵
756 5703 910 5806 bent.
935 5767 973 5814 ι,
1014 5752 1102 5808 l7.
1195 5752 1237 5783 ¹⁶
1271 5755 1313 5808 ι.
1336 5753 1495 5809 Esdr.
1530 5770 1580 5820 κ,
1612 5755 1793 5827 250qq
1821 5775 1835 5820 ;
1867 5757 1907 5811 ll
1937 5759 2084 5815 lisdr.
2127 5776 2190 5813 xr

2294 5760 2303 5810 ἱ
2338 5769 2392 5815 et
2424 5760 2495 5814 ‘25
2520 5773 2706 5827 seqq;
2742 5755 2806 5809 ιιι
2836 5756 2986 5812 lisdr.
3013 5772 3086 5819 ιχ,
3121 5754 3152 5809 9
3176 5770 3326 5822 srqq.
