4098 6478
177 442 288 496 3τ7

1043 435 1600 497 COMMENTARIUS
1646 440 1715 495 ΙΝ
1757 440 2165 498 MALAClllAM
2210 443 2658 501 PROPHETAM.

3367 443 3472 501 318

175 552 540 622 γνωρίμους,
580 553 674 606 καὶ
709 552 810 627 τὴν
851 555 915 608 ἐκ
953 556 1150 626 γάμων
1181 555 1408 628 ἔχοντας
1443 559 1784 629 ἀγχιστείαν.
1818 568 1834 620 ,t

1894 576 2010 614 rmn
2047 575 2208 616 manu
2247 564 2479 632 eripere,
2515 577 2610 618 seu
2649 559 2893 633 polentia
2925 557 3349 627 alienigenarum
3377 573 3474 614 su-

179 642 359 696 Τοῦτο
383 641 442 696 δὲ
478 645 576 697 καὶ
604 645 794 713 ἕτερον
818 643 969 698 οὐδὲν
999 644 1032 716 ἢ
1062 649 1183 710 ταῖς
1212 647 1612 716 δλιγοπιστίαις
1645 647 1781 702 καθ-

178 732 411 805 υΰρίσαι
441 733 608 801 Θεὸν,
643 735 719 800 ὡς
751 735 850 807 τῆς
893 737 1123 790 ἐκείνων
1156 739 1338 810 χειρὸς
1382 740 1662 804 ἐξελέσθαι
1706 743 1781 812 μὴ

178 824 525 895 δυνάμενον,
583 825 756 896 ἦγουν
813 827 1098 897 ἀποφῆναι
1159 830 1478 900 κρείττονας
1548 833 1650 902 τῆς
1720 835 1780 901 ἐξ

181 915 508 984 ἀλλοφύλων
535 916 870 982 πλεονεξίας.
917 918 1139 972 Ἐλῦπει
1171 919 1236 990 δὴ
1277 917 1374 974 οῦν
1417 923 1560 977 κατὰ
1601 924 1782 978 πάντα

184 1011 386 1080 τρόπον
423 1009 488 1062 τὸ
520 1009 716 1080 χρῆμα
757 1010 912 1086 Θεόν.
952 1011 1138 1086 Ταύτῃ
1173 1029 1256 1066 τοι
1285 1015 1508 1086 καὶτῆς
1538 1016 1784 1086 ἐμφύτου

186 1099 581 1172 φιλοστοργίας
607 1100 943 1168 ἀλογοῦντας
971 1101 1217 1170 βλέπων,
1245 1105 1413 1175 φησί·
1450 1125 1470 1158 ι
1491 1108 1628 1176 Οὐχὶ
1651 1107 1784 1172 Θεὸς

179 1187 264 1254 εἷς
314 1191 534 1244 ἔκτισεν
583 1193 760 1263 ὑμᾶςς
794 1194 930 1264 Οὐχὶ
979 1197 1164 1266 πατὴρ
1213 1191 1296 1260 είς
1341 1197 1561 1251 πάντων
1596 1200 1782 1269 ὑμῶν;

178 1282 248 1335 Τί
280 1283 369 1334 ὅτι
415 1283 812 1350 ἐγκατελίπετε
859 1285 1089 1350 ἕκαστος
1122 1287 1215 1341 τὸν
1251 1288 1482 1357 ἀδελφὸν
1529 1289 1724 1354 αὐτοῦς
1758 1310 1778 1342 ι

177 1369 280 1436 Εἷς
309 1374 414 1444 μὲν
443 1374 556 1444 γάρ
580 1377 608 1428 6
641 1375 860 1430 πάντων
886 1377 1003 1430 ἐστὶ
1031 1381 1412 1450 Δημιουργὸς,
1453 1381 1547 1433 καὶ
1588 1381 1707 1444 ἐνὸς
1733 1384 1782 1436 oi

175 1465 390 1527 πάντες
421 1465 718 1531 Δεσπότου,
755 1465 1093 1538 βουλομένου·
1131 1469 1437 1524 συνδεῖσθαι
1464 1471 1527 1526 τὸ
1561 1473 1784 1542 ποιηθὲν

176 1559 262 1618 εὶς
293 1557 497 1610 ἕνωσιν
525 1558 622 1610 καὶ
655 1559 964 1630 δμοψυχίαν
993 1565 1108 1624 τοῖς
1134 1563 1238 1632 τῆς
1270 1564 1492 1635 ἀγάπης
1517 1563 1740 1633 δεσμοῖς
1765 1583 1780 1598 ο

184 1647 244 1699 Εἰ
277 1647 384 1717 μὲν
417 1647 532 1719 γὰρ
563 1644 707 1720 ἦσαν
737 1648 830 1703 δύο
857 1649 970 1704 θεοὶ
1015 1652 1110 1705 καὶ
1139 1651 1342 1724 κύριοι,
1370 1655 1403 1725 ἢ
1436 1655 1530 1708 καὶ
1560 1655 1784 1718 πλείους

187 1739 285 1801 ἐτι.
316 1740 380 1792 τὸ
414 1741 649 1806 ἀπεικὸς
671 1742 828 1796 οὐδὲν
873 1747 996 1808 ταῖς
1019 1743 1130 1798 τῶν
1163 1747 1507 1816 ποιησάντων
1534 1749 1784 1820 γνώμαις

193 1831 777 1903 συγκαταμερίζεσθαι
829 1832 900 1888 τὰ
958 1836 1276 1906 ποιήματα,
1339 1839 1434 1891 καὶ
1483 1839 1584 1910 τὴν
1644 1841 1784 1912 πρὸς

188 1920 390 1992 ἄλληλα
429 1923 626 1978 στάσιν
654 1927 988 1999 εὐαφόρμως
1033 1928 1374 1998 εἰσδέχεσθαι
1395 1930 1587 1992 ,σκατά
1629 1948 1692 2000 γε
1722 1931 1784 1985 τὸ
1818 1913 1860 1966 Β

183 2016 294 2078 τοῖς
343 2017 612 2089 κρατοῦσι
661 2018 875 2073 δοκοῦν.
934 2020 1155 2093 Ἐπειδὴ
1198 2021 1256 2074 δὲ
1304 2015 1385 2085 εἷς
1436 2023 1584 2077 ἐστιν
1625 2025 1654 2077 6
1694 2023 1782 2078 διὰ

179 2107 406 2162 πάντων
443 2110 541 2163 καὶ
575 2111 634 2163 ἐν
661 2112 798 2164 πᾶσι
829 2115 924 2164 καὶ
957 2111 1052 2165 ἐπὶ
1089 2113 1298 2176 πάντας
1330 2113 1484 2178 Θεὸς,
1523 2115 1652 2168 ποία
1701 2133 1784 2180 τις

176 2199 242 2252 ἂν
270 2199 494 2268 γένοιτο
520 2202 620 2272 τῆς
645 2201 914 2274 διχονοίας
942 2205 1249 2275 πρόφασις
1285 2207 1396 2258 Καὶ
1431 2207 1622 2279 ἐπειδὴ
1647 2207 1785 2279 πρὸς

175 2290 362 2363 τούτῳ
407 2293 504 2346 καὶ
549 2287 629 2356 εἷς
680 2295 710 2347 6
759 2296 980 2350 πάντων
1028 2297 1136 2350 τῶν
1175 2297 1445 2351 Ἰουδαίων
1479 2300 1595 2352 ἐστὶ
1643 2298 1786 2354 κατά

179 2386 369 2456 σάρκα
419 2385 626 2458 πατὴρ,
655 2387 928 2452 τουτέστι,
960 2389 987 2442 6
1019 2387 1308 2452 θεσπέσιος
1348 2390 1620 2460 ’Λϐραάμ,
1647 2391 1700 2444 τί
1723 2390 1785 2444 τὸ

175 2477 482 2531 ἀναπεῖθον
503 2481 604 2549 τὴν
633 2479 734 2550 τῆς
765 2481 950 2549 φιλίας
981 2481 1318 2552 εἰσδέχεσθαι
1346 2483 1539 2550 vdo-0v;
1571 2485 1640 2536 Ἦ
1667 2483 1786 2548 πῶς

177 2571 282 2623 οὐκ
315 2570 620 2624 ἀκόλουθον
655 2575 770 2634 τοῖς
816 2573 876 2640 ἐξ
927 2573 1157 2644 αἵματος
1191 2575 1360 2642 ἐγγὺς
1397 2574 1469 2638 ὡς
1514 2577 1572 2627 ὲν
1617 2575 1786 2644 ὀφλή-

175 2680 358 2734 ματος
397 2663 554 2728 τάξει
594 2664 985 2718 κατατίθεσθαι
1027 2666 1125 2737 τὴν
1176 2668 1426 2739 ἀγάπην;
1477 2667 1603 2730 Πῶς
1633 2667 1689 2721 δὲ
1723 2669 1783 2721 οὗ

177 2757 388 2826 μανίας
418 2757 591 2826 ἐγγὺς
631 2759 696 2810 τὸ
737 2760 858 2820 ταῖς
901 2758 1011 2811 τῶν
1045 2759 1362 2828 ἀλλοφύλων
1401 2759 1787 2831 ἐπιμαίνεσθαι

176 2849 520 2921 θυγατράσι,
557 2851 658 2914 τὰς
685 2850 827 2904 οἴκοι
861 2869 916 2905 τε
949 2853 1044 2904 καὶ
1075 2853 1139 2904 ἐκ
1174 2853 1364 2921 γένους
1399 2855 1782 2924 ἀτιμάζοντας,

176 2939 270 2996 ἵνα
303 2942 632 3014 βεϐηλώσῃς
674 2944 847 3015 αὐτὴν
873 2945 1113 2998 διάθεσιν
1141 2946 1321 2998 αὐτῶν
1350 2945 1458 2998 τῶν
1498 2948 1783 3016 πατέρων;

175 3033 546 3105 Τετηρήκασι
589 3037 698 3105 γὰρ
730 3036 930 3088 ἐκεῖνοι
961 3036 1027 3089 τὰ
1053 3039 1163 3100 τοῖς
1190 3036 1358 3102 θείοις
1391 3038 1579 3108 νόμοις
1601 3039 1785 3108 6.1170-

177 3128 435 3198 ρευμένα
465 3128 597 3199 περὶ
635 3127 916 3197 γυναικῶν
945 3128 1189 3182 ὀθνείων.
1215 3130 1452 3184 Ἤκουον
1481 3131 1613 3201 γάρ·
1639 3131 1784 3202 (Τὴν

175 3220 471 3291 θυγατέρα
503 3237 598 3274 σου
633 3221 696 3273 οὐ
734 3219 927 3285 δώσεις
960 3220 1036 3292 τῷ
1067 3221 1168 3292 υἱῷ
1195 3221 1361 3276 αὑτοῦ
1383 3239 1396 3252 ο
1428 3223 1523 3275 καὶ
1547 3223 1646 3286 τὴν
1687 3222 1784 3275 Ου-
1813 3258 1860 3320 C

173 3312 398 3383 γει-τέρα
428 3312 597 3365 αὑτοῦ
627 3313 689 3364 οὐ
721 3311 869 3382 λήψῃ
898 3311 976 3383 τῷ
1008 3311 1108 3384 υίῷ
1150 3330 1265 3366 σου.
1311 3313 1638 3382 ’Λποστήσει
1677 3312 1784 3386 γάρ

173 3405 274 3456 τὸν
321 3402 444 3456 υἱόν
498 3419 592 3455 σου
640 3401 736 3456 ἀπ’
793 3401 951 3472 ἐμοῦ,
1011 3403 1106 3454 καὶ
1164 3401 1450 3472 πορευθεὶς
1497 3401 1786 3472 λατρεύσει

175 3497 327 3558 θεοῖς
376 3496 606 3566 ἑτέροις.
647 3513 666 3546 ι
717 3496 782 3548 υἱ
834 3494 892 3548 δὲ
948 3497 1080 3565 παρ’
1122 3493 1276 3546 οὐδὲν
1322 3492 1681 3564 ποιησάμενοι
1726 3493 1786 3545 τὸ

176 3586 493 3660 χρησμῴδη
504 3605 598 3658 μα,
625 3589 979 3658 πεπατήκασι
1007 3587 1099 3640 τὸν
1130 3587 1314 3658 νόμον,
1340 3588 1452 3651 καὶ,
1473 3587 1536 3639 τὸ
1566 3604 1626 3655 γε
1651 3581 1786 3659 ἧκον

177 3683 262 3744 εἰς
304 3681 534 3744 αὐτοὺς,
573 3681 780 3752 ἀδρανῆ
829 3681 920 3734 καὶ
960 3679 1186 3751 βέϐηλον
1218 3679 1643 3732 ἁποτετελὲκάσι
1689 3677 1788 3748 τὴν

175 3769 480 3841 διαθήκην,
507 3769 804 3834 λυποῦντες
836 3773 956 3832 ταῖς
987 3769 1336 3842 παραϐάσεσι
1365 3769 1474 3822 τῶν
1498 3767 1679 3839 νόμων
1696 3767 1788 3820 τὸν

177 3864 432 3932 ἄριστον.
473 3859 892 3932 Κατατεθηπὼς
926 3861 981 3914 δέ
1013 3860 1203 3932 ὥσπερ
1251 3861 1312 3914 τὸ
1351 3860 1648 3930 δρώμενον,
1695 3859 1788 3912 καὶ

176 3951 516 4022 άδικωτάτῳ
551 3953 697 4022 μίσει
740 3953 1236 4024 πλεονεκτούμενον
1271 3953 1484 4023 βλέπων
1514 3953 1573 4004 τὸ
1601 3953 1661 4018 ἐξ
1705 3951 1789 4003 αἴ·-

179 4062 364 4115 ματος
404 4045 581 4098 Ἰούδα
625 4045 736 4098 τῶν
763 4047 1006 4114 γυναίων
1053 4046 1225 4111 ἔθνος,
1270 4045 1464 4114 ἐπάγει
1495 4046 1586 4098 καί
1615 4061 1783 4114 φησι’

185 4155 202 4187 ι
227 4136 674 4208 Ἐγκατελείνξθη
711 4137 936 4200 Ἰούδας,
973 4157 992 4188 δ
1055 4138 1150 4191 καὶ
1192 4140 1249 4191 ἐν
1289 4139 1400 4198 τοῖς
1440 4137 1787 4188 κατοικοῦσιν

185 4228 580 4300 Ἰερουσαλὴμ,
611 4230 693 4292 Ὢ,
719 4229 877 4300 φησὶ,
923 4229 1226 4300 παραδόξου
1271 4225 1630 4300 πράγματοςί
1685 4225 1786 4279 οῦκ

189 4321 539 4390 Ἀσσυρίοις,
577 4323 638 4375 οὐ
677 4323 938 4391 Πέρσαις.
977 4322 1078 4375 οὐκ
1117 4320 1457 4390 Ἐλαμίταις,
1491 4319 1550 4372 οὐ
1578 4321 1692 4383 τοῖς
1721 4319 1786 4372 ἐκ

171 4411 452 4481 γειτόνων
497 4414 749 4484 ἐχθροῖς,
799 4413 914 4466 ἀλλ’
950 4413 1099 4483 αὖτῷ
1133 4411 1210 4484 τῷ
1250 4411 1489 4484 Ἰσραὴλ,
1537 4412 1631 4466 καὶ
1674 4413 1787 4474 τοῖς

172 4504 508 4558 κατοικοῦσι
543 4505 642 4576 τὴν
683 4505 1041 4578 Ἰερουσαλὴμ
1087 4504 1340 4576 βδελυρός
1388 4521 1449 4558 τε
1500 4507 1594 4558 καὶ
1650 4520 1782 4556 κειτ-

1885 654 2129 721 periores
2171 655 2400 712 reddere
2447 655 2717 724 nequiret.
2771 651 3114 710 Omnimodis
3151 651 3316 720 igitur
3359 648 3472 704 Deo

1885 745 1988 799 ista
2012 761 2097 800 res
2134 746 2370 802 dolebat.
2419 747 2575 805 Unde
2621 761 2715 802 eos
2785 747 3164 817 ingeneratum
3228 756 3470 796 amorem

1885 847 2233 892 contemnere
2255 853 2509 904 cernens,
2540 839 2616 892 ait
2649 857 2663 891 :
2703 855 2722 889 ι
2756 836 2946 890 Nonne
2980 851 3120 888 unus
3143 834 3288 888 Deus
3317 845 3474 886 crea-

1885 928 1962 982 vit
2018 928 2153 984 vos?
2183 928 2376 984 Nonne
2403 929 2564 984 Pater
2594 943 2736 982 unus
2761 925 3048 982 omnium?
3073 924 3210 990 Quid
3238 920 3474 990 estquod

1887 1024 2258 1091 unusquisque
2297 1021 2594 1091 reliquistis
2629 1020 2852 1073 fratrem
2882 1017 3087 1073 suum?
3129 1035 3146 1066 ι
3186 1015 3333 1070 Unus
3389 1021 3476 1067 est

1883 1117 2030 1170 enim
2056 1117 2434 1170 universorum
2465 1114 2666 1184 opifex,
2693 1120 2749 1166 et
2773 1125 2960 1166 omnes
2993 1092 3153 1162 unius
3191 1106 3324 1160 estis
3371 1103 3475 1156 Do-

1886 1208 2038 1270 tnini,
2069 1206 2158 1274 qui
2213 1207 2354 1275 quod
2377 1205 2620 1261 condidit
2647 1212 2712 1258 ait
2741 1203 2996 1257 unionem
3038 1209 3092 1253 et
3123 1197 3470 1253 concordiam

1885 1295 2119 1350 vinculis
2149 1295 2434 1348 cbaritatis
2465 1294 2721 1360 colligare
2761 1293 2892 1344 vult.
2922 1290 3134 1344 Etenim
3179 1292 3227 1340 si
3287 1293 3474 1339 essent

1885 1386 1992 1440 duo
2037 1385 2108 1439 dii
2146 1400 2210 1439 ac
2235 1384 2460 1445 domini,
2491 1395 2581 1437 aut
2616 1383 2780 1436 etiam
2819 1381 3020 1450 plures,
3056 1380 3293 1432 alienum
3337 1373 3470 1427 nihil

1886 1477 2026 1532 foret
2062 1492 2148 1531 res
2177 1477 2424 1530 conditas
2450 1477 2603 1544 juxta
2635 1474 2978 1528 conditorum
3039 1469 3346 1522 voluntates
3393 1455 3474 1518 di-

1883 1567 1992 1622 vidi
2022 1582 2085 1622 ac
2111 1567 2344 1633 secerni,
2368 1576 2420 1620 et
2447 1555 2564 1619 ilevi
2603 1565 2894 1618 occasione
2921 1561 3024 1615 sibi
3082 1561 3316 1613 invicem
3369 1556 3468 1608 ad-

1862 1658 2116 1725 ,versari,
2149 1657 2565 1726 proutdominis
2589 1655 2722 1724 ipsis
2748 1655 2960 1707 liberet.
2988 1651 3256 1718 Quoniam
3289 1656 3473 1700 autent

1886 1766 2026 1806 unus
2052 1760 2134 1805 est
2163 1767 2259 1821 per
2285 1751 2464 1804 omnia
2493 1749 2622 1805 etin
2678 1747 2933 1802 omnibus
2985 1753 3041 1798 et
3096 1756 3259 1810 super
3292 1737 3475 1792 omnia

1889 1845 2028 1898 Dens
2067 1843 2132 1911 ³⁷,
2171 1857 2290 1911 quae
2319 1842 2535 1895 tandem
2568 1855 2691 1895 esse
2719 1848 2884 1908 queat
2920 1833 3288 1890 dissensionis
3317 1844 3479 1885 occa-

1887 1935 2094 1991 sio?Et
2126 1933 2380 2004 quoniam
2411 1933 2634 2001 insuper
2659 1946 2799 1984 unus
2849 1937 2934 1983 est
2981 1927 3226 1983 omnium
3257 1921 3478 1976 Iudaeo—

1889 2044 2008 2084 rum
2045 2036 2199 2098 pater
2215 2025 2513 2080 secundum
2545 2039 2796 2087 carnem,
2829 2021 3046 2074 divinus
3074 2031 3268 2084 nempe
3299 2014 3478 2067 Abra-

1887 2122 2034 2186 ham,
2094 2119 2224 2190 quid
2280 2125 2364 2172 est
2413 2119 2556 2186 quod
2619 2114 2914 2169 amicitiam
2966 2105 3305 2164 labefactet?
3367 2107 3479 2159 Aut

1887 2213 2158 2283 quomodo
2177 2223 2513 2278 consequens
2536 2222 2640 2260 non
2671 2215 2754 2260 est
2784 2199 3202 2272 consanguineis
3234 2210 3475 2250 amorem

1887 2314 1943 2360 ut
1974 2303 2216 2358 debitum
2263 2298 2610 2370 perSUlvere?
2643 2295 2925 2364 Quomodo
2953 2302 3132 2346 autem
3184 2304 3288 2342 non
3340 2299 3479 2356 pene

1885 2395 2172 2459 furiosum,
2201 2391 2518 2448 domesticis
2558 2398 2612 2443 et
2645 2403 2710 2443 ex
2739 2387 2928 2442 eodem
2953 2392 3164 2454 'genere
3201 2374 3478 2448 prognatis

1887 2485 2205 2556 coniugibus
2236 2485 2528 2552 despectis,
2551 2494 2716 2550 super
2736 2489 3046 2532 exterorum
3085 2471 3295 2525 tiliabus
3335 2468 3481 2520 insa-

1888 2555 2090 2643 [ῆι-ρ,ιὴ
2122 2585 2502 2630 testamentum
2537 2573 2712 2639 ipsum
2741 2576 2955 2636 patrum
2993 2559 3162 2633 842
3185 2555 3482 2627 proiancs?

1884 2669 2156 2725 Iliisenim
2178 2666 2375 2722 divinis
2398 2663 2602 2735 legibus
2624 2661 2689 2716 de
2744 2657 3044 2728 peregrinis
3085 2651 3346 2706 uxorile
3397 2647 3480 2700 in-

1890 2764 2118 2818 terdicta
2143 2770 2450 2816 servarunt.
2486 2750 2952 2812 Audiebantenitn
2983 2767 2996 2802 :
3041 2765 3060 2798 ς
3100 2743 3293 2799 Filiam
3329 2749 3477 2794 tu-uu

1891 2871 1996 2910 non
2040 2853 2193 2907 dabis
2225 2852 2334 2904 tilio
2369 2849 2485 2916 ejus
2518 2867 2532 2901 :
2579 2857 2630 2900 ct
2685 2845 2847 2898 tiliam
2887 2839 3058 2909 ipsius
3088 2852 3192 2890 non
3237 2831 3476 2899 accipies

1888 2945 2000 2998 tilio
2039 2952 2151 2995 tuo.
2191 2939 2424 2992 Seducet
2445 2935 2592 2990 enim
2627 2935 2792 2986 tilium
2825 2941 2974 2984 tuum
3011 2944 3038 2980 ο
3075 2942 3180 2992 me,
3209 2936 3258 2976 et
3285 2923 3478 2974 abiens

1888 3037 2090 3092 serviet
2113 3033 2218 3086 diis
2249 3029 2448 3084 alienis
2472 3026 2538 3081 ¹⁸.
2569 3044 2588 3078 ι
2630 3025 2731 3078 Ast
2766 3023 2818 3076 bi
2851 3019 3130 3076 oraculum
3177 3013 3330 3068 nihili
3393 3010 3476 3064 ia—

1889 3130 2096 3181 cientes
2127 3125 2299 3194 lcgem
2329 3119 2744 3179 conculcarunt,
2809 3123 2866 3168 et
2921 3120 3184 3182 quantum
3243 3107 3297 3160 in
3345 3105 3479 3173 ipsis

1891 3221 1994 3275 fuit
2018 3225 2400 3273 tcsmmentum
2426 3212 2794 3270 intirmarnnt,
2823 3214 2876 3260 et
2909 3203 3195 3272 profanum
3223 3197 3478 3254 reddide-

1891 3325 2038 3378 runt,
2067 3325 2188 3365 cum
2221 3307 2310 3377 qui
2347 3303 2590 3374 optimus
2623 3310 2706 3357 est
2739 3299 2918 3368 legum
2943 3295 3236 3349 violatione
3270 3288 3481 3344 contri-

1889 3413 2114 3459 stantes.
2167 3399 2584 3468 Obstnpet'actus
2675 3398 2854 3446 autem
2919 3383 3312 3458 propemodum
3387 3378 3479 3434 tali

1890 3497 2056 3564 facto,
2083 3505 2135 3548 et
2165 3494 2292 3548 odio
2349 3485 2692 3556 iniquissimo
2733 3496 2906 3552 genus
2958 3477 3243 3532 mulierum
3292 3470 3482 3525 Judai-

1889 3607 2074 3648 carum
2111 3597 2430 3658 oppressum
2465 3593 2719 3643 cernens,
2743 3577 2856 3628 haec
2889 3571 3080 3626 addit:
3120 3587 3139 3620 ι
3179 3565 3483 3621 Derelictus

1889 3695 1969 3739 est
1999 3681 2186 3743 Judas,
2219 3695 2237 3730 ι
2271 3688 2321 3732 et
2351 3675 2494 3743 apud
2523 3671 2834 3725 habitantes
2869 3661 3198 3724 Jerusalem,
3233 3673 3266 3712 o
3332 3669 3472 3719 rem,

1891 3777 2086 3847 inquit,
2120 3767 2485 3840 inopinatam!
2529 3779 2634 3819 non
2671 3762 2812 3830 apud
2863 3759 3142 3828 Assyrios,
3187 3767 3294 3807 non
3347 3749 3482 3804 Per-

1890 3885 2002 3932 sas,
2035 3883 2138 3920 uou
2163 3864 2448 3922 Elatnitas,
2487 3873 2591 3911 non
2623 3853 2833 3908 vicinos
2863 3851 3070 3913 hostes,
3095 3845 3190 3901 sed
3240 3843 3295 3896 in
3362 3841 3480 3910 ipso

1888 3957 2054 4016 Israel
2093 3967 2148 4012 et
2204 3954 2580 4010 habitantibus
2623 3947 2931 4004 Jerusalem
2987 3935 3374 3997 abominabilis
3424 3943 3480 3988 et

1887 4050 2112 4105 odiosus
2143 4047 2316 4101 iactus
2344 4055 2447 4108 est,
2478 4045 2528 4096 id
2561 4051 2663 4104 est,
2695 4055 2867 4111 genus
2893 4051 2960 4090 ex
2997 4032 3133 4087 .luda
3182 4041 3236 4083 et
3286 4025 3482 4081 mulie-

1890 4157 2006 4195 rum
2037 4138 2485 4210 propinquiorum
2515 4132 2702 4186 infelix
2733 4125 3050 4182 multitudo.
3109 4119 3265 4174 Scire
3297 4124 3477 4170 autem

1887 4234 2014 4290 licet
2033 4231 2280 4286 lsraelem
2303 4227 2484 4282 vocari
2511 4229 2693 4279 decem
2721 4221 2896 4275 tribus
2922 4230 3066 4287 qum,
3089 4223 3216 4267 ante
3234 4219 3480 4274 tempora

1889 4322 2240 4393 captivitatis,
2277 4317 2581 4373 Samariam
2609 4311 2938 4375 incolebant,
2969 4321 3105 4374 quas
3159 4311 3209 4357 ct
3267 4300 3478 4368 primus

1889 4386 2234 4484 ita-Assyrios
2261 4419 2316 4464 et
2346 4407 2530 4462 Medos
2579 4403 2935 4458 Salmanasar
2968 4393 3248 4452 transtulit
3271 4391 3337 4444 ⁸⁸.
3375 4386 3482 4441 Ha-

1889 4479 2128 4562 bitantes
2164 4516 2290 4556 vero
2324 4497 2625 4554 Jerusalem
2654 4493 2776 4548 iltos
2797 4491 3043 4546 nominat
3109 4500 3245 4554 quos
3301 4479 3484 4535 Nabu-

167 4596 504 4667 ηχθημένος
528 4599 752 4668 γέγονεν
780 4600 808 4652 ὁ
847 4599 1068 4662 Ἰούδας,
1105 4613 1401 4660 τουτεστιν,
1433 4597 1494 4649 τὸ
1521 4597 1580 4662 ἐξ
1613 4595 1783 4650 Ἰούδα
1815 4601 1834 4654 1

1889 4596 2252 4656 chodonosor,
2291 4599 2533 4658 tempore
2587 4595 2876 4654 posuemze
2937 4573 3304 4645 captivitatis.
3350 4568 3484 4622 sub-

165 4661 349 4758 jévoe‘
371 4689 468 4742 καὶ
503 4661 550 4762 ἡ⁷
575 4661 685 4744 1:th
712 4691 1055 4762 ἀγχιστέρων
1090 4689 1328 4759 γυναίων
1357 4688 1518 4744 ἀθλία
1547 4687 1776 4759 πληθύς.

1886 4686 2118 4773 iugavit,
2141 4681 2516 4749 Hierosolyma
2550 4687 2604 4732 et
2631 4677 2746 4744 ipso
2776 4673 2955 4726 divino
2999 4665 3198 4734 templo
3222 4661 3480 4727 incensis,

179 4782 400 4834 ἰστέον
431 4781 489 4834 δὲ
520 4754 604 4836 δτι
642 4754 862 4854 ἰσρᾷἷλ
891 4754 989 4852 μέν
1016 4754 1275 4852 ὀνομάζει
1304 4781 1406 4846 τὰς
1443 4782 1576 4836 δέκα
1606 4754 1782 4850 φυλὰς

1886 4754 2024 4850 qtms
2057 4788 2113 4832 et
2163 4777 2214 4830 in
2276 4773 2606 4844 Babylonem
2661 4768 2888 4820 abduxit
2918 4763 2987 4818 ³ο.
3019 4762 3255 4814 Accusat
3291 4754 3480 4820 igitur,

163 4872 231 4926 αἳ
267 4875 673 4943 κατῳκήκασιν
696 4873 754 4928 ἐν
777 4877 843 4946 τῇ
873 4875 1180 4946 Σαμαρείᾳι
1200 4875 1306 4946 πρδ
1338 4875 1446 4929 τῶν
1468 4875 1570 4944 τῆς
1625 4875 1780 4942 “EX?”

1889 4869 1998 4922 imo
2029 4879 2156 4920 vero
2177 4879 2280 4917 non
2309 4841 2502 4916 leviter
2527 4873 2622 4913 ens
2655 4858 2958 4912 insectatur
3001 4849 3168 4922 quod,
3243 4841 3484 4900 dimissis

164 4959 423 5024 αλωσίας
457 4962 688 5030 καιρῶν,
717 4961 786 5025 ἃς
816 4963 910 5015 καὶ
944 4963 1162 5033 πρῶτον
1199 4965 1479 5034 ἀπῴκισεν
1500 4965 1528 5016 6
1563 4961 1782 5032 Σαλμα-

1889 4957 2131 5014 ex’Juda
2163 4955 2448 5016 uxoribus,
2495 4967 2561 5005 ex
2597 4947 2915 5017 alienigenis
2950 4951 3242 5013 prognatas
3280 4933 3486 4991 nefarie

171 5053 358 5124 νασάρ
393 5055 479 5117 είς
518 5055 846 5125 Ἀσσυρίους
883 5055 977 5109 καὶ
1017 5057 1258 5128 Μήδους.
1292 5033 1430 5119 Τοὺς
1458 5055 1516 5108 δέ
1550 5073 1614 5124 γε
1648 5073 1780 5108 κατ-

1891 5053 2224 5114 asciverant,
2253 5044 2503 5117 quamvis
2533 5043 2776 5110 paternis
2815 5039 2930 5092 suis
2967 5033 3228 5094 muribus,
3261 5037 3320 5083 ut
3358 5036 3485 5080 ante

180 5146 474 5210 οικοῦντας
515 5146 872 5217 Ἰερουσαλὴμ
907 5149 1152 5206 ἐκείνους
1189 5144 1326 5201 εἷναί
1353 5165 1488 5218 φησι
1518 5146 1614 5210 οὓς
1637 5141 1784 5200 εἷλεν

1891 5145 2024 5207 dixi,
2051 5141 2314 5197 tenaciter
2336 5139 2763 5199 adhaerentes,et
2786 5134 2838 5186 in
2862 5144 3023 5186 caeno
3045 5121 3374 5182 idololatria:
3389 5117 3485 5173 ad-

177 5236 206 5287 ὁ
233 5237 747 5308 Ναϐουχοδονόσορ,
795 5239 936 5294 κατὰ
969 5241 1062 5293 τὸν
1093 5239 1284 5308 καιρὸν
1330 5239 1432 5306 τῆς
1465 5239 1785 5303 τελευταίας

1894 5239 1998 5292 huc
2034 5249 2156 5290 sese
2187 5232 2520 5287 Volutautes.

171 5334 602 5403 αἰχμαλωσίας,
636 5337 1037 5406 κατεμπρήσας
1067 5335 1136 5389 τὰ
1172 5335 1543 5406 Ἱεροσόλυμα,
1571 5336 1663 5388 καὶ
1699 5336 1862 5388 αὑτὸν
1889 5334 1946 5387 δὲ
1976 5333 2068 5386 τὸν
2133 5330 2276 5384 θεῖον
2337 5326 2636 5398 ἐμπρήσας
2700 5321 2854 5386 ναὸν,
2887 5319 2985 5382 οὒς
3019 5315 3115 5371 καὶ
3148 5309 3486 5376 ἀπεκόμισεν

172 5423 258 5484 εἰς
293 5421 622 5477 Βαϐυλῶνα.
655 5396 931 5488 Αίτιδίται,
963 5396 1164 5493 μάλλον
1186 5396 1324 5477 δὲόὺ
1359 5396 1588 5494 μετρίαν
1647 5423 1825 5476 αὐτῶν
1864 5425 2101 5476 ποιεῖται
2121 5420 2222 5490 τὴν
2244 5396 2519 5488 καταϐοὴν
2579 5416 2662 5468 ὅτι
2691 5413 2780 5484 δὴ,
2815 5409 3073 5482 μεθέντες
3098 5405 3196 5466 τὰς
3227 5399 3286 5464 ἐξ
3313 5396 3483 5451 Ἰούδα

173 5519 482 5582 γυναῖκας,
527 5517 866 5588 είσεδέχοντο
899 5515 1234 5586 παρανόμως
1274 5514 1374 5576 τὰς
1400 5517 1464 5568 ἐκ
1520 5513 1628 5566 τῶν
1672 5513 2008 5583 ἀλλοφύλων,
2043 5510 2244 5572 καίτοι,
2301 5507 2556 5578 καθάπερ
2608 5506 2708 5578 ἤδη
2779 5503 3060 5575 προεῖπον,
3079 5495 3188 5550 τῶν
3213 5487 3484 5563 πατρῴων

173 5611 326 5666 ἐθῶν
371 5610 550 5680 ἀπρὶξ
597 5609 889 5681 ἐχομένας,
941 5611 1040 5663 καὶ
1075 5611 1190 5672 τοῖς
1235 5609 1334 5679 τῆς
1383 5607 1832 5679 είδωλολατρείας
1871 5606 2156 5678 βορϐόροις
2187 5602 2682 5673 ἐγκυλινδουμένας
2713 5599 2815 5654 ἔτι.

210 5756 220 5765 .
249 5705 728 5779 Παραφυλακτίον
760 5703 818 5757 δὲ
851 5704 944 5756 καὶ
971 5705 1104 5774 ἡμῖν
1130 5702 1314 5765 αὐτοῖς
1336 5703 1450 5765 τοῖς
1477 5703 1534 5754 ἐν
1560 5699 1782 5770 Χριστῷ

1961 5699 2270 5753 Cavendum
2297 5706 2480 5751 autem
2504 5704 2558 5747 et
2585 5691 2742 5746 nobis
2783 5689 2914 5760 ipsis
2947 5688 3000 5742 in
3027 5684 3248 5743 Christo
3275 5679 3483 5752 iustiti—

1473 5879 1512 5908 ”
1542 5875 1602 5931 IV
1640 5880 1770 5947 ilcg.
1805 5891 1955 5941 xvttt,
1989 5873 2022 5930 9
2085 5891 2238 5944 seqq.
2321 5872 2366 5906 ³⁸
2389 5870 2453 5925 1¹ν¹
2489 5871 2621 5937 Reg.
2659 5882 2786 5930 xxv,
2818 5865 2851 5918 9
2880 5879 3036 5933 seqq.

249 5888 294 5920 "
333 5885 540 5952 Ephes.
575 5901 646 5950 tv,
685 5884 743 5940 6.
827 5882 867 5913 ’³
905 5883 1060 5936 Dent.
1091 5897 1185 5948 HI,
1215 5879 1268 5944 5,
1304 5879 1354 5932 μί.
