4098 6472
621 396 725 452 διο

1638 406 1696 461 S.
1740 407 2020 464 CYRlLLl
2057 407 2530 467 ALEXANDRINI
2571 413 2898 470 ARCHIEP.

3794 419 3900 477 520

615 512 756 566 catis
778 519 853 580 et,
881 527 977 582 per
1006 512 1163 570 tidem
1192 515 1245 569 in
1269 515 1465 586 ipsum,
1487 521 1659 575 sancti
1684 521 1919 592 Spiritus
1944 539 2180 579 commu-

2291 523 2756 599 δεδικαιωμένοις,
2791 527 2893 582 καὶ
2921 527 3010 581 διὰ
3034 527 3130 597 τῆς
3180 528 3259 591 είς
3305 527 3470 583 αὑτὸν
3504 531 3745 607 πίστεως
3794 534 3897 604 τὴν

618 600 833 656 nionem
866 603 1171 659 consecutis
1206 604 1272 671 ",
1300 619 1366 659 ne
1398 607 1854 663 commisceamur
1876 610 2202 679 quibusdam

618 706 779 745 sensu
810 695 1097 761 perversis,
1115 705 1168 749 et
1186 706 1366 750 mente
1392 698 1655 765 profanis,
1677 711 1732 754 et
1766 716 1794 754 a
1821 702 1925 758 lide
1943 720 2200 774 germana

619 780 833 838 alienis.
865 782 927 836 Hi
949 785 1091 838 enim
1115 789 1581 862 suntalicnigenae
1627 803 1681 849 et
1718 794 1898 865 lingua
1955 796 2198 868 barbari,

615 880 671 926 et
705 889 954 941 perversa
990 877 1303 946 loquuntur.
1328 883 1459 938 Cum
1482 887 1678 955 quibus
1693 889 1784 958 qui
1811 893 2197 947 commercium

618 963 884 1030 habuerit,
920 966 1222 1025 lcedissime
1248 973 1538 1041 polluetur.
1576 977 1851 1048 Scriptum
1886 991 1973 1035 est
2006 983 2152 1037 enim
2180 999 2195 1038 :

620 1072 641 1105 ε
678 1054 777 1121 Qui
814 1059 1051 1128 tetigerit
1092 1063 1268 1130 picem
1316 1066 1684 1137 inquinabitur
1716 1073 1785 1126 ab
1829 1088 1893 1129 ea
1928 1075 1992 1126 ³³.
2062 1076 2195 1139 Cum

616 1147 1182 1216 ergoliceatl'ructum
1237 1154 1381 1211 ferre
1439 1161 1795 1223 spiritualiter
1846 1165 1900 1219 in
1934 1167 2197 1225 Ecclesiis

615 1236 835 1306 Christi,
867 1256 989 1310 quae
1016 1247 1153 1301 ratio
1178 1245 1341 1303 fuerit
1373 1252 1510 1308 velle
1535 1254 1695 1310 aliter
1747 1257 1895 1314 velut
1927 1261 2194 1329 copulari,

614 1340 669 1385 et
694 1337 1095 1394 communicare
1133 1342 1374 1411 profanis
1402 1350 1716 1421 synagogis,
1742 1360 1799 1407 et
1817 1354 2193 1411 universorum

615 1419 782 1478 Deum
812 1427 1072 1485 adversus
1096 1447 1155 1487 se
1182 1439 1542 1505 exasperare?

681 1723 846 1796 843
881 1727 1044 1786 Vens.
1077 1731 1166 1798 Η,
1231 1737 1315 1805 12.
1390 1738 1530 1804 Quia
1588 1750 1963 1805 contaminavit
2013 1753 2188 1815 ludas

2304 616 2398 669 τοῦ
2459 617 2616 686 ἁγίου
2682 617 3001 688 Πνεύματος
3060 617 3287 688 λαχοῦσι
3357 619 3597 689 μέθεξιν,
3662 623 3724 676 τδ
3782 625 3907 680 ἐπι-

2307 709 2602 778 μίσγεσθαι
2645 727 2809 774 τισιν,
2854 712 3016 780 οἵπερ
3062 710 3129 764 ἂν
3177 705 3288 765 εἶεν
3322 711 3754 784 διεστραμμένοι
3804 718 3900 771 τὸν

2302 799 2427 851 νοῦν
2469 800 2689 870 βέϐηλοι
2717 818 2778 855 τε
2804 800 2905 864 τὰς
2934 800 3172 871 φρένας,
3203 802 3296 855 xai
3331 800 3430 872 τὴν
3464 804 3648 857 πίστιν
3678 804 3900 875 ἔχοντες

2300 889 2401 941 οὐκ
2429 888 2614 959 ὀρθήν.
2636 890 2970 958 Ἀλλογενείς
3003 890 3110 961 γὰρ
3143 884 3292 945 οὗτοι
3327 892 3423 944 καὶ
3453 890 3895 965 βαρϐαρόφωνοι,

2301 980 2396 1032 καὶ
2445 980 2735 1043 λαλοῦντες
2794 980 3231 1050 διεστραμμένα.
3289 975 3385 1044 Οἷς
3438 984 3488 1035 εἰ
3548 984 3899 1054 ὲπιμίσγοιτό

2298 1088 2406 1137 τις,
2472 1073 2647 1141 πάντη
2692 1089 2751 1126 τε
2811 1072 2905 1126 καὶ
2953 1072 3172 1136 πάντως
3222 1075 3753 1146 καταμιανθήσεται.
3805 1078 3900 1131 Γέ-

2298 1180 2543 1234 γραπται
2591 1165 2727 1235 γάρ·
2773 1186 2791 1217 ι
2838 1167 2894 1219 '0
2939 1166 3248 1236 ἁπτόμενος
3308 1167 3512 1237 πίσσης
3558 1168 3897 1238 μολυνθήσεδ

2295 1271 2407 1308 ται.
2445 1273 2464 1305 ι
2512 1254 2663 1321 Ἐξὸν
2713 1252 2806 1310 οὖν
2852 1256 2959 1328 ἄρα
3012 1258 3383 1328 καρποφορεῖν
3417 1257 3626 1327 νοητῶς
3667 1260 3726 1313 ὲν
3768 1260 3896 1313 Ἐκ-

2297 1345 2547 1415 κλησίαις
2591 1347 2867 1417 Χριστοῦ,
2932 1350 3013 1411 τίς
3059 1348 3169 1418 γὰρ
3210 1348 3277 1400 ἂν
3324 1348 3535 1417 γένοιτο
3590 1349 3747 1418 λόγος
3797 1352 3895 1405 τοῦ

2267 1436 2472 1491 ’θέλειν
2500 1439 2699 1508 ἑτέρως
2734 1440 2897 1493 οἱονεί
2938 1458 3055 1505 πως
3081 1441 3453 1496 συνάπτεσθαι
3489 1443 3585 1496 καὶ
3610 1446 3898 1497 κοινωνεῖν

2212 1526 2217 1530 ’
2297 1524 2547 1596 βεϐήλοις
2592 1532 2938 1595 συναγωγαῖς
3006 1530 3103 1582 καὶ

3178 1531 3513 1602 καταθήγειν
3553 1534 3640 1602 ἐφ’
3675 1534 3895 1596 ἑαυτοῖς

2293 1616 2383 1668 τὸν
2413 1616 2521 1669 τῶν
2550 1618 2687 1671 ὅλων
2711 1618 2882 1683 Θεόν;

2364 1751 2517 1803 Διότι
2561 1751 2941 1818 ἐϐεϐήλωσεν
2975 1754 3217 1827 Ἰούδας⁸
3237 1753 3311 1808 τὰ
3341 1754 3481 1825 ἅγια
3513 1756 3755 1824 Κυρίου,
3788 1758 3892 1813 καὶ

611 1828 792 1867 sancta
820 1817 1046 1886 Domini,
1076 1833 1123 1877 ct
1159 1827 1346 1895 quibus
1372 1830 1581 1897 dilexit,
1612 1845 1661 1888 et
1701 1840 1904 1894 studuit
1948 1844 2003 1897 in
2062 1846 2180 1900 deos

2290 1835 2382 1907 οἷς
2419 1817 2729 1910 ἠγάπησε,
2761 1843 2860 1896 καί
2892 1817 3304 1911 ἐπετήδευσεν
3346 1817 3435 1911 είς
3485 1817 3662 1912 θεούς
3699 1817 3892 1900 ἀλλο-

611 1904 828 1961 alienos.
864 1908 1135 1979 Disperdct
1168 1916 1425 1975 Dominus
1450 1925 1711 1979 hominem
1744 1930 1834 1993 qui
1884 1932 2016 2002 facit
2056 1938 2189 2003 haec,

609 1997 772 2050 donec
817 1999 1126 2070 huntilictur
1189 2024 1255 2062 ea:
1333 2014 1690 2073 tabernaculis
1744 2021 1934 2089 Jacob,
2009 2039 2056 2080 et
2130 2048 2194 2084 ex

605 2087 687 2141 his
757 2093 847 2161 qui
928 2096 1161 2163 offerunt
1225 2106 1548 2175 sacri/icium

1654 2111 1879 2171 Domino
1953 2125 2190 2193 omnipo—

607 2181 754 2235 tanti.

676 2294 865 2353 XXVI.
890 2300 1148 2361 Odiosum
1182 2308 1382 2366 factum
1433 2315 1508 2368 ait
1560 2316 1777 2385 ludam,
1812 2339 1920 2378 non
1946 2327 2015 2381 ab
2082 2329 2189 2385 alio

605 2383 1058 2460 alienigenarum,
1093 2400 1189 2451 sed
1220 2401 1288 2454 ab
1329 2401 1446 2471 ipso
1466 2402 1625 2474 Juda,
1656 2383 2082 2481 qui-profanarit

604 2490 748 2544 gem.
780 2490 836 2533 et
875 2483 1232 2542 declinaverit
1260 2493 1326 2544 ad
1363 2498 1623 2553 amandas
1662 2502 1917 2560 mulieres
1946 2512 2186 2580 peregri-

604 2581 720 2631 nas,
753 2578 806 2623 et
829 2572 895 2626 ad
927 2573 1117 2631 iisdem
1148 2583 1560 2649 gratiﬁcandnm
1595 2590 1646 2644 in
1704 2596 1977 2661 omnibus,
2032 2616 2186 2655 ama-

604 2661 848 2730 veritque
874 2666 1231 2726 defectionem
1262 2691 1290 2729 a
1320 2677 1448 2743 Deo,
1474 2690 1529 2734 et
1559 2696 1619 2737 se
1643 2685 1880 2743 cultibus
1916 2690 2180 2749 idolorum

603 2748 899 2810 devoverit.
949 2755 1183 2816 Adducti
1237 2775 1364 2819 sunt
1392 2770 1537 2825 enim
1595 2787 1660 2827 eo
1690 2776 1932 2844 quidam,
1962 2791 2021 2835 ut
2046 2784 2179 2850 dixi,

600 2855 885 2908 sequentes
911 2863 1050 2918 quas
1077 2855 1177 2910 sibi
1209 2856 1411 2928 injusto
1447 2866 1795 2923 matrimonio
1814 2874 2179 2944 sociaverant,

598 2940 653 2982 et
681 2945 866 2989 earum
887 2940 1151 2998 voluntati
1183 2960 1279 3012 per
1295 2951 1474 3004 omnia
1494 2954 1951 3017 obsecundantes.
2024 2964 2180 3022 Sicut

602 3020 854 3079 nimirum
881 3029 1044 3084 etiam
1080 3035 1131 3088 in
1163 3036 1378 3103 Settint,
1434 3043 1804 3114 iungebantur
1853 3052 2180 3113 Madianita-

601 3127 719 3166 rum
753 3116 869 3172 sive
892 3119 1246 3182 Moabitarum
1273 3131 1486 3189 liliabus
1517 3138 1608 3205 qui
1635 3156 1698 3194 ex
1729 3140 1967 3213 Egypto
2020 3148 2175 3204 liberi

2295 1934 2520 2002 τρὶους.
2557 1934 3004 2003 Ἐξολοθρεύσει
3048 1938 3263 2005 Κύριος
3297 1938 3404 1992 τὸν
3432 1937 3748 2005 ἄνθρωπον
3783 1939 3895 1992 τὸν

2294 2025 2584 2079 ποιοῦντα
2628 2026 2845 2091 ταῦτα,
2877 2027 2988 2093 ἕως
3026 2027 3121 2083 καὶ
3165 2027 3499 2097 ταπεινωθῇ
3539 2029 3606 2081 ἐκ
3652 2042 3894 2094 σκηνω-

2287 2116 2493 2184 μάτων
2537 2116 2756 2180 Ἰακὼϐ,
2802 2118 2899 2170 καὶ
2939 2118 3008 2171 ἐκ
3061 2120 3493 2189 προσαγόντων
3536 2118 3757 2173 θυσίαν
3812 2116 3895 2181 τῷ

2293 2208 2492 2274 Κυρίῳ
2528 2207 2985 2277 παντοκράτορι.

2364 2318 2510 2385 KG".
2552 2319 2908 2389 Μεμισῆσθαί
2953 2315 3218 2391 φησι’τδν
3254 2322 3476 2386 Ἰούδαν,
3503 2324 3564 2376 οὐ
3606 2325 3738 2395 παρ’
3764 2322 3887 2376 ἑτέ-

2293 2425 2386 2477 ρου
2411 2425 2503 2460 του
2533 2409 2642 2462 τῶν
2664 2410 2989 2479 ἀλλογενῶν,
3018 2411 3155 2466 ἀλλὰ
3192 2415 3322 2482 παρ’
3354 2413 3521 2467 αὐτοῦ
3555 2413 3650 2467 τοῦ
3689 2412 3884 2478 Ἰούδα,

2290 2499 2702 2570 βεϐηλώσαντος
2738 2502 2829 2555 τὸν
2863 2503 3045 2571 νόμον,
3080 2503 3167 2557 διά
3216 2522 3280 2573 γε
3324 2503 3418 2558 τοῦ
3458 2504 3887 2578 προσκεκλίσθαι

2288 2591 2462 2658 φιλεῖν
2492 2595 2757 2660 γυναῖκας
2788 2592 3024 2657 ὀθνείας,
3053 2594 3147 2647 καὶ
3179 2593 3248 2647 τὰ
3283 2596 3508 2649 ἐκείνων
3542 2595 3758 2649 ἑλέσθαι
3790 2595 3889 2668 ζη-

2284 2685 2421 2746 τεῖν,
2448 2682 2735 2752 ἀγατεὴσαί
2766 2699 2825 2736 τε
2852 2684 2952 2756 τὴν
2991 2686 3293 2740 ἀπόστασιν
3317 2686 3416 2758 τὴν
3456 2688 3562 2741 ἀπὸ
3602 2687 3694 2739 τοῦ
3723 2685 3885 2750 Θεοῦ,

2285 2771 2382 2825 καὶ
2416 2774 2535 2835 ταῖς
2576 2770 2686 2826 τῶν
2735 2771 2969 2826 εἰδώλων
3006 2775 3361 2845 προσκεῖσθαι
3408 2775 3704 2845 λατρείαις.
3749 2775 3884 2829 ’Λπ-

2285 2864 2606 2935 εκυμίζοντο
2637 2864 2768 2936 γὰρ,
2793 2864 2870 2928 ὡς
2907 2866 3067 2938 ἔφην,
3099 2868 3234 2939 πρὸς
3261 2867 3421 2922 τοῦτό
3454 2886 3596 2931 τινες
3623 2870 3747 2930 ταῖς
3774 2886 3883 2920 πα-

2285 2956 2536 3028 ρανόμως
2573 2959 3051 3029 συνηρμοσμέναις
3085 2960 3366 3030 ἑπόμενοι,
3391 2962 3485 3014 καὶ
3514 2962 3624 3024 τοῖς
3655 2958 3885 3014 ἐκείνων

2283 3047 2548 3119 θελήμασι
2599 3049 2775 3102 πάντα
2813 3049 3050 3115 σείοντες
3102 3050 3304 3106 κάλων.
3370 3051 3641 3121 Καθάπερ
3685 3050 3885 3121 ἀμέλει

2281 3137 2375 3189 καὶ
2409 3138 2466 3190 ὲν
2517 3138 2753 3201 Σεττεὶν,
2808 3140 3147 3210 συνήπτοντο
3207 3141 3309 3212 μὲν
3361 3145 3480 3204 ταῖς
3529 3140 3884 3196 Μαδιανιτῶν

600 3205 851 3275 exibant;
887 3214 977 3279 qui
1007 3217 1166 3283 paulo
1191 3232 1309 3289 post
1332 3238 1397 3277 eo
1431 3226 1772 3284 delirationis
1875 3205 2178 3305 impietatis

2281 3230 2400 3300 ἦτοι
2430 3230 2738 3283 Μωαϐιτῶν
2772 3205 3018 3299 γυναιξὶν
3053 3235 3101 3285 oi
3134 3205 3502 3304 éﬁ'Alyu'ntou
3536 3234 3888 3306 λελυτρωμέ-

598 3296 872 3369 abierttnt,
900 3316 957 3358 ut
986 3310 1515 3371 etiaminitiarentur
1552 3319 1910 3394 Beelpltegor.
1952 3296 2181 3401 l’rnpter

600 3387 754 3443 istud.
772 3393 975 3451 crimen
1008 3400 1189 3456 ntiseri
1217 3407 1562 3474 perierunt".
1594 3410 1776 3481 Itaque
1807 3418 2177 3477 universorum

600 3476 742 3535 Dcus
776 3483 888 3541 lucc
919 3488 1207 3547 facientem
1236 3506 1287 3550 et
1321 3514 1543 3567 operum
1581 3506 1717 3561 adeo
1746 3508 2052 3567 illicitorum
2078 3516 2180 3569 im-

596 3571 682 3637 pie
704 3579 1003 3636 studiosum
1030 3597 1379 3657 exsecratur;
1406 3604 1458 3647 et
1479 3596 1523 3649 si
1548 3598 1764 3666 quidem
1807 3601 1967 3657 fuerit
1998 3607 2061 3660 dc
2080 3624 2175 3676 po-

594 3664 739 3733 pulo,
768 3669 940 3726 donec
968 3679 1364 3759 exterminetur
1390 3699 1421 3739 a
1460 3688 1828 3746 tabernaculis
1852 3692 2047 3759 Israel,
2076 3699 2175 3753 hoc

593 3764 696 3820 cst,
723 3761 893 3817 donec
924 3764 1164 3825 funditus
1213 3756 1420 3842 pereat,
1449 3787 1503 3833 et
1532 3796 1599 3834 ne
1638 3784 1917 3839 exstitisse
1951 3789 2174 3857 quidem

592 3850 821 3921 amplius
853 3857 1081 3917 sciatur.
1116 3862 1170 3918 Si
1197 3867 1319 3934 quis
1350 3879 1532 3937 autem
1561 3872 1628 3926 de
1683 3876 1876 3932 ordine
1915 3883 2175 3937 sacerdo-

592 3950 702 3994 tum
740 3944 924 4013 l'ucrit,
952 3950 1125 4010 donec
1154 3957 1469 4017 lmmilietur
1491 3978 1556 4019 ex
1585 3966 1669 4022 Ιιὶε
1695 3969 1783 4038 qui
1824 3970 2062 4030 ollerunt
2089 3992 2173 4030 sa-

588 4033 855 4093 criticium
876 4042 1106 4105 Domino
1131 4054 1517 4124 omnipotenti,
1554 4060 1606 4114 id
1646 4064 1942 4129 est,dnncc
1986 4081 2173 4137 pereat

588 4135 644 4179 et
683 4143 715 4182 e
756 4135 999 4208 catalogo
1046 4147 1392 4203 sacerdotum
1443 4165 1804 4225 expungatur.
1860 4135 1997 4216 Una
2026 4164 2170 4219 enim

587 4221 902 4281 sacerdotes
952 4231 1193 4303 quidam,
1254 4246 1312 4291 ut
1363 4240 1494 4307 dixi,
1537 4259 1658 4300 cum
1704 4248 1827 4305 aliis
1879 4255 2067 4321 eodem
2112 4272 2172 4313 se

586 4308 798 4373 piaculo
826 4330 934 4383 quo
1001 4324 1229 4392 p0pulus
1279 4328 1717 4400 obstrinxerunt,
1778 4314 2173 4415 mulierumque

587 4406 996 4474 peregrinarum
1023 4419 1196 4473 amori
1228 4424 1671 4495 succumbentes,
1702 4433 1927 4489 oracula
1982 4437 2169 4497 divina

587 4505 804 4558 prnrsus
837 4500 1256 4571 vilipeuderunt.

2282 3336 2382 3371 νοι.
2415 3319 2766 3374 Κατώλισθον
2792 3322 2848 3374 δὲ
2881 3323 3023 3375 κατὰ
3063 3323 3236 3395 βραχὺ
3268 3324 3461 3395 ληρίας
3493 3327 3573 3389 είς
3597 3325 3759 3378 τοῦτο
3787 3328 3885 3379 καὶ

2281 3410 2503 3475 ἀνοσίας
2550 3412 2776 3483 φρενὸς,
2819 3413 2960 3467 ὥστε
2998 3416 3090 3469 καὶ
3132 3416 3452 3486 τελεσθῆναι
3507 3417 3585 3489 τῷ
3640 3417 3882 3487 Βεελφε-

2279 3499 2416 3572 γώρ.
2445 3500 2661 3571 Ταύτης
2698 3503 2862 3556 ἕνεκα
2894 3505 2993 3571 τῆς
3035 3505 3217 3570 αἰτίας
3248 3509 3295 3560 οἰ
3345 3506 3573 3570 τάλανες
3620 3506 3881 3561 διολώλα-

2282 3608 2386 3644 σιν.
2423 3592 2725 3663 Ἐπαρᾶται
2759 3594 2823 3664 δὴ
2852 3591 2946 3649 οὖν
2966 3598 2998 3649 6
3033 3597 3143 3650 τῶν
3171 3598 3307 3651 ὅλων
3334 3598 3466 3662 Θεὸς
3497 3599 3587 3652 τὸν
3618 3598 3882 3653 ποιοῦντα

2276 3683 2450 3736 ταῦτα
2480 3686 2574 3738 καὶ
2595 3685 2706 3739 τῶν
2731 3685 2903 3751 οὕτως
2926 3689 3175 3745 ἐκτόπων
3201 3693 3623 3763 ἐγχειρημάτων
3646 3692 3883 3757 ἀνοσίως

2278 3778 2664 3851 ὲπιτηδεῳὴνο
2698 3783 2791 3834 καὶ
2823 3783 2980 3855 εῖπερ
3010 3801 3095 3848 τις
3130 3784 3218 3855 εῖη
3252 3784 3422 3838 τελῶν
3466 3786 3525 3839 ὲν
3562 3785 3734 3851 λαοῖς,
3769 3784 3881 3848 ἓως

2276 3865 2342 3918 ἂν
2387 3868 2681 3941 ὀλοθρευθῇ
2727 3872 2792 3926 ἐκ
2841 3874 3218 3946 σκηνωμάτων
3265 3875 3513 3949 Ἰσραὴλ,
3566 3876 3878 3941 τουτέστιν,

2275 3958 2381 4023 ἕως
2409 3959 2474 4014 ἂν
2505 3961 2770 4029 ὁλοτελῶς
2800 3965 3089 4021 ἀπόλλοιτο
3127 3968 3220 4022 καὶ
3266 3968 3365 4039 τὴν
3404 3967 3499 4022 τοῦ
3540 3968 3880 4040 γεγενῆσθαι

2279 4051 2502 4124 μνήμην
2532 4052 2920 4127 ζημιούμενος.
2946 4058 3009 4112 Εἰ
3045 4059 3108 4130 δή
3138 4076 3222 4123 τις
3264 4058 3351 4129 εἴη
3381 4058 3490 4113 τῶν
3518 4058 3879 4129 τεταγμένων

2273 4145 2353 4204 εἰς
2400 4146 2762 4216 ίεροιιργείαν,
2790 4147 2896 4212 ἕως
2931 4148 2997 4204 ἂν
3025 4151 3341 4223 ταπεινωθῇ
3374 4154 3439 4205 ἐκ
3483 4153 3881 4224 προσαγόντων

2274 4234 2464 4290 θυσίαν
2495 4236 2577 4308 τῷ
2607 4239 2798 4310 Κυρίῳ
2840 4244 3268 4316 παντοκράτορι,
3303 4244 3577 4311 τουτέστι,
3611 4245 3775 4316 ἄχρις
3807 4244 3879 4300 ἂν

2272 4328 2558 4385 ἀπόλλοιτο
2586 4331 2681 4383 καὶ
2706 4331 2813 4384 τῶν
2840 4333 3127 4403 ἱερατικῶν
3158 4338 3501 4407 ὲκπέμποιτο
3527 4339 3873 4407 καταλόγων.

2273 4422 2719 4492 Συγκατώλισθον
2746 4424 2855 4496 γὰρ
2876 4430 2989 4490 τοῖς
3016 4429 3193 4494 ἄλλοις
3224 4431 3320 4483 καὶ
3344 4431 3454 4483 τῶν
3486 4429 3679 4501 ἱερέων
3702 4431 3873 4498 τινες,

2271 4516 2347 4579 ὡς
2370 4515 2528 4585 ἔφην,
2547 4517 2625 4578 είς
2647 4516 2715 4568 τὰ
2737 4516 2880 4571 λαῶν
2902 4520 3245 4593 ἐγκλήματα,
3271 4524 3365 4575 καὶ
3387 4522 3627 4592 γυναίων
3647 4523 3874 4577 ὀθνείων

2205 4595 2248 4651 D
2275 4608 2536 4677 ἡττῶντο,
2569 4608 2675 4662 τῶν
2721 4607 2882 4665 θείων
2917 4614 3412 4687 χρησμῳδημάτων
3448 4616 3682 4671 εἰσάπαν
3711 4617 3872 4688 ἡφει-

655 4755 919 4821 Quocirca
953 4765 998 4819 si
1030 4769 1347 4828 maledictus
1376 4782 1575 4849 estqui
1607 4782 1771 4841 Deum
1803 4789 1983 4846 irritat
2013 4811 2170 4849 mun-

583 4843 862 4943 (lanasque
888 4856 1109 4916 delicias
1139 4862 1256 4931 ejus
1275 4867 1444 4937 jussis
1479 4875 1740 4943 praeferre
1771 4898 1876 4936 non
1910 4884 2166 4942 reformi-

582 4935 694 5003 dat,
723 4954 790 4994 ne
808 4944 1060 5005 virtutem
1084 4968 1475 5031 aspernemur;
1508 4969 1622 5032 sed,
1646 4969 1751 5024 illis
1781 4974 2003 5030 omnino
2030 4992 2164 5043 con—

584 5033 821 5125 temptis,
879 5041 1192 5101 annitamur
1224 5053 1401 5119 potius
1439 5062 1775 5115 ornamentis
1837 5066 2165 5125 obedientiae

580 5120 788 5179 animas
816 5140 1029 5188 nostras
1057 5135 1349 5200 illustrare.
1373 5146 1462 5202 Sic
1487 5151 1633 5204 enim
1682 5167 1712 5205 a
1743 5154 2030 5214 maledicto
2057 5158 2162 5214 im-

579 5226 770 5271 munes
800 5234 864 5274 ac
891 5222 1091 5283 liberos
1141 5246 1205 5286 ex
1247 5242 1663 5297 mansuetudine
1714 5260 1809 5299 sua
1855 5247 2012 5304 bonis
2061 5268 2162 5309 nos

578 5308 955 5370 universorum
984 5317 1242 5382 Dominus
1275 5332 1564 5401 saginabit.
1768 5338 1775 5343 ’

648 5509 810 5571 Vsus.
853 5521 931 5576 l5.
965 5524 1030 5579 Et
1081 5528 1192 5583 [nec
1219 5545 1337 5594 qum
1365 5532 1575 5587 oderam
1611 5537 1910 5605 faciebatis.
1936 5544 2154 5612 Operie-

576 5601 707 5659 (tatis
738 5607 985 5679 lacrymia
1011 5620 1179 5673 altare
1215 5619 1449 5689 Domini,
1501 5636 1549 5678 ct
1611 5628 1827 5696 planctu
1884 5644 1935 5688 et
1961 5640 2155 5704 gemitu

644 5787 686 5819 "
713 5788 730 5843 l
760 5790 882 5846 Cor.
923 5811 994 5860 \‘l,
1036 5799 1132 5863 ll;
1213 5800 1251 5854 ll
1282 5802 1408 5857 Cor.
1434 5822 1503 5869 tv,
1560 5806 1642 5861 l3.
1721 5813 1766 5843 "
1802 5810 1967 5866 Ειίτιί.
2011 5830 2129 5878 λιιι,
2163 5817 2205 5868 Ι.

2274 4698 2521 4768 δηκότες.

2344 4791 2552 4844 Οὐκοῦν
2585 4795 2633 4846 εἰ
2672 4794 2945 4866 ἐπάρατος
2971 4797 3000 4848 ὁ
3046 4796 3400 4866 παροτρύνων
3434 4797 3569 4850 Θεὸν
3611 4799 3708 4851 καὶ
3756 4800 3873 4863 τοῖς

2273 4881 2404 4954 παρ’
2435 4883 2601 4936 αὐτοῦ
2643 4884 3006 4957 θεσπίσμασιν
3048 4886 3366 4956 ἀντεξάγειν
3415 4888 3711 4959 ἐπιχειρῶν
3769 4889 3873 4953 τὰς

2269 4974 2326 5025 ὲν
2358 4973 2549 5047 κόσμῳ
2580 4976 2811 5047 τρυφὰς,
2844 4978 2918 5050 μὴ
2950 4980 3350 5049 παραιτώμεθα
3381 4979 3478 5052 τὴν
3511 4979 3736 5051 ἀρετὴν,
3771 4981 3871 5034 καὶ

2268 5064 2425 5134 λόγος
2465 5067 2566 5139 μὲν
2614 5070 2839 5124 ἐκείνων
2872 5071 3111 5141 γενέσθω
3162 5072 3373 5144 μηδεὶς,
3420 5073 3780 5143 ἐπειγώμεθα
3807 5073 3866 5126 δὲ

2269 5159 2470 5228 μᾶλλον
2510 5164 2621 5225 τοῖς
2662 5164 2741 5226 εἱς
2790 5164 3102 5217 εὐπείθειαν
3160 5166 3447 5236 αὐχήμασι
3506 5164 3605 5231 τὰς
3650 5165 3867 5219 ἑαυτῶν

2266 5253 2724 5325 καταφαιδρύνειν
2782 5255 2981 5328 ψυχάς.
3039 5259 3414 5330 Ἀπρακτήσει
3463 5260 3572 5331 γὰρ
3608 5260 3756 5315 οὕτω
3801 5259 3864 5324 ἐξ

2267 5342 2428 5412 ἀρᾶς,
2458 5343 2695 5407 καὶτοῖς
2741 5343 2800 5409 ἐξ
2851 5347 2988 5410 ἰδίας
3033 5348 3372 5419 ἡμερότητος
3420 5348 3644 5416 ἀγαυοῖς
3681 5349 3711 5401 ὁ
3748 5346 3861 5401 τῶν

2267 5432 2403 5486 ὅλων
2442 5436 2584 5506 ἡμᾶς
2620 5442 2945 5492 καταπιανεί
2979 5440 3279 5510 Δεσπότης.

2336 5549 2444 5602 Kal
2496 5548 2684 5603 ταῦτα
2739 5549 2779 5604 ἂ
2820 5552 3075 5621 ἐμίσουν
3129 5553 3400 5607 ἐποιεῖτε.
3458 5554 3858 5608 Ἐκαλύπτετε

2264 5641 2522 5709 δάκρυσι
2554 5641 2619 5695 τὸ
2659 5645 3093 5715 θυσιαστήριον
3131 5648 3374 5715 Κυρίου,
3409 5646 3504 5699 καὶ
3546 5644 3853 5717 κλαυθμῷ.

2285 5817 2327 5846 ’⁸
2368 5816 2526 5873 Nam.
2563 5835 2688 5885 xxv,
2729 5821 2745 5874 l
2783 5836 2935 5890 seqq.
