4098 6536
549 403 659 458 δι’·

1544 383 1604 438 S.
1639 379 1918 440 CYRILLI
1954 373 2427 432 ALEXAVDBINI
2466 372 2791 429 ARCHIEP.
3719 371 3802 425 εἰ.

551 527 670 568 rum
695 507 1032 569 conculcata,
1067 501 1222 569 quasi
1256 500 1364 555 Deo
1397 499 1542 554 nullo
1568 514 1596 551 a
1629 512 1686 553 se
1710 496 1913 550 scelere
1949 492 2117 547 oll'eo-

2234 491 2390 560 εὐχαὶ
2431 490 2538 543 ἀπὸ
2575 487 2922 560 μισθώματος
2967 485 3194 556 ἑταίρας
3219 501 3231 514 ο
3263 483 3439 546 οὕτως
3483 482 3584 538 οὐκ
3621 483 3690 538 ἂν
3729 485 3825 537 λος

550 618 612 656 so
636 599 930 657 sacriﬁcet.
963 595 1200 650 Timoris
1230 593 1446 664 plenum
1473 599 1557 645 est
1584 590 1767 660 igitur,
1799 587 1951 658 quasi
2011 585 2124 639 illo-

551 695 622 746 tis
651 689 896 745 manibus
935 687 1244 743 sacriﬁcare
1303 683 1433 740 Deo.
1488 683 1622 736 Puto
1657 681 1800 735 enim
1857 694 1954 750 ego
2003 678 2128 733 toris

548 783 776 844 viribus,
813 788 1071 849 quantum
1109 777 1367 844 consequi
1425 783 1667 842 possunt,
1701 772 1943 840 purgatis
2015 779 2123 822 tam

549 873 768 941 sapiens
803 868 1163 922 ministerium
1187 865 1570 935 peragendum.
1606 863 1756 917 Talis
1786 862 1928 916 enim
1971 871 2122 913 extra

549 958 1243 1015 omnecrimeninvenitur.
1277 955 1540 1010 neciram
1595 954 1830 1008 divinam
1888 949 2124 1004 merebi-

549 1065 655 1113 utr.

2234 581 2446 652 γισθείη
2485 580 2726 652 καθαρός
2776 595 2836 632 τε
2885 580 2979 631 καὶ
3022 575 3324 647 ἀμώμητος
3363 574 3576 648 ἱερεὺς,
3625 579 3675 629 εἰ
3705 578 3825 641 τοῖς

2234 674 2399 737 θείοις
2442 674 2806 743 θεσπίσμασιν
2849 671 3132 743 μονονουχὶ
3169 673 3262 724 καὶ
3294 670 3570 741 ἐρρῶσθαι
3604 671 3825 740 φράσας

2232 765 2327 817 καὶ
2358 763 2450 816 τὸν
2485 763 2764 834 πρέποντα
2800 764 2924 825 ταῖς
2955 761 3288 830 ἱερουργίαις
3315 759 3564 826 πατήσας
3594 759 3824 828 θεσμδν,

2230 859 2306 920 ὡς
2341 857 2462 910 κατ’
2487 855 2676 909 ούδένα
2717 855 2917 927 τρόπον
2951 850 3410 924 προσκεκρουκὼς
3456 851 3723 922 προσάγοι
3759 849 3828 904 τὸ

2229 947 2394 1018 θύμα.
2420 947 2654 1019 Φοὸερδν
2683 942 2776 1000 οὖν
2809 947 2916 1018 ἄρα
2959 945 3020 998 τὸ
3053 945 3297 1008 ἀνίπτοις
3332 943 3521 1013 ὥσπερ
3557 943 3664 1013 ἄρα
3692 959 3833 1013 χερ-

2229 1039 2314 1090 σὶν
2339 1039 2642 1108 ἱερουργεῖν
2661 1037 2738 1106 τῷ
2762 1034 2899 1105 Θεῷ.
2925 1033 3137 1104 Χρῆναι
3161 1032 3268 1103 γὰρ
3292 1031 3467 1100 ἔγωγέ
3489 1049 3632 1101 φημι
3653 1031 3829 1084 παντὶ

549 1142 726 1194 σθένει
759 1141 1224 1212 κεκαθαρμένους,
1257 1139 1395 1193 κατά
1427 1155 1490 1208 γε
1522 1139 1581 1192 τὸ
1618 1135 1857 1204 ἐφικτὸν,
1891 1133 1991 1202 τῆς
2022 1131 2165 1186 οὕτω
2205 1131 2374 1200 σοφῆς
2406 1127 2672 1182 ἅπτεσθαι
2711 1126 3074 1196 λειτουργίας.
3101 1125 3250 1189 Ἔξω
3281 1125 3391 1196 γὰρ
3425 1124 3455 1176 6
3481 1123 3689 1176 τοιόσδε
3720 1125 3825 1176 καὶ

545 1235 764 1304 ἀπάσης
799 1235 1008 1298 αἰτίας,
1045 1235 1138 1287 καὶ
1183 1233 1291 1286 τῶν
1334 1231 1395 1296 ἐξ
1435 1231 1604 1303 ὀργῆς
1637 1229 1950 1299 εὑρίσκεται
1987 1226 2325 1296 κινημάτων.

618 1327 778 1380 Vsus.
809 1325 896 1389 H,
931 1325 1018 1380 l5.
1050 1325 1340 1379 Etdixistis
1385 1339 1402 1378 :
1445 1321 1666 1390 Propter
1709 1319 1834 1389 quid
1867 1319 2120 1372 Dominus

477 1467 484 1478 ,
544 1413 854 1482 testiﬁcatus
883 1424 957 1466 est
983 1416 1117 1466 inter
1143 1423 1192 1465 te
1229 1423 1272 1466 et
1308 1413 1442 1464 inter
1495 1426 1708 1464 uxorem
1759 1407 2124 1462 adolescentia:

544 1516 648 1558 tua:
697 1520 856 1572 quam
903 1503 1201 1573 reliquisti?
1244 1501 1310 1555 Et
1353 1502 1464 1554 Ιηῑέ
1508 1501 1767 1568 particeps
1803 1508 1892 1551 tua
1915 1508 1960 1552 et
1991 1513 2126 1551 uxor

545 1597 836 1648 testamenti
873 1598 1030 1655 tui,et
1057 1595 1336 1648 nonaliter
1379 1593 1586 1661 fecit,et
1623 1591 1857 1658 reliquiw
1909 1589 2122 1659 spiritus

545 1688 640 1738 tui.
703 1687 770 1741 lt’t
839 1687 1100 1742 dixistis:
1151 1685 1290 1752 Quid
1329 1687 1476 1738 aliud
1521 1700 1680 1755 quam
1713 1698 1887 1738 semen
1935 1681 2125 1749 quwrit

545 1775 686 1828 Dens
710 1776 736 1828 ?

616 1863 856 1920 XXVIII.
897 1866 1003 1920 Deo
1045 1865 1148 1920 ista
1184 1865 1381 1930 saepius
1449 1862 1901 1932 reprehendente,
1945 1851 2000 1917 et
2057 1861 2123 1916 ad

542 1961 626 2014 sui
651 1959 864 2028 generis
892 1957 1214 2026 diligentias,
1244 1968 1410 2027 atque
1430 1957 1496 2010 ad
1527 1965 1805 2010 contracta
1843 1969 1964 2008 cmn
1989 1954 2122 2007 alic-

543 2052 754 2116 nigenis
785 2050 1130 2102 matrimonia
1155 2064 1274 2118 qmc
1295 2058 1349 2102 et
1381 2049 1494 2118 ipsa
1526 2048 1705 2100 divina
1743 2046 1827 2099 lex
1899 2047 2122 2098 damnat

542 2142 834 2196 dissuenda
876 2139 1211 2208 impellente,
1249 2139 1412 2192 stulte
1465 2136 1871 2201 occurrebant;
1910 2152 1930 2186 ι
1983 2134 2121 2200 Quid

538 2231 684 2286 aliud
719 2247 881 2300 quant
911 2245 1095 2284 semen
1135 2231 1330 2299 quaerit
1375 2228 1622 2282 Deus"?
1668 2247 1688 2278 ι
1750 2229 1956 2281 Dictum
2018 2239 2118 2290 εει,

538 2323 730 2392 inquit,
757 2339 852 2392 per
889 2322 1196 2375 mamiatum
1223 2320 1386 2375 Musis
1419 2337 1432 2373 :
1469 2340 1487 2372 ι
1536 2320 1650 2375 Non
1703 2321 1808 2375 erit
1875 2318 2120 2374 infecun-

537 2415 628 2478 da,
658 2429 754 2467 uec
778 2414 982 2468 sterilis
1022 2414 1074 2467 in
1102 2411 1260 2467 lsrael
1293 2411 1357 2466 η.
1402 2432 1421 2464 ι
1458 2412 1523 2466 Et
1547 2415 1612 2466 ad
1651 2413 1925 2466 Abraham
1987 2411 2120 2464 alic—

549 2507 638 2560 ubi
697 2507 824 2560 dicit
851 2506 1223 2560 universorum
1256 2505 1396 2558 Deus
1424 2521 1437 2556 :
1478 2524 1496 2554 ι
1527 2504 1884 2572 Multiplicans
1950 2502 2121 2556 multi-

539 2595 749 2663 plicabo
787 2608 968 2647 semen
999 2604 1170 2659 tuum,
1230 2594 1368 2647 sicut
1418 2592 1602 2647 stellas
1651 2593 1769 2647 cceli
1827 2591 2121 2644 multitudi-

539 2685 688 2739 ne”.
725 2704 742 2736 ι
779 2685 1042 2752 Quocirca
1107 2684 1351 2737 divinum
1419 2685 1728 2748 consilium,
1792 2683 2008 2752 inquit,‘
2053 2682 2118 2736 ad

538 2779 937 2830 multitudinem
983 2784 1038 2830 et
1070 2775 1364 2828 liberormn
1393 2777 1826 2842 procreationem
1877 2774 2115 2842 respicit,

538 2871 728 2940 utipsa
753 2869 1064 2925 Abraltamo
1112 2867 1266 2920 I'uctze
1325 2867 1703 2935 promissionis
1757 2867 1926 2935 gratia
1960 2866 2116 2920 linem

535 2969 921 3030 coagmentetur
949 2955 1306 3026 adipiscitur.
1343 2953 1448 3008 Sed
1489 2957 1604 3008 sive
1640 2969 1704 3006 ex
1736 2953 1948 3018 alienis,
2006 2955 2118 3006 sive

535 3064 600 3103 cx
629 3046 877 3114 cognatis
901 3047 1003 3100 hoc
1033 3059 1062 3096 a
1097 3045 1252 3097 nobis
1286 3053 1590 3112 prrestctur,
1616 3043 1722 3096 Deo
1747 3043 1970 3110 perinde
2000 3052 2114 3110 cst;

538 3141 696 3193 linem
732 3139 876 3192 enim
903 3137 1169 3205 promissa
1195 3142 1621 3202 consequuntur.
1677 3151 1693 3182 ι
1726 3131 1950 3186 Dixistis
2019 3133 2118 3202 igi-

2302 1313 2410 1368 Καὶ
2454 1313 2692 1366 εῖπατε·
2731 1312 2980 1364 Ἕνεκεν
3027 1311 3196 1378 τίνος
3241 1310 3275 1362 ό
3319 1307 3534 1375 Κύριος
3575 1307 3820 1376 διεμαρ-

2230 1407 2445 1474 τύρατο
2499 1404 2807 1473 aranti-cor
2853 1420 2969 1458 σου
3025 1403 3120 1456 καὶ
3175 1401 3482 1471 ἁναμέο-ον
3527 1403 3826 1470 πναικές

2229 1498 2509 1566 νεότητός
2564 1513 2680 1551 σου
2731 1495 2812 1563 ἢν
2849 1495 3275 1565 ὲγκατέ.ιιπες;
3325 1494 3436 1546 Καὶ
3490 1494 3645 1562 αῦτη
3689 1511 3818 1546 xos-

2229 1589 2422 1654 νωνός
2477 1603 2594 1641 σου
2652 1587 2750 1641 καὶ
2799 1585 2954 1655 γυνὴ
3009 1583 3302 1652 διαθήκης
3347 1601 3494 1649 σου,
3547 1586 3646 1637 καὶ
3703 1586 3822 1638 οὐκ

2231 1679 2432 1746 ἄλλως
2462 1679 2736 1746 ἐποίησε,
2783 1679 2882 1732 καὶ
2934 1678 3274 1746 ὑπόλειμμα
3321 1677 3666 1745 πνεύματος
3709 1678 3822 1729 αὺ-

2229 1771 2361 1825 τοῦ.
2393 1771 2498 1824 Καὶ
2527 1771 2733 1823 εἴπατε
2753 1786 2767 1800 ·
2806 1770 2866 1824 Τί
2881 1768 3036 1823 ἄλλο
3065 1769 3102 1836 ἢ
3131 1768 3368 1836 σπέρμα
3397 1767 3554 1836 ζητεῖ
3577 1772 3610 1822 ό
3639 1771 3823 1833 Θεός;

2302 1863 2435 1916 KIl'.
2489 1861 2920 1930 Ἐπαιτιωμέκου
2963 1858 3102 1912 Θεοῦ
3143 1859 3210 1911 τὰ
3241 1859 3415 1912 τοιάδε
3449 1859 3678 1928 συχνῶς,
3721 1859 3824 1912 καὶ

2229 1953 2611 2016 ἀναπείθοντος
2654 1953 2755 2023 μὲν
2784 1953 3006 2023 ἀγαπᾷν
3038 1952 3136 2014 τας
3168 1952 3232 2004 ὲκ
3270 1951 3478 2020 γένους,
3509 1953 3820 2022 ἀποτοιτᾷν

2225 2046 2281 2098 δὲ
2311 2045 2416 2098 τῶν
2445 2045 2741 2116 ἀλλοτρίων
2771 2044 2866 2096 καὶ
2895 2042 3354 2113 ἀπονοσφίζεσθαι
3380 2043 3573 2113 γάμων
3600 2041 3696 2104 οὒς
3723 2044 3822 2096 καὶ

2227 2135 2388 2198 αὐτὸς
2421 2137 2450 2189 6
2492 2135 2634 2197 θεῖος
2672 2134 2986 2206 ἀπεκήρυξε
3019 2135 3212 2204 νόμος,
3252 2133 3639 2198 ἀσυνετοῡντες
3683 2136 3815 2206 ἔφα-

2229 2243 2356 2280 σκον
2379 2243 2391 2254 ·
2429 2243 2448 2277 ι
2481 2227 2546 2279 Τί
2573 2226 2702 2280 ἄλλο
2738 2226 2770 2296 ἢ
2804 2227 3028 2296 σπέρμα
3061 2224 3214 2294 ζητεῖ
3245 2227 3273 2278 6
3305 2227 3465 2292 856;;
3500 2245 3518 2278 ι
3551 2226 3816 2297 Εἴρηται,

2186 2353 2194 2366 .
2226 2319 2380 2388 φησι,
2416 2319 2502 2372 διὰ
2535 2319 2632 2389 τῆς
2667 2319 2912 2382 Μωσέως
2945 2319 3164 2390 ἐντολῆς
3185 2338 3198 2350 ο
3238 2337 3257 2370 σ
3287 2319 3400 2372 Οὐκ
3433 2320 3586 2372 ἔσται
3622 2320 3818 2388 ἄγονος

2223 2409 2342 2462 οὐδὲ
2376 2412 2562 2480 στεῖρα
2592 2412 2653 2462 ἐν
2681 2410 2820 2472 υἱοῖς
2856 2409 3127 2480 Ἰσραήλ.»
3163 2409 3306 2479 Ἔφη
3333 2409 3392 2462 δέ
3425 2427 3526 2462 που
3555 2412 3650 2464 καὶ
3679 2412 3820 2480 πρὶς

2237 2500 2490 2568 Ἀϐραὰμ
2513 2501 2542 2553 6
2572 2499 2681 2553 τῶν
2704 2501 2840 2553 ὅλων
2873 2501 3003 2564 Θεός
3022 2517 3036 2532 ο
3079 2519 3096 2552 ι
3128 2501 3423 2571 Πληθύνων
3468 2503 3722 2572 πληθυνῶ
3753 2504 3817 2556 τὸ

2225 2592 2444 2661 σπέρμα
2472 2609 2585 2657 σου,
2612 2591 2744 2644 ὡσεὶ
2768 2591 2836 2645 τὰ
2862 2594 3038 2664 ἄστρα
3068 2592 3162 2646 τοῦ
3189 2592 3417 2664 οὐρανοῦ
3449 2594 3526 2664 τῷ
3555 2595 3769 2664 πλῆθει.
3789 2617 3807 2645 ι

2222 2683 2430 2736 Οὐκοῦν
2456 2683 2484 2734 6
2517 2682 2690 2747 θεῖος,
2725 2684 2886 2754 φησι,
2940 2684 3144 2746 σκοπὸς
3189 2686 3270 2748 εἰς
3323 2686 3534 2754 πληθὺν
3564 2686 3668 2755 ὁρᾷ
3714 2687 3816 2739 καὶ

2222 2773 2589 2841 παιδογονίαν,
2617 2773 2706 2826 ἴνα
2733 2776 2825 2828 καὶ
2848 2775 2928 2837 είς
2953 2776 3127 2846 πέρας
3148 2775 3334 2843 ἄγοιτο
3356 2776 3418 2829 τὸ
3441 2777 3649 2848 πρέπον
3672 2777 3814 2849 αὐτῇ

2221 2866 2320 2935 τῆς
2372 2868 2508 2938 πρὸς
2559 2866 2807 2937 Ἀϐραὰμ
2853 2867 3186 2936 ἐπαγγελίας
3235 2870 3264 2938 ἡ
3313 2870 3488 2939 χάρις.
3529 2870 3668 2923 Ἀλλ’
3712 2871 3818 2924 εἴτ’

2219 2953 2312 3010 οὖν
2353 2959 2410 3024 ἐξ
2435 2958 2748 3029 ἀλλοτρίων,
2776 2958 2886 3012 εἴτε
2921 2960 2978 3026 ἐξ
3011 2960 3288 3029 ὁμογενῶν
3318 2961 3476 3014 τοῦτο
3511 2963 3812 3034 πράττοιτο

2220 3049 2355 3120 πρὸς
2399 3050 2573 3120 ὑμῶν,
2615 3050 2898 3122 ἀδιαφορεί
2934 3050 3009 3121 τῷ
3054 3052 3194 3120 Θεῷ,
3240 3053 3548 3122 διεξάγεται
3589 3056 3698 3126 γὰρ
3733 3057 3818 3120 εἰς

2221 3140 2400 3210 πέρας
2446 3141 2508 3193 τὸ
2556 3142 2984 3212 ἐπηγγελμένον.
3044 3163 3061 3195 ι
3093 3145 3296 3198 Εἴπατε
3357 3147 3559 3210 τοίνυν,
3607 3147 3812 3217 φησίνο

539 3240 644 3294 tur,
676 3229 852 3296 inquit
911 3215 1084 3292 z'Qua
1119 3227 1184 3280 de
1211 3239 1370 3278 eausa
1403 3223 1661 3277 Dominus
1697 3225 2019 3278 tcSIilicatns
2037 3233 2117 3276 est

2224 3230 2449 3282 Ἕνεκεν
2485 3231 2628 3295 τίνος
2653 3235 2681 3286 ὁ
2713 3234 2915 3304 Κύριος
2943 3235 3344 3309 διεμαρτύρατο
3370 3237 3474 3290 ἀνα
3507 3238 3670 3307 μέσον
3715 3239 3814 3292 σοῦ

536 3319 678 3373 inter
717 3326 768 3370 te
794 3325 848 3369 et
876 3330 1100 3370 uxorem
1134 3315 1512 3368 adolescentia:
1542 3324 1644 3368 tua:
1677 3329 1835 3382 quam
1896 3316 2123 3384 reliqui-

535 3407 644 3462 sti?
679 3424 700 3458 ι
733 3409 802 3460 At
831 3407 876 3458 si
915 3406 1019 3460 hoc
1044 3405 1266 3458 libuerit
1297 3406 1498 3470 dicere,
1530 3421 1698 3474 quare
1756 3405 2016 3458 Dominus
2043 3415 2121 3459 te-

536 3497 910 3559 stiiicatnssit,
943 3497 1245 3566 etjusserit
1281 3497 1426 3552 nulio
1480 3500 1636 3554 modo
1703 3499 1978 3552 dimittere
2032 3499 2120 3553 cui

537 3589 890 3657 collabitatis,
942 3591 1280 3660 reSpondebo
1331 3599 1386 3644 et
1437 3607 1536 3659 ego
1585 3591 1652 3644 ad
1710 3591 1852 3645 hoc:
1907 3591 2118 3661 Cogita,

539 3698 562 3734 α
593 3682 855 3748 Quoniam
879 3682 991 3750 ipsa
1021 3691 1101 3735 est
1130 3681 1397 3750 particeps
1425 3697 1519 3735 seu
1555 3681 1702 3734 socia
1734 3691 1847 3748 tua,
1878 3689 1934 3736 et.
1983 3697 2120 3736 uxor

537 3771 840 3825 testamenti
872 3786 962 3823 seu
993 3768 1216 3826 foederis
1253 3771 1352 3836 lui,
1385 3789 1404 3821 ι
1438 3773 1538 3824 hoc
1567 3780 1670 3834 est,
1698 3786 1801 3824 una
1854 3787 1986 3826 caro
2038 3783 2118 3825 te-

534 3875 656 3914 cum
687 3859 758 3924 ",
789 3869 841 3912 ct
869 3860 1022 3929 juxta
1055 3858 1226 3930 legem
1263 3859 1686 3924 contubernalis;
1721 3870 1776 3914 et
1823 3876 1927 3914 non
1959 3859 2119 3916 aliter

535 3949 836 4004 fabricatus
860 3961 942 4004 est
976 3965 1096 4004 eam
1159 3949 1321 4004 Deus.
1373 3951 1466 4004 Est
1527 3965 1710 4020 porro,
1758 3960 1818 4004 ut
1858 3952 2116 4022 arbitror,

532 4041 694 4096 etiam
735 4057 754 4092 ι
813 4041 1055 4110 reliquize
1097 4044 1322 4110 Spiritus
1365 4040 1501 4110 ejus,
1555 4061 1572 4094 ι
1610 4053 1666 4097 et
1724 4045 2114 4111 propemodum

533 4141 836 4202 corporeet
869 4135 1048 4186 anima
1077 4135 1160 4186 vir
1215 4135 1602 4188 contmisretur
1658 4150 1780 4190 cum
1835 4149 1900 4188 ea
1951 4151 2112 4204 quam

532 4224 632 4293 ipsi
662 4225 794 4293 legis
815 4223 1002 4293 religio
1025 4223 1318 4292 copulavit.
1344 4223 1511 4296 846
1551 4225 1614 4280 Et
1658 4225 2111 4295 quemadmodum

532 4333 695 4371 unum
717 4331 912 4384 corpus
937 4316 1094 4382 fiunt,
1124 4316 1202 4369 sic
1223 4317 1402 4388 aliquo
1433 4321 1590 4372 modo
1617 4317 1780 4372 etiam
1829 4332 1932 4370 una
1991 4317 2114 4371 ani-

534 4423 643 4473 ma,
671 4420 856 4460 amore
876 4416 1060 4458 mutuo
1105 4405 1226 4460 illos
1255 4409 1564 4478 colligante,
1603 4416 1656 4460 et
1683 4407 1862 4460 divina
1896 4407 2010 4475 lege
2057 4406 2110 4460 in

531 4498 876 4552 ccucordiam
936 4496 1296 4553 devinciente.
1323 4497 1604 4567 Reliquias
1655 4493 1838 4566 itaque
1885 4497 2109 4566 Spiritus

531 4591 630 4644 viri
658 4604 884 4643 uxorem
913 4582 1094 4654 vocat,
1147 4603 1201 4645 et
1229 4593 1380 4661 quasi
1427 4591 1711 4644 dimidium
1747 4588 1863 4656 ejus
1913 4591 2108 4643 animae
2140 4574 2186 4634 Ι)

532 4691 751 4751 propter
785 4681 1063 4748 unionem,
1085 4682 1292 4737 scilicet
1347 4698 1466 4751 qua:
1486 4683 1776 4736 concordia
1825 4681 2106 4736 charitatis

529 4773 675 4828 velut
703 4789 865 4826 ttttllm
893 4774 1074 4828 ellicit.
1106 4773 1185 4830 Ne
1209 4777 1372 4847 igitur
1405 4775 1524 4845 plus
1556 4789 1718 4843 quam
1775 4776 1913 4829 ratio
1962 4775 2104 4842 pali-

531 4876 617 4919 tnr
643 4865 809 4918 Deum
833 4866 1124 4936 culpalote,
1177 4879 1233 4921 ut
1291 4869 1383 4937 qui
1437 4882 1661 4921 uxorem
1725 4867 2104 4922 adolescentia:

527 4973 658 5024 suae,
689 4957 993 5016 ftederisac
1022 4963 1244 5032 Spiritus
1302 4960 1641 5030 participem,
1697 4972 1752 5014 et
1801 4977 1966 5016 carne
2001 4961 2104 5017 sibi

527 5051 736 5106 unilam
771 5053 928 5106 (Ιυιιιυ
951 5063 1314 5119 removentes,
1349 5051 1581 5106 fortasse
1642 5053 1882 5122 iniquius
1921 5054 2105 5118 objur—

526 5127 922 5211 get.ExiSIit‘o
945 5155 1124 5199 autent
1188 5159 1286 5212 ego
1333 5145 1794 5212 sapientissimum
1857 5146 2103 5213 Paulum,

527 5234 651 5287 hinc
684 5247 1013 5300 permotum,
1046 5237 1330 5289 mandasse
1366 5235 1434 5290 iis
1461 5236 1550 5303 qui
1580 5236 1631 5290 in
1653 5236 1932 5291 Christum
1986 5253 2107 5292 cre-

523 5323 770 5380 diderant
800 5344 820 5383 :
855 5345 874 5378 ¢
912 5327 1179 5395 Alligatus
1209 5343 1268 5380 es
1319 5327 1517 5380 uxori?
1547 5327 1651 5380 noli
1689 5329 1932 5396 maerere
1955 5328 2106 5383 solu-

523 5419 724 5472 tionem
743 5419 810 5476 '°.
847 5439 866 5472 ι
895 5418 961 5472 Ει
994 5419 1190 5474 alicubi
1224 5416 1474 5474 Salvator
1503 5437 1518 5474 :
1549 5436 1569 5470 ι
1596 5419 1916 5490 Quicunque
1946 5421 2107 5476 dimi-

518 5510 653 5565 [erit
683 5526 908 5566 uxorem
955 5526 1132 5579 suam,
1188 5524 1414 5584 excepta
1473 5530 1642 5571 causa
1697 5515 2100 5582 fornicationis,

517 5595 652 5656 facit
681 5614 798 5654 eam
829 5603 1091 5657 mmchari
1121 5619 1136 5658 :
1167 5611 1221 5659 et
1250 5605 1344 5675 qui
1379 5605 1659 5661 dimissam
1689 5606 1928 5675 duxerit,
1963 5622 2100 5663 mue.

625 5774 874 5833 “Exod.
912 5795 1095 5849 xxnv,
1131 5783 1216 5838 l6.
1327 5783 1374 5817 ’τ
1403 5783 1572 5840 Exod.
1632 5802 1765 5855 xxn,
1804 5786 1895 5844 26.

2011 5791 2058 5823 "
2103 5788 2240 5848 Gen.
2281 5797 2514 5862 “1,10.

2232 3322 2326 3374 καὶ
2363 3324 2464 3376 ἀνὰ
2504 3325 2666 3394 μέσον
2697 3326 2954 3394 γυναικὸς
2997 3329 3248 3400 νεότητός
3280 3347 3397 3392 σου,
3434 3329 3498 3400 ἣν
3529 3331 3815 3398 ἐγκατέλι-

2228 3427 2355 3482 πες;
2387 3434 2404 3466 ι
2447 3416 2586 3469 Ἀλλ’
2611 3417 2772 3488 εἴπερ
2801 3413 3010 3472 ἕλοισθε
3041 3420 3198 3473 τοῦτο
3221 3422 3400 3490 λέγειν
3429 3422 3714 3486 τὸ,ένεγεν
3734 3423 3820 3476 τί-

2223 3523 2311 3570 νος
2341 3507 2759 3580 διεμαρτύρατο,
2791 3511 2885 3562 καὶ
2921 3513 3255 3583 προστέταχε
3295 3513 3370 3584 μὴ
3413 3512 3523 3566 δεῖν
3559 3514 3817 3584 ἀποπέμ-

2223 3598 2418 3652 πεσθαι
2471 3598 2567 3669 τὴν
2610 3604 3038 3672 συνῳκισμένην,
3091 3604 3202 3674 ἐρῶ
3237 3605 3374 3676 πρὸς
3415 3605 3574 3659 τοῦτο
3617 3607 3812 3674 κάγώ·

2235 3689 2516 3760 Ἐννόησον
2547 3710 2564 3742 ι
2592 3693 2712 3745 ’Ότι
2744 3693 2882 3762 αὓτη
2909 3696 3164 3759 κοινωνός
3197 3713 3290 3750 σου
3324 3697 3418 3750 καὶ
3451 3699 3588 3768 γυνὴ
3619 3697 3814 3772 διαθή-

2221 3797 2323 3851 κης
2354 3797 2468 3845 σου,
2497 3803 2515 3834 ι
2549 3785 2847 3848 τουτέστιν,
2875 3787 3185 3858 ὁμόσαρκός
3224 3805 3306 3841 σοι
3340 3790 3434 3843 καὶ
3468 3791 3610 3844 κατὰ
3641 3791 3813 3860 νόμον

2221 3873 2632 3942 συνῳκισμένη,
2674 3875 2770 3928 καὶ
2811 3877 2911 3928 οὐκ
2942 3876 3118 3940 ἄλλως
3149 3878 3320 3948 αὐτὴν
3369 3879 3811 3954 δεδημιούργηκε

2217 3962 2368 4025 θεός.
2398 3963 2552 4016 Ἔστι
2589 3964 2674 4029 δὲ,
2720 3962 2896 4036 οἶμαι,
2947 3968 3040 4020 καὶ
3087 3987 3104 4020 ι
3133 3968 3448 4040 ὑπόλειμμα
3498 3972 3812 4043 πνεύματος

2217 4053 2412 4119 αὑτοῦ,
2442 4075 2460 4109 ι
2513 4059 2606 4110 καὶ
2660 4061 2945 4130 μονονουχὶ
3007 4061 3380 4132 συγκέκραται
3438 4081 3556 4128 πως
3589 4067 3618 4118 6
3664 4067 3810 4138 ἀνὴρ

2219 4149 2494 4218 σαρκικῶς
2537 4167 2597 4202 τε
2652 4151 2747 4204 καὶ
2795 4151 3042 4220 ψυχικῶς
3080 4156 3145 4225 τῇ
3189 4154 3330 4209 κατὰ
3373 4155 3534 4226 νόμον
3579 4155 3810 4230 λατρεία

2217 4243 2658 4314 συνηρμοσμένη.
2704 4243 2813 4297 Καὶ
2847 4241 3037 4317 ὥσπερ
3065 4245 3122 4298 ἓν
3151 4247 3408 4314 γεγόνασι
3448 4247 3629 4319 σῶμα,
3657 4248 3809 4314 ρῦτω

2213 4332 2412 4402 τρόπον
2441 4333 2564 4386 τινὰ
2598 4337 2694 4388 καὶ
2731 4335 2830 4406 μία
2869 4335 3035 4408 ψυχὴ.
3082 4338 3405 4410 συνδεούσης
3437 4341 3634 4404 αὐτοὺς
3665 4342 3810 4410 ἀγά-

2214 4441 2356 4492 πης,
2403 4427 2494 4479 καὶ
2539 4426 2705 4496 νόμου
2757 4427 2902 4481 θείου
2965 4429 3311 4500 συλλέγοντος
3358 4435 3437 4495 είς
3477 4434 3803 4507 όμοψυχίαν.

2223 4515 2572 4587 ’Υπόλειμμα
2601 4517 2778 4572 τοίνυν
2837 4520 3149 4592 πνεύματος
3180 4522 3272 4577 τοῦ
3319 4525 3510 4596 ἀνδρὸς
3556 4529 3658 4598 τὴν
3706 4545 3808 4596 γυ-

2211 4609 2373 4661 ναῖκα
2402 4609 2556 4660 καλεῖ
2590 4609 2685 4662 καὶ
2721 4611 2883 4665 οἱονεὶ
2929 4612 3098 4684 μέρος
3139 4614 3235 4684 τῆς
3273 4615 3436 4670 αὐτοῦ
3474 4617 3677 4690 ψυχῆς,
3717 4622 3808 4675 δια

2211 4712 2270 4748 τε
2315 4696 2414 4764 τὴν
2461 4696 2654 4750 ἕνωσιν
2701 4699 2800 4769 τὴν
2837 4699 2912 4762 ὡς
2964 4701 3020 4754 έν
3055 4719 3150 4770 γε,
3195 4705 3372 4774 φημὶ,
3414 4709 3478 4776 τῇ
3520 4709 3663 4762 κατὰ
3704 4709 3804 4780 τὴν

2211 4786 2432 4858 ἀγάπην
2457 4788 2750 4862 όμοιζιυχίᾳ.
2776 4790 2866 4861 Μὴ
2895 4792 3074 4848 τοίνυν
3101 4796 3244 4864 πέρα
3271 4795 3366 4849 τοῦ
3390 4797 3600 4862 δέοντος
3633 4800 3807 4866 ἰόντες

2211 4877 2370 4946 λόγου
2426 4881 2775 4934 καταιτιᾶσθε
2815 4883 2968 4948 Θεὸν,
3013 4885 3088 4950 ὡς
3121 4887 3260 4956 τάχα
3313 4906 3416 4942 που
3465 4891 3562 4944 καὶ
3596 4891 3805 4958 ἀδίκως

2211 4968 2630 5039 ἐπιπλήττοντος
2665 4974 2776 5034 τοῖς
2805 4974 3192 5044 ἀποπέμπουσι
3223 4977 3323 5048 τῆς
3355 4981 3536 5044 ἑστίας
3565 4985 3804 5050 γυναῖκα

2211 5057 2479 5128 νεότητος,
2510 5061 2604 5114 καὶ
2635 5060 2896 5135 διαθήκης
2925 5067 3018 5119 καὶ
3050 5068 3358 5140 πνεύματος
3393 5073 3669 5137 κοινωνὸν,
3703 5078 3803 5129 καὶ

2206 5151 2500 5207 ένωθεῖσαν
2538 5157 2835 5228 σαρκικῶς.
2865 5155 3034 5230 Οἶμαι
3063 5160 3120 5214 δὲ
3150 5163 3325 5232 ἔγωγε
3355 5163 3444 5216 τὸν
3484 5165 3801 5236 σοφώτατον

2204 5239 2437 5312 Παῦλον,
2468 5250 2826 5319 κεκινημένον
2860 5251 3132 5318 ἐντεῦθεν,
3163 5255 3462 5310 ἐπιστεῖλαι
3495 5260 3605 5322 τοῖς
3635 5277 3802 5313 πεπι-

2206 5335 2488 5390 στευκόσιν
2515 5339 2594 5401 είς
2621 5341 2857 5410 Χριστόν
2878 5358 2891 5372 ·
2935 5361 2954 5394 ι
2982 5343 3200 5399 Δέδεσαι
3239 5349 3492 5415 γυναικί;
3529 5349 3604 5421 μὴ
3637 5351 3799 5421 ζήτει

2203 5423 2374 5480 λύσιν.
2397 5447 2416 5480 ι
2455 5431 2599 5502 Ἔφη
2645 5431 2702 5485 δέ
2739 5450 2842 5486 που
2885 5435 2980 5488 καὶ
3022 5437 3184 5502 αὐτὸς
3215 5440 3242 5492 6
3273 5440 3497 5511 Σωτήρ·
3533 5459 3552 5492 ί
3589 5445 3688 5506 Ὃς
3726 5443 3798 5497 ἂν

2209 5517 2456 5592 ἀπολύσῃ
2491 5523 2588 5593 τὴν
2633 5527 2866 5591 γυναῖκα
2905 5527 3092 5590 αὐτοῦ,
3139 5531 3410 5596 παρεκτὸς
3451 5531 3610 5600 λόγου
3655 5549 3794 5604 πῦρ-ι

2208 5613 2376 5679 νείας,
2408 5618 2552 5669 ποιεῖ
2579 5616 2751 5688 αὐτὴν
2786 5619 3170 5692 μοιχευθῆναιο
3206 5623 3301 5676 καὶ
3327 5626 3356 5679 6
3383 5621 3796 5696 ἀπολελυμένην

2617 5799 2660 5829 ¹⁹
2695 5797 2829 5854 Gen.
2861 5815 2920 5869 ιι,
2959 5799 3052 5869 9.3,
3087 5800 3178 5856 Ἡ.
3292 5803 3336 5834 ³³
3363 5802 3381 5858 l
3411 5801 3534 5858 Cor.
3565 5817 3663 5870 vn,
3693 5801 3790 5862 37.
