  <div class='ocr_page' id='page_1' title='image "/cluster/home/n/w/nwhite01/storage/ocr_20150623/72:no.5/coo.31924054869700/170.png"; bbox 0 0 4098 6534; ppageno 0'>
   <div class='ocr_carea' id='block_1_1' title="bbox 353 402 466 464">
    <p class='ocr_par' dir='ltr' id='par_1_1' title="bbox 353 402 466 464">
     <span class='ocr_line' id='line_1_1' title="bbox 353 402 466 464; baseline 0.018 -2"><span class='ocrx_word' id='word_1_1' title='bbox 353 402 466 464; x_wconf 68' lang='grc' dir='ltr'><strong>ξίἰὸ</strong></span> 
     </span>
    </p>
   </div>
   <div class='ocr_carea' id='block_1_2' title="bbox 1219 398 2831 459">
    <p class='ocr_par' dir='ltr' id='par_1_2' title="bbox 1219 398 2831 459">
     <span class='ocr_line' id='line_1_2' title="bbox 1219 398 2831 459; baseline -0.004 -2"><span class='ocrx_word' id='word_1_2' title='bbox 1219 400 1780 459; x_wconf 72' lang='lat' dir='ltr'><strong>COMMENTARIUS</strong></span> <span class='ocrx_word' id='word_1_3' title='bbox 1820 401 1886 454; x_wconf 83' lang='grc' dir='ltr'><strong>ΙΝ</strong></span> <span class='ocrx_word' id='word_1_4' title='bbox 1930 398 2340 456; x_wconf 59' lang='grc' dir='ltr'><strong>ΜΑιΑοιίιΑΜ</strong></span> <span class='ocrx_word' id='word_1_5' title='bbox 2383 398 2831 454; x_wconf 75' lang='lat' dir='ltr'><strong>PROPHETAM.</strong></span> 
     </span>
    </p>
   </div>
   <div class='ocr_carea' id='block_1_3' title="bbox 3542 402 3649 459">
    <p class='ocr_par' dir='ltr' id='par_1_3' title="bbox 3542 402 3649 459">
     <span class='ocr_line' id='line_1_3' title="bbox 3542 402 3649 459; baseline 0.009 -1"><span class='ocrx_word' id='word_1_6' title='bbox 3542 402 3649 459; x_wconf 70' lang='lat'><strong>5.16</strong></span> 
     </span>
    </p>
   </div>
   <div class='ocr_carea' id='block_1_4' title="bbox 352 512 1986 588">
    <p class='ocr_par' dir='ltr' id='par_1_4' title="bbox 352 512 1986 588">
     <span class='ocr_line' id='line_1_4' title="bbox 352 512 1986 588; baseline -0.007 -5"><span class='ocrx_word' id='word_1_7' title='bbox 352 516 638 588; x_wconf 77' lang='grc' dir='ltr'>γαμήσας.</span> <span class='ocrx_word' id='word_1_8' title='bbox 670 512 980 585; x_wconf 73' lang='grc' dir='ltr'>μοιχᾶται.»</span> <span class='ocrx_word' id='word_1_9' title='bbox 1015 513 1329 587; x_wconf 77' lang='grc' dir='ltr'>Ἐρομένοις</span> <span class='ocrx_word' id='word_1_10' title='bbox 1355 520 1413 573; x_wconf 72' lang='grc' dir='ltr'>δὲ</span> <span class='ocrx_word' id='word_1_11' title='bbox 1436 522 1549 582; x_wconf 82' lang='grc' dir='ltr'>τοῖς</span> <span class='ocrx_word' id='word_1_12' title='bbox 1580 516 1954 571; x_wconf 76' lang='grc' dir='ltr'><strong>Σαδδουκαίων</strong></span> <span class='ocrx_word' id='word_1_13' title='bbox 1983 566 1986 575; x_wconf 38' lang='grc' dir='ltr'><strong><em>λ</em></strong></span> 
     </span>
    </p>
   </div>
   <div class='ocr_carea' id='block_1_5' title="bbox 2064 512 3649 588">
    <p class='ocr_par' dir='ltr' id='par_1_5' title="bbox 2065 513 3649 586">
     <span class='ocr_line' id='line_1_5' title="bbox 2065 513 3649 586; baseline 0.003 -17"><span class='ocrx_word' id='word_1_14' title='bbox 2065 514 2260 569; x_wconf 86' lang='lat' dir='ltr'><strong>chatur</strong></span> <span class='ocrx_word' id='word_1_15' title='bbox 2287 516 2352 570; x_wconf 78' lang='lat'><strong>“.</strong></span> <span class='ocrx_word' id='word_1_16' title='bbox 2389 534 2407 567; x_wconf 70' lang='grc' dir='ltr'><strong>ι</strong></span> <span class='ocrx_word' id='word_1_17' title='bbox 2438 515 2908 586; x_wconf 75' lang='lat' dir='ltr'><strong>Interrogantibus</strong></span> <span class='ocrx_word' id='word_1_18' title='bbox 2932 522 3112 567; x_wconf 89' lang='lat' dir='ltr'><strong>autem</strong></span> <span class='ocrx_word' id='word_1_19' title='bbox 3143 513 3452 571; x_wconf 61' lang='lat' dir='ltr'><strong>Sadducaais</strong></span> <span class='ocrx_word' id='word_1_20' title='bbox 3466 518 3649 573; x_wconf 81' lang='lat' dir='ltr'><strong>curio-</strong></span> 
     </span>
    </p>
   </div>
   <div class='ocr_carea' id='block_1_6' title="bbox 352 607 1955 681">
    <p class='ocr_par' dir='ltr' id='par_1_6' title="bbox 352 607 1955 681">
     <span class='ocr_line' id='line_1_6' title="bbox 352 607 1955 681; baseline -0.001 -18"><span class='ocrx_word' id='word_1_21' title='bbox 352 608 777 679; x_wconf 75' lang='grc' dir='ltr'>φιλοξητηταῖς·</span> <span class='ocrx_word' id='word_1_22' title='bbox 814 628 833 659; x_wconf 82' lang='grc' dir='ltr'><strong>ι</strong></span> <span class='ocrx_word' id='word_1_23' title='bbox 879 607 1021 661; x_wconf 79' lang='grc' dir='ltr'>Ἀνθ’</span> <span class='ocrx_word' id='word_1_24' title='bbox 1042 608 1403 681; x_wconf 81' lang='grc' dir='ltr'>ὅτου-Μωσῆς</span> <span class='ocrx_word' id='word_1_25' title='bbox 1430 609 1737 664; x_wconf 85' lang='grc' dir='ltr'>ἐνετείλατο</span> <span class='ocrx_word' id='word_1_26' title='bbox 1771 609 1955 662; x_wconf 82' lang='grc' dir='ltr'>δοῦναι</span> 
     </span>
    </p>
   </div>
   <div class='ocr_carea' id='block_1_7' title="bbox 353 696 1949 769">
    <p class='ocr_par' dir='ltr' id='par_1_7' title="bbox 353 696 1949 769">
     <span class='ocr_line' id='line_1_7' title="bbox 353 696 1949 769; baseline -0.001 -18"><span class='ocrx_word' id='word_1_27' title='bbox 353 697 564 769; x_wconf 81' lang='grc' dir='ltr'>βιϐλίον</span> <span class='ocrx_word' id='word_1_28' title='bbox 615 696 953 751; x_wconf 74' lang='grc' dir='ltr'><strong>ἀποστασίου</strong></span> <span class='ocrx_word' id='word_1_29' title='bbox 986 697 1083 751; x_wconf 79' lang='grc' dir='ltr'>καὶ</span> <span class='ocrx_word' id='word_1_30' title='bbox 1131 698 1574 754; x_wconf 79' lang='grc' dir='ltr'><strong>ἀπαλλάττεσθαι</strong></span> <span class='ocrx_word' id='word_1_31' title='bbox 1611 699 1903 769; x_wconf 81' lang='grc' dir='ltr'>γυναικός;</span> <span class='ocrx_word' id='word_1_32' title='bbox 1931 716 1949 750; x_wconf 71' lang='grc' dir='ltr'><strong>ι</strong></span> 
     </span>
    </p>
   </div>
   <div class='ocr_carea' id='block_1_8' title="bbox 352 788 1958 863">
    <p class='ocr_par' dir='ltr' id='par_1_8' title="bbox 352 788 1958 863">
     <span class='ocr_line' id='line_1_8' title="bbox 352 788 1958 863; baseline 0.001 -22"><span class='ocrx_word' id='word_1_33' title='bbox 352 790 460 861; x_wconf 75' lang='grc' dir='ltr'>ἔφη</span> <span class='ocrx_word' id='word_1_34' title='bbox 497 788 662 843; x_wconf 77' lang='grc' dir='ltr'>πάλιν</span> <span class='ocrx_word' id='word_1_35' title='bbox 682 806 697 819; x_wconf 73' lang='grc' dir='ltr'><strong>ο</strong></span> <span class='ocrx_word' id='word_1_36' title='bbox 733 808 752 841; x_wconf 80' lang='grc' dir='ltr'><strong>ι</strong></span> <span class='ocrx_word' id='word_1_37' title='bbox 784 790 907 842; x_wconf 85' lang='grc' dir='ltr'><strong>Ὅτι</strong></span> <span class='ocrx_word' id='word_1_38' title='bbox 940 789 1151 859; x_wconf 83' lang='grc' dir='ltr'><strong>Μωσῆς</strong></span> <span class='ocrx_word' id='word_1_39' title='bbox 1184 790 1285 861; x_wconf 82' lang='grc' dir='ltr'>μὲν</span> <span class='ocrx_word' id='word_1_40' title='bbox 1319 793 1457 862; x_wconf 77' lang='grc' dir='ltr'>πρὸς</span> <span class='ocrx_word' id='word_1_41' title='bbox 1486 791 1585 863; x_wconf 80' lang='grc' dir='ltr'>τὴν</span> <span class='ocrx_word' id='word_1_42' title='bbox 1620 790 1958 862; x_wconf 84' lang='grc' dir='ltr'>σκληροκαρ-</span> 
     </span>
    </p>
   </div>
   <div class='ocr_carea' id='block_1_9' title="bbox 350 880 1955 954">
    <p class='ocr_par' dir='ltr' id='par_1_9' title="bbox 350 880 1955 954">
     <span class='ocr_line' id='line_1_9' title="bbox 350 880 1955 954; baseline 0 -20"><span class='ocrx_word' id='word_1_43' title='bbox 350 882 473 935; x_wconf 91' lang='grc' dir='ltr'>δίαν</span> <span class='ocrx_word' id='word_1_44' title='bbox 508 882 667 953; x_wconf 77' lang='grc' dir='ltr'>ὑμῶν</span> <span class='ocrx_word' id='word_1_45' title='bbox 700 881 1040 935; x_wconf 88' lang='grc' dir='ltr'>ἐνετείλατο·</span> <span class='ocrx_word' id='word_1_46' title='bbox 1077 883 1174 935; x_wconf 76' lang='grc' dir='ltr'>ἀπ’</span> <span class='ocrx_word' id='word_1_47' title='bbox 1209 882 1390 954; x_wconf 80' lang='grc' dir='ltr'>ἀρχῆς</span> <span class='ocrx_word' id='word_1_48' title='bbox 1420 883 1477 937; x_wconf 84' lang='grc' dir='ltr'>δὲ</span> <span class='ocrx_word' id='word_1_49' title='bbox 1513 884 1573 936; x_wconf 83' lang='grc' dir='ltr'>οὐ</span> <span class='ocrx_word' id='word_1_50' title='bbox 1605 883 1827 952; x_wconf 83' lang='grc' dir='ltr'>γέγονεν</span> <span class='ocrx_word' id='word_1_51' title='bbox 1865 880 1955 934; x_wconf 76' lang='grc' dir='ltr'><strong>οὒ-</strong></span> 
     </span>
    </p>
   </div>
   <div class='ocr_carea' id='block_1_10' title="bbox 351 973 1954 1047">
    <p class='ocr_par' dir='ltr' id='par_1_10' title="bbox 351 973 1954 1047">
     <span class='ocr_line' id='line_1_10' title="bbox 351 973 1954 1047; baseline -0.001 -20"><span class='ocrx_word' id='word_1_52' title='bbox 351 990 498 1038; x_wconf 83' lang='grc' dir='ltr'>τως·</span> <span class='ocrx_word' id='word_1_53' title='bbox 526 976 557 1028; x_wconf 86' lang='grc' dir='ltr'>ὁ</span> <span class='ocrx_word' id='word_1_54' title='bbox 600 973 711 1043; x_wconf 82' lang='grc' dir='ltr'><strong>γὰρ</strong></span> <span class='ocrx_word' id='word_1_55' title='bbox 742 973 984 1039; x_wconf 78' lang='grc' dir='ltr'>πλάσας,</span> <span class='ocrx_word' id='word_1_56' title='bbox 1031 976 1201 1047; x_wconf 82' lang='grc' dir='ltr'>ἄρσεν</span> <span class='ocrx_word' id='word_1_57' title='bbox 1239 978 1335 1029; x_wconf 76' lang='grc' dir='ltr'>καὶ</span> <span class='ocrx_word' id='word_1_58' title='bbox 1365 975 1500 1045; x_wconf 79' lang='grc' dir='ltr'>θῆλυ</span> <span class='ocrx_word' id='word_1_59' title='bbox 1548 976 1805 1047; x_wconf 84' lang='grc' dir='ltr'>ἐποίησεν</span> <span class='ocrx_word' id='word_1_60' title='bbox 1853 974 1954 1029; x_wconf 82' lang='grc' dir='ltr'><strong>αὑ-</strong></span> 
     </span>
    </p>
   </div>
   <div class='ocr_carea' id='block_1_11' title="bbox 354 1061 1955 1139">
    <p class='ocr_par' dir='ltr' id='par_1_11' title="bbox 354 1061 1955 1139">
     <span class='ocr_line' id='line_1_11' title="bbox 354 1061 1955 1139; baseline 0 -20"><span class='ocrx_word' id='word_1_61' title='bbox 354 1065 502 1131; x_wconf 78' lang='grc' dir='ltr'>τούς,</span> <span class='ocrx_word' id='word_1_62' title='bbox 535 1067 604 1119; x_wconf 88' lang='grc' dir='ltr'><em>Ὃ</em></span> <span class='ocrx_word' id='word_1_63' title='bbox 653 1061 745 1119; x_wconf 79' lang='grc' dir='ltr'>οὖν</span> <span class='ocrx_word' id='word_1_64' title='bbox 779 1065 911 1130; x_wconf 83' lang='grc' dir='ltr'>Θεὸς</span> <span class='ocrx_word' id='word_1_65' title='bbox 958 1066 1297 1133; x_wconf 76' lang='grc' dir='ltr'><strong>συνέζευξεν,</strong></span> <span class='ocrx_word' id='word_1_66' title='bbox 1344 1067 1631 1139; x_wconf 81' lang='grc' dir='ltr'>ἄνθρωπος</span> <span class='ocrx_word' id='word_1_67' title='bbox 1669 1067 1742 1138; x_wconf 81' lang='grc' dir='ltr'>μὴ</span> <span class='ocrx_word' id='word_1_68' title='bbox 1787 1083 1955 1138; x_wconf 86' lang='grc' dir='ltr'>χωρι-</span> 
     </span>
    </p>
   </div>
   <div class='ocr_carea' id='block_1_12' title="bbox 354 1157 1957 1231">
    <p class='ocr_par' dir='ltr' id='par_1_12' title="bbox 354 1157 1957 1231">
     <span class='ocr_line' id='line_1_12' title="bbox 354 1157 1957 1231; baseline 0 -19"><span class='ocrx_word' id='word_1_69' title='bbox 354 1157 555 1222; x_wconf 75' lang='grc' dir='ltr'><strong>ζέτω.)</strong></span> <span class='ocrx_word' id='word_1_70' title='bbox 579 1186 649 1197; x_wconf 92' lang='grc'><strong>--</strong></span> <span class='ocrx_word' id='word_1_71' title='bbox 671 1157 814 1211; x_wconf 70' lang='grc' dir='ltr'><strong>(Καὶ</strong></span> <span class='ocrx_word' id='word_1_72' title='bbox 838 1157 1149 1225; x_wconf 77' lang='grc' dir='ltr'>φυλάξασθε</span> <span class='ocrx_word' id='word_1_73' title='bbox 1168 1161 1226 1212; x_wconf 86' lang='grc' dir='ltr'><strong>ἐν</strong></span> <span class='ocrx_word' id='word_1_74' title='bbox 1255 1158 1334 1230; x_wconf 79' lang='grc' dir='ltr'><strong>τῷ</strong></span> <span class='ocrx_word' id='word_1_75' title='bbox 1364 1159 1634 1231; x_wconf 78' lang='grc' dir='ltr'>πνεύματι</span> <span class='ocrx_word' id='word_1_76' title='bbox 1665 1159 1839 1230; x_wconf 83' lang='grc' dir='ltr'>ὑμῶν,</span> <span class='ocrx_word' id='word_1_77' title='bbox 1863 1160 1957 1212; x_wconf 79' lang='grc' dir='ltr'>καὶ</span> 
     </span>
    </p>
   </div>
   <div class='ocr_carea' id='block_1_13' title="bbox 351 1248 1958 1322">
    <p class='ocr_par' dir='ltr' id='par_1_13' title="bbox 351 1248 1958 1322">
     <span class='ocr_line' id='line_1_13' title="bbox 351 1248 1958 1322; baseline 0.001 -19"><span class='ocrx_word' id='word_1_78' title='bbox 351 1252 415 1304; x_wconf 85' lang='grc' dir='ltr'>οὐ</span> <span class='ocrx_word' id='word_1_79' title='bbox 448 1250 525 1321; x_wconf 82' lang='grc' dir='ltr'>μὴ</span> <span class='ocrx_word' id='word_1_80' title='bbox 554 1248 1017 1321; x_wconf 72' lang='grc' dir='ltr'>ἐγκαταλίπητε.»</span> <span class='ocrx_word' id='word_1_81' title='bbox 1053 1251 1161 1304; x_wconf 76' lang='grc' dir='ltr'>Τοῦ</span> <span class='ocrx_word' id='word_1_82' title='bbox 1194 1252 1359 1322; x_wconf 84' lang='grc' dir='ltr'>νόμου</span> <span class='ocrx_word' id='word_1_83' title='bbox 1392 1251 1448 1304; x_wconf 82' lang='grc' dir='ltr'>δὲ</span> <span class='ocrx_word' id='word_1_84' title='bbox 1485 1250 1673 1318; x_wconf 90' lang='grc' dir='ltr'>σαφῶς</span> <span class='ocrx_word' id='word_1_85' title='bbox 1707 1251 1803 1305; x_wconf 72' lang='grc' dir='ltr'><strong>καὶ</strong></span> <span class='ocrx_word' id='word_1_86' title='bbox 1835 1252 1958 1304; x_wconf 78' lang='grc' dir='ltr'>ἀνα-</span> 
     </span>
    </p>
   </div>
   <div class='ocr_carea' id='block_1_14' title="bbox 351 1338 1958 1412">
    <p class='ocr_par' dir='ltr' id='par_1_14' title="bbox 351 1338 1958 1412">
     <span class='ocr_line' id='line_1_14' title="bbox 351 1338 1958 1412; baseline 0 -18"><span class='ocrx_word' id='word_1_87' title='bbox 351 1340 560 1410; x_wconf 78' lang='grc' dir='ltr'>φανδὸν</span> <span class='ocrx_word' id='word_1_88' title='bbox 596 1340 1013 1412; x_wconf 85' lang='grc' dir='ltr'>διηγορευκότος</span> <span class='ocrx_word' id='word_1_89' title='bbox 1062 1338 1262 1406; x_wconf 82' lang='grc' dir='ltr'>ἐξεῖναι</span> <span class='ocrx_word' id='word_1_90' title='bbox 1294 1344 1407 1405; x_wconf 79' lang='grc' dir='ltr'>τοῖς</span> <span class='ocrx_word' id='word_1_91' title='bbox 1449 1341 1695 1395; x_wconf 75' lang='grc' dir='ltr'>ἐθέλουσι</span> <span class='ocrx_word' id='word_1_92' title='bbox 1731 1341 1958 1412; x_wconf 87' lang='grc' dir='ltr'>προσρί-</span> 
     </span>
    </p>
   </div>
   <div class='ocr_carea' id='block_1_15' title="bbox 350 1432 1958 1510">
    <p class='ocr_par' dir='ltr' id='par_1_15' title="bbox 350 1432 1958 1510">
     <span class='ocr_line' id='line_1_15' title="bbox 350 1432 1958 1510; baseline 0 -24"><span class='ocrx_word' id='word_1_93' title='bbox 350 1449 515 1486; x_wconf 82' lang='grc' dir='ltr'><strong>πτειν</strong></span> <span class='ocrx_word' id='word_1_94' title='bbox 564 1435 690 1496; x_wconf 79' lang='grc' dir='ltr'>ταϊς</span> <span class='ocrx_word' id='word_1_95' title='bbox 735 1433 1218 1503; x_wconf 82' lang='grc' dir='ltr'>συνηρμοσμέναις</span> <span class='ocrx_word' id='word_1_96' title='bbox 1249 1432 1453 1503; x_wconf 89' lang='grc' dir='ltr'>βιϐλίον</span> <span class='ocrx_word' id='word_1_97' title='bbox 1485 1434 1833 1510; x_wconf 74' lang='grc' dir='ltr'>ἀποστασίου</span> <span class='ocrx_word' id='word_1_98' title='bbox 1863 1434 1958 1487; x_wconf 75' lang='grc' dir='ltr'>καὶ</span> 
     </span>
    </p>
   </div>
   <div class='ocr_carea' id='block_1_16' title="bbox 348 1523 1957 1596">
    <p class='ocr_par' dir='ltr' id='par_1_16' title="bbox 348 1523 1957 1596">
     <span class='ocr_line' id='line_1_16' title="bbox 348 1523 1957 1596; baseline 0 -18"><span class='ocrx_word' id='word_1_99' title='bbox 348 1525 712 1595; x_wconf 78' lang='grc' dir='ltr'><strong>ἀνεγκλήτως</strong></span> <span class='ocrx_word' id='word_1_100' title='bbox 732 1523 1169 1577; x_wconf 81' lang='grc' dir='ltr'>ἀπαλλάττεσθαι</span> <span class='ocrx_word' id='word_1_101' title='bbox 1194 1524 1296 1595; x_wconf 83' lang='grc' dir='ltr'>τῆς</span> <span class='ocrx_word' id='word_1_102' title='bbox 1321 1525 1753 1596; x_wconf 81' lang='grc' dir='ltr'>συνῳκισμένης,</span> <span class='ocrx_word' id='word_1_103' title='bbox 1782 1525 1957 1578; x_wconf 81' lang='grc' dir='ltr'>ἐδόκει</span> 
     </span>
    </p>
   </div>
   <div class='ocr_carea' id='block_1_17' title="bbox 349 1616 1958 1688">
    <p class='ocr_par' dir='ltr' id='par_1_17' title="bbox 349 1616 1958 1688">
     <span class='ocr_line' id='line_1_17' title="bbox 349 1616 1958 1688; baseline -0.001 -17"><span class='ocrx_word' id='word_1_104' title='bbox 349 1635 474 1681; x_wconf 86' lang='grc' dir='ltr'><strong>πως</strong></span> <span class='ocrx_word' id='word_1_105' title='bbox 510 1616 903 1688; x_wconf 79' lang='grc' dir='ltr'>ἀντιφέρεσθαι</span> <span class='ocrx_word' id='word_1_106' title='bbox 931 1620 1043 1681; x_wconf 84' lang='grc' dir='ltr'>τοῖς</span> <span class='ocrx_word' id='word_1_107' title='bbox 1072 1616 1240 1672; x_wconf 86' lang='grc' dir='ltr'>πάλαι</span> <span class='ocrx_word' id='word_1_108' title='bbox 1270 1618 1717 1688; x_wconf 83' lang='grc' dir='ltr'>τεθεσπισμένοις</span> <span class='ocrx_word' id='word_1_109' title='bbox 1740 1617 1828 1671; x_wconf 83' lang='grc' dir='ltr'><strong>διὰ</strong></span> <span class='ocrx_word' id='word_1_110' title='bbox 1858 1618 1958 1688; x_wconf 81' lang='grc' dir='ltr'><strong>τῆς</strong></span> 
     </span>
    </p>
   </div>
   <div class='ocr_carea' id='block_1_18' title="bbox 347 1709 1953 1780">
    <p class='ocr_par' dir='ltr' id='par_1_18' title="bbox 347 1709 1953 1780">
     <span class='ocr_line' id='line_1_18' title="bbox 347 1709 1953 1780; baseline -0.001 -16"><span class='ocrx_word' id='word_1_111' title='bbox 347 1709 448 1764; x_wconf 78' lang='grc' dir='ltr'><strong>τοῦ</strong></span> <span class='ocrx_word' id='word_1_112' title='bbox 505 1711 789 1779; x_wconf 81' lang='grc' dir='ltr'>προφήτου</span> <span class='ocrx_word' id='word_1_113' title='bbox 835 1710 1048 1780; x_wconf 73' lang='grc' dir='ltr'>φωνῆς,</span> <span class='ocrx_word' id='word_1_114' title='bbox 1089 1709 1315 1778; x_wconf 80' lang='grc' dir='ltr'>ἄγοντος</span> <span class='ocrx_word' id='word_1_115' title='bbox 1357 1709 1461 1763; x_wconf 73' lang='grc' dir='ltr'><strong>ὑπὸ</strong></span> <span class='ocrx_word' id='word_1_116' title='bbox 1505 1710 1662 1780; x_wconf 82' lang='grc' dir='ltr'>δίκην</span> <span class='ocrx_word' id='word_1_117' title='bbox 1722 1711 1816 1763; x_wconf 67' lang='grc' dir='ltr'>καὶ</span> <span class='ocrx_word' id='word_1_118' title='bbox 1845 1728 1953 1762; x_wconf 83' lang='grc' dir='ltr'>πα-</span> 
     </span>
    </p>
   </div>
   <div class='ocr_carea' id='block_1_19' title="bbox 351 1799 1954 1874">
    <p class='ocr_par' dir='ltr' id='par_1_19' title="bbox 351 1799 1954 1874">
     <span class='ocr_line' id='line_1_19' title="bbox 351 1799 1954 1874; baseline 0.002 -23"><span class='ocrx_word' id='word_1_119' title='bbox 351 1801 628 1874; x_wconf 78' lang='grc' dir='ltr'>ρανομίας</span> <span class='ocrx_word' id='word_1_120' title='bbox 684 1799 937 1871; x_wconf 76' lang='grc' dir='ltr'>ἔγκλημα</span> <span class='ocrx_word' id='word_1_121' title='bbox 1007 1802 1457 1874; x_wconf 75' lang='grc' dir='ltr'>καταγράφοντος</span> <span class='ocrx_word' id='word_1_122' title='bbox 1510 1802 1604 1855; x_wconf 77' lang='grc' dir='ltr'><strong>τοῦ</strong></span> <span class='ocrx_word' id='word_1_123' title='bbox 1644 1802 1954 1871; x_wconf 77' lang='grc' dir='ltr'>τολμῶντος</span> 
     </span>
    </p>
   </div>
   <div class='ocr_carea' id='block_1_20' title="bbox 2060 606 3650 677">
    <p class='ocr_par' dir='ltr' id='par_1_20' title="bbox 2060 606 3650 677">
     <span class='ocr_line' id='line_1_20' title="bbox 2060 606 3650 677; baseline 0.001 -15"><span class='ocrx_word' id='word_1_124' title='bbox 2060 608 2175 663; x_wconf 87' lang='lat' dir='ltr'><strong>sis:</strong></span> <span class='ocrx_word' id='word_1_125' title='bbox 2213 626 2233 660; x_wconf 82' lang='grc' dir='ltr'><strong>ι</strong></span> <span class='ocrx_word' id='word_1_126' title='bbox 2274 606 2412 674; x_wconf 84' lang='lat' dir='ltr'><strong>Quid</strong></span> <span class='ocrx_word' id='word_1_127' title='bbox 2441 624 2571 677; x_wconf 70' lang='lat' dir='ltr'><strong>ergo</strong></span> <span class='ocrx_word' id='word_1_128' title='bbox 2604 610 2883 663; x_wconf 85' lang='lat' dir='ltr'><strong>mandavit</strong></span> <span class='ocrx_word' id='word_1_129' title='bbox 2913 606 3092 660; x_wconf 77' lang='lat' dir='ltr'><strong>Moses</strong></span> <span class='ocrx_word' id='word_1_130' title='bbox 3128 608 3258 661; x_wconf 86' lang='lat' dir='ltr'><strong>dare</strong></span> <span class='ocrx_word' id='word_1_131' title='bbox 3293 606 3528 662; x_wconf 86' lang='lat' dir='ltr'><strong>libellum</strong></span> <span class='ocrx_word' id='word_1_132' title='bbox 3563 624 3650 663; x_wconf 87' lang='lat' dir='ltr'><strong>re-</strong></span> 
     </span>
    </p>
   </div>
   <div class='ocr_carea' id='block_1_21' title="bbox 2058 699 3651 771">
    <p class='ocr_par' dir='ltr' id='par_1_21' title="bbox 2058 699 3651 771">
     <span class='ocr_line' id='line_1_21' title="bbox 2058 699 3651 771; baseline -0.001 -16"><span class='ocrx_word' id='word_1_133' title='bbox 2058 700 2206 771; x_wconf 89' lang='lat' dir='ltr'><strong>pudii</strong></span> <span class='ocrx_word' id='word_1_134' title='bbox 2232 711 2284 756; x_wconf 92' lang='lat' dir='ltr'><strong>et</strong></span> <span class='ocrx_word' id='word_1_135' title='bbox 2305 702 2580 756; x_wconf 52' lang='lat' dir='ltr'><strong>dimittet:</strong></span> <span class='ocrx_word' id='word_1_136' title='bbox 2598 716 2821 757; x_wconf 71' lang='lat' dir='ltr'><strong>uxorem</strong></span> <span class='ocrx_word' id='word_1_137' title='bbox 2837 701 2860 754; x_wconf 84' lang='lat'><strong>?</strong></span> <span class='ocrx_word' id='word_1_138' title='bbox 2878 700 3156 769; x_wconf 74' lang='lat' dir='ltr'><strong>respondit</strong></span> <span class='ocrx_word' id='word_1_139' title='bbox 3176 717 3190 754; x_wconf 91' lang='lat'><strong>:</strong></span> <span class='ocrx_word' id='word_1_140' title='bbox 3211 699 3385 754; x_wconf 78' lang='lat' dir='ltr'><strong>Muses</strong></span> <span class='ocrx_word' id='word_1_141' title='bbox 3428 710 3651 769; x_wconf 70' lang='lat' dir='ltr'><strong>propter</strong></span> 
     </span>
    </p>
   </div>
   <div class='ocr_carea' id='block_1_22' title="bbox 2059 793 3648 862">
    <p class='ocr_par' dir='ltr' id='par_1_22' title="bbox 2059 793 3648 862">
     <span class='ocr_line' id='line_1_22' title="bbox 2059 793 3648 862; baseline -0.001 -12"><span class='ocrx_word' id='word_1_142' title='bbox 2059 793 2315 850; x_wconf 78' lang='lat' dir='ltr'><strong>duritiam</strong></span> <span class='ocrx_word' id='word_1_143' title='bbox 2340 795 2523 849; x_wconf 89' lang='lat' dir='ltr'><strong>cordis</strong></span> <span class='ocrx_word' id='word_1_144' title='bbox 2554 794 2716 848; x_wconf 81' lang='lat' dir='ltr'><strong>vestri</strong></span> <span class='ocrx_word' id='word_1_145' title='bbox 2747 795 2849 849; x_wconf 90' lang='lat' dir='ltr'><strong>hoc</strong></span> <span class='ocrx_word' id='word_1_146' title='bbox 2871 794 3115 862; x_wconf 82' lang='lat' dir='ltr'><strong>permisit</strong></span> <span class='ocrx_word' id='word_1_147' title='bbox 3140 795 3242 858; x_wconf 88' lang='lat' dir='ltr'><strong>;ah</strong></span> <span class='ocrx_word' id='word_1_148' title='bbox 3273 793 3431 849; x_wconf 89' lang='lat' dir='ltr'><strong>initio</strong></span> <span class='ocrx_word' id='word_1_149' title='bbox 3467 804 3648 849; x_wconf 96' lang='lat' dir='ltr'><strong>autent</strong></span> 
     </span>
    </p>
   </div>
   <div class='ocr_carea' id='block_1_23' title="bbox 2058 884 3646 953">
    <p class='ocr_par' dir='ltr' id='par_1_23' title="bbox 2058 884 3646 953">
     <span class='ocr_line' id='line_1_23' title="bbox 2058 884 3646 953; baseline 0 -14"><span class='ocrx_word' id='word_1_150' title='bbox 2058 899 2166 939; x_wconf 90' lang='lat' dir='ltr'><strong>non</strong></span> <span class='ocrx_word' id='word_1_151' title='bbox 2189 884 2701 953; x_wconf 86' lang='lat' dir='ltr'><strong>eratsic;Creator_</strong></span> <span class='ocrx_word' id='word_1_152' title='bbox 2727 886 2873 940; x_wconf 89' lang='lat' dir='ltr'><strong>enim</strong></span> <span class='ocrx_word' id='word_1_153' title='bbox 2920 884 3220 940; x_wconf 85' lang='lat' dir='ltr'><strong>masculum</strong></span> <span class='ocrx_word' id='word_1_154' title='bbox 3275 896 3331 938; x_wconf 93' lang='lat' dir='ltr'><strong>et</strong></span> <span class='ocrx_word' id='word_1_155' title='bbox 3388 884 3646 939; x_wconf 84' lang='lat' dir='ltr'><strong>feminam</strong></span> 
     </span>
    </p>
   </div>
   <div class='ocr_carea' id='block_1_24' title="bbox 2059 971 3651 1045">
    <p class='ocr_par' dir='ltr' id='par_1_24' title="bbox 2059 971 3651 1045">
     <span class='ocr_line' id='line_1_24' title="bbox 2059 971 3651 1045; baseline 0.001 -17"><span class='ocrx_word' id='word_1_156' title='bbox 2059 971 2190 1028; x_wconf 81' lang='lat' dir='ltr'><strong>fecit</strong></span> <span class='ocrx_word' id='word_1_157' title='bbox 2244 990 2360 1030; x_wconf 87' lang='lat' dir='ltr'><strong>eos.</strong></span> <span class='ocrx_word' id='word_1_158' title='bbox 2389 975 2542 1042; x_wconf 80' lang='lat' dir='ltr'><strong>Quod</strong></span> <span class='ocrx_word' id='word_1_159' title='bbox 2602 976 2767 1045; x_wconf 75' lang='lat' dir='ltr'><strong>igitur</strong></span> <span class='ocrx_word' id='word_1_160' title='bbox 2811 974 2955 1030; x_wconf 83' lang='lat' dir='ltr'><strong>Deus</strong></span> <span class='ocrx_word' id='word_1_161' title='bbox 3005 974 3308 1045; x_wconf 80' lang='lat' dir='ltr'><strong>conjunxit,</strong></span> <span class='ocrx_word' id='word_1_162' title='bbox 3362 974 3523 1029; x_wconf 89' lang='lat' dir='ltr'><strong>homo</strong></span> <span class='ocrx_word' id='word_1_163' title='bbox 3582 991 3651 1030; x_wconf 85' lang='lat' dir='ltr'><strong>ne</strong></span> 
     </span>
    </p>
   </div>
   <div class='ocr_carea' id='block_1_25' title="bbox 2059 1065 3650 1136">
    <p class='ocr_par' dir='ltr' id='par_1_25' title="bbox 2059 1065 3650 1136">
     <span class='ocr_line' id='line_1_25' title="bbox 2059 1065 3650 1136; baseline 0.001 -14"><span class='ocrx_word' id='word_1_164' title='bbox 2059 1076 2277 1135; x_wconf 85' lang='lat' dir='ltr'><strong>separet</strong></span> <span class='ocrx_word' id='word_1_165' title='bbox 2306 1067 2372 1121; x_wconf 80' lang='lat'><strong>“.</strong></span> <span class='ocrx_word' id='word_1_166' title='bbox 2425 1065 2710 1122; x_wconf 86' lang='lat' dir='ltr'><strong>Custodite</strong></span> <span class='ocrx_word' id='word_1_167' title='bbox 2761 1067 2878 1122; x_wconf 82' lang='lat' dir='ltr'><strong>illas</strong></span> <span class='ocrx_word' id='word_1_168' title='bbox 2908 1067 2961 1120; x_wconf 92' lang='lat' dir='ltr'><strong>in</strong></span> <span class='ocrx_word' id='word_1_169' title='bbox 3001 1069 3194 1136; x_wconf 82' lang='lat' dir='ltr'><strong>spiritu</strong></span> <span class='ocrx_word' id='word_1_170' title='bbox 3228 1078 3427 1131; x_wconf 85' lang='lat' dir='ltr'><strong>vestro,</strong></span> <span class='ocrx_word' id='word_1_171' title='bbox 3476 1078 3531 1121; x_wconf 88' lang='lat' dir='ltr'><strong>et</strong></span> <span class='ocrx_word' id='word_1_172' title='bbox 3581 1083 3650 1124; x_wconf 85' lang='lat' dir='ltr'><strong>ne</strong></span> 
     </span>
    </p>
   </div>
   <div class='ocr_carea' id='block_1_26' title="bbox 2061 1158 3657 1228">
    <p class='ocr_par' dir='ltr' id='par_1_26' title="bbox 2061 1158 3657 1228">
     <span class='ocr_line' id='line_1_26' title="bbox 2061 1158 3657 1228; baseline 0.001 -15"><span class='ocrx_word' id='word_1_173' title='bbox 2061 1159 2369 1228; x_wconf 84' lang='lat' dir='ltr'><strong>relinquite.</strong></span> <span class='ocrx_word' id='word_1_174' title='bbox 2438 1159 2731 1224; x_wconf 66' lang='lat' dir='ltr'><strong>Caeterum,</strong></span> <span class='ocrx_word' id='word_1_175' title='bbox 2757 1174 2880 1212; x_wconf 81' lang='lat' dir='ltr'><strong>cum</strong></span> <span class='ocrx_word' id='word_1_176' title='bbox 2915 1158 2999 1212; x_wconf 83' lang='lat' dir='ltr'><strong>lex</strong></span> <span class='ocrx_word' id='word_1_177' title='bbox 3024 1169 3209 1225; x_wconf 81' lang='lat' dir='ltr'><strong>aperte</strong></span> <span class='ocrx_word' id='word_1_178' title='bbox 3249 1168 3305 1214; x_wconf 88' lang='lat' dir='ltr'><strong>et</strong></span> <span class='ocrx_word' id='word_1_179' title='bbox 3365 1158 3657 1215; x_wconf 77' lang='lat' dir='ltr'><strong>manifeste</strong></span> 
     </span>
    </p>
   </div>
   <div class='ocr_carea' id='block_1_27' title="bbox 2060 1250 3650 1319">
    <p class='ocr_par' dir='ltr' id='par_1_27' title="bbox 2060 1250 3650 1319">
     <span class='ocr_line' id='line_1_27' title="bbox 2060 1250 3650 1319; baseline -0.002 -14"><span class='ocrx_word' id='word_1_180' title='bbox 2060 1255 2266 1305; x_wconf 88' lang='lat' dir='ltr'><strong>sanciat</strong></span> <span class='ocrx_word' id='word_1_181' title='bbox 2302 1251 2466 1305; x_wconf 85' lang='lat' dir='ltr'><strong>licere</strong></span> <span class='ocrx_word' id='word_1_182' title='bbox 2489 1251 2795 1306; x_wconf 89' lang='lat' dir='ltr'><strong>volentibus</strong></span> <span class='ocrx_word' id='word_1_183' title='bbox 2819 1250 3091 1318; x_wconf 71' lang='lat' dir='ltr'><strong>objectare</strong></span> <span class='ocrx_word' id='word_1_184' title='bbox 3123 1250 3357 1305; x_wconf 85' lang='lat' dir='ltr'><strong>libellum</strong></span> <span class='ocrx_word' id='word_1_185' title='bbox 3411 1253 3650 1319; x_wconf 62' lang='lat' dir='ltr'><strong>repudii,</strong></span> 
     </span>
    </p>
   </div>
   <div class='ocr_carea' id='block_1_28' title="bbox 2059 1342 3654 1413">
    <p class='ocr_par' dir='ltr' id='par_1_28' title="bbox 2059 1342 3654 1413">
     <span class='ocr_line' id='line_1_28' title="bbox 2059 1342 3654 1413; baseline -0.001 -15"><span class='ocrx_word' id='word_1_186' title='bbox 2059 1344 2303 1413; x_wconf 84' lang='lat' dir='ltr'><strong>citraque</strong></span> <span class='ocrx_word' id='word_1_187' title='bbox 2335 1342 2809 1411; x_wconf 78' lang='lat' dir='ltr'><strong>reprehensionem</strong></span> <span class='ocrx_word' id='word_1_188' title='bbox 2867 1358 3062 1397; x_wconf 79' lang='lat' dir='ltr'><strong>uxores</strong></span> <span class='ocrx_word' id='word_1_189' title='bbox 3111 1344 3404 1405; x_wconf 84' lang='lat' dir='ltr'><strong>dimittere,</strong></span> <span class='ocrx_word' id='word_1_190' title='bbox 3440 1344 3654 1396; x_wconf 85' lang='lat' dir='ltr'><strong>videtur</strong></span> 
     </span>
    </p>
   </div>
   <div class='ocr_carea' id='block_1_29' title="bbox 2059 1433 3647 1505">
    <p class='ocr_par' dir='ltr' id='par_1_29' title="bbox 2059 1433 3647 1505">
     <span class='ocr_line' id='line_1_29' title="bbox 2059 1433 3647 1505; baseline 0.002 -20"><span class='ocrx_word' id='word_1_191' title='bbox 2059 1437 2211 1505; x_wconf 82' lang='lat' dir='ltr'><strong>quasi</strong></span> <span class='ocrx_word' id='word_1_192' title='bbox 2232 1434 2453 1502; x_wconf 83' lang='lat' dir='ltr'><strong>antiquo</strong></span> <span class='ocrx_word' id='word_1_193' title='bbox 2467 1434 2689 1491; x_wconf 86' lang='lat' dir='ltr'><strong>oraculo</strong></span> <span class='ocrx_word' id='word_1_194' title='bbox 2714 1448 3012 1503; x_wconf 77' lang='lat' dir='ltr'><strong>repugnare</strong></span> <span class='ocrx_word' id='word_1_195' title='bbox 3033 1448 3132 1485; x_wconf 85' lang='lat' dir='ltr'><strong>vox</strong></span> <span class='ocrx_word' id='word_1_196' title='bbox 3152 1433 3447 1501; x_wconf 44' lang='lat' dir='ltr'><strong>prophetat</strong></span> <span class='ocrx_word' id='word_1_197' title='bbox 3471 1448 3647 1501; x_wconf 65' lang='lat' dir='ltr'><strong>paenae</strong></span> 
     </span>
    </p>
   </div>
   <div class='ocr_carea' id='block_1_30' title="bbox 2061 1523 3652 1594">
    <p class='ocr_par' dir='ltr' id='par_1_30' title="bbox 2061 1523 3652 1594">
     <span class='ocr_line' id='line_1_30' title="bbox 2061 1523 3652 1594; baseline -0.003 -14"><span class='ocrx_word' id='word_1_198' title='bbox 2061 1523 2400 1592; x_wconf 82' lang='lat' dir='ltr'><strong>subjicientis</strong></span> <span class='ocrx_word' id='word_1_199' title='bbox 2431 1536 2485 1579; x_wconf 88' lang='lat' dir='ltr'><strong>et</strong></span> <span class='ocrx_word' id='word_1_200' title='bbox 2522 1525 2822 1594; x_wconf 88' lang='lat' dir='ltr'><strong>iniquitatis</strong></span> <span class='ocrx_word' id='word_1_201' title='bbox 2882 1525 3090 1578; x_wconf 88' lang='lat' dir='ltr'><strong>crimen</strong></span> <span class='ocrx_word' id='word_1_202' title='bbox 3150 1524 3499 1592; x_wconf 79' lang='lat' dir='ltr'><strong>impingentis</strong></span> <span class='ocrx_word' id='word_1_203' title='bbox 3551 1540 3652 1577; x_wconf 83' lang='lat' dir='ltr'><strong>att-</strong></span> 
     </span>
    </p>
   </div>
   <div class='ocr_carea' id='block_1_31' title="bbox 2060 1613 3653 1686">
    <p class='ocr_par' dir='ltr' id='par_1_31' title="bbox 2060 1613 3653 1686">
     <span class='ocr_line' id='line_1_31' title="bbox 2060 1613 3653 1686; baseline -0.003 -12"><span class='ocrx_word' id='word_1_204' title='bbox 2060 1618 2209 1674; x_wconf 90' lang='lat' dir='ltr'><strong>denti</strong></span> <span class='ocrx_word' id='word_1_205' title='bbox 2231 1619 2433 1672; x_wconf 90' lang='lat' dir='ltr'><strong>ducere</strong></span> <span class='ocrx_word' id='word_1_206' title='bbox 2456 1634 2681 1672; x_wconf 89' lang='lat' dir='ltr'><strong>uxorem</strong></span> <span class='ocrx_word' id='word_1_207' title='bbox 2702 1627 2755 1671; x_wconf 91' lang='lat' dir='ltr'><strong>et</strong></span> <span class='ocrx_word' id='word_1_208' title='bbox 2774 1618 3038 1686; x_wconf 88' lang='lat' dir='ltr'><strong>separari.</strong></span> <span class='ocrx_word' id='word_1_209' title='bbox 3053 1613 3534 1670; x_wconf 79' lang='lat' dir='ltr'><strong>Providentissime</strong></span> <span class='ocrx_word' id='word_1_210' title='bbox 3555 1616 3653 1685; x_wconf 80' lang='lat' dir='ltr'><strong>igi-</strong></span> 
     </span>
    </p>
   </div>
   <div class='ocr_carea' id='block_1_32' title="bbox 2065 1708 3649 1778">
    <p class='ocr_par' dir='ltr' id='par_1_32' title="bbox 2065 1708 3649 1778">
     <span class='ocr_line' id='line_1_32' title="bbox 2065 1708 3649 1778; baseline -0.006 -10"><span class='ocrx_word' id='word_1_211' title='bbox 2065 1722 2150 1768; x_wconf 86' lang='lat' dir='ltr'><strong>tur</strong></span> <span class='ocrx_word' id='word_1_212' title='bbox 2173 1711 2258 1766; x_wconf 90' lang='lat' dir='ltr'><strong>his</strong></span> <span class='ocrx_word' id='word_1_213' title='bbox 2280 1712 2459 1766; x_wconf 81' lang='lat' dir='ltr'><strong>verbis</strong></span> <span class='ocrx_word' id='word_1_214' title='bbox 2476 1711 2710 1764; x_wconf 85' lang='lat' dir='ltr'><strong>ostendit</strong></span> <span class='ocrx_word' id='word_1_215' title='bbox 2735 1710 2998 1778; x_wconf 78' lang='lat' dir='ltr'><strong>propheta</strong></span> <span class='ocrx_word' id='word_1_216' title='bbox 3023 1708 3334 1761; x_wconf 85' lang='lat' dir='ltr'><strong>mandatum</strong></span> <span class='ocrx_word' id='word_1_217' title='bbox 3363 1718 3517 1759; x_wconf 86' lang='lat' dir='ltr'><strong>vetus</strong></span> <span class='ocrx_word' id='word_1_218' title='bbox 3543 1722 3649 1767; x_wconf 81' lang='lat' dir='ltr'><strong>non</strong></span> 
     </span>
    </p>
   </div>
   <div class='ocr_carea' id='block_1_33' title="bbox 2062 1799 3652 1875">
    <p class='ocr_par' dir='ltr' id='par_1_33' title="bbox 2062 1799 3652 1875">
     <span class='ocr_line' id='line_1_33' title="bbox 2062 1799 3652 1875; baseline -0.006 -16"><span class='ocrx_word' id='word_1_219' title='bbox 2062 1819 2184 1859; x_wconf 83' lang='lat' dir='ltr'><strong>esse</strong></span> <span class='ocrx_word' id='word_1_220' title='bbox 2207 1803 2465 1875; x_wconf 82' lang='lat' dir='ltr'><strong>quiddam</strong></span> <span class='ocrx_word' id='word_1_221' title='bbox 2489 1802 2748 1867; x_wconf 90' lang='lat' dir='ltr'><strong>otiosum,</strong></span> <span class='ocrx_word' id='word_1_222' title='bbox 2775 1814 2877 1855; x_wconf 88' lang='lat' dir='ltr'><strong>uec</strong></span> <span class='ocrx_word' id='word_1_223' title='bbox 2903 1800 3086 1853; x_wconf 89' lang='lat' dir='ltr'><strong>sinere</strong></span> <span class='ocrx_word' id='word_1_224' title='bbox 3113 1808 3167 1853; x_wconf 89' lang='lat' dir='ltr'><strong>ttt</strong></span> <span class='ocrx_word' id='word_1_225' title='bbox 3203 1800 3340 1852; x_wconf 73' lang='lat' dir='ltr'><strong>hanc</strong></span> <span class='ocrx_word' id='word_1_226' title='bbox 3366 1799 3467 1853; x_wconf 88' lang='lat' dir='ltr'><strong>sibi</strong></span> <span class='ocrx_word' id='word_1_227' title='bbox 3490 1814 3652 1852; x_wconf 84' lang='lat' dir='ltr'><strong>occa-</strong></span> 
     </span>
    </p>
   </div>
   <div class='ocr_carea' id='block_1_34' title="bbox 348 1878 1986 1966">
    <p class='ocr_par' dir='ltr' id='par_1_34' title="bbox 348 1892 1956 1966">
     <span class='ocr_line' id='line_1_34' title="bbox 348 1892 1956 1966; baseline 0.001 -20"><span class='ocrx_word' id='word_1_228' title='bbox 348 1893 660 1964; x_wconf 79' lang='grc' dir='ltr'>προσάγειν</span> <span class='ocrx_word' id='word_1_229' title='bbox 709 1893 803 1945; x_wconf 74' lang='grc' dir='ltr'>καὶ</span> <span class='ocrx_word' id='word_1_230' title='bbox 849 1892 1314 1961; x_wconf 80' lang='grc' dir='ltr'>ἀπονοσφίζεσθαι</span> <span class='ocrx_word' id='word_1_231' title='bbox 1351 1895 1632 1963; x_wconf 76' lang='grc' dir='ltr'>γυναικός.</span> <span class='ocrx_word' id='word_1_232' title='bbox 1667 1895 1956 1966; x_wconf 82' lang='grc' dir='ltr'>Οίκονομι-</span> 
     </span>
    </p>
   </div>
   <div class='ocr_carea' id='block_1_35' title="bbox 2064 1878 3650 1966">
    <p class='ocr_par' dir='ltr' id='par_1_35' title="bbox 2064 1878 3650 1962">
     <span class='ocr_line' id='line_1_35' title="bbox 2064 1878 3650 1962; baseline -0.005 -12"><span class='ocrx_word' id='word_1_233' title='bbox 2064 1897 2273 1950; x_wconf 88' lang='lat' dir='ltr'><strong>sionem</strong></span> <span class='ocrx_word' id='word_1_234' title='bbox 2310 1897 2574 1950; x_wconf 83' lang='lat' dir='ltr'><strong>scelerate</strong></span> <span class='ocrx_word' id='word_1_235' title='bbox 2613 1894 2845 1948; x_wconf 84' lang='lat' dir='ltr'><strong>faciendi</strong></span> <span class='ocrx_word' id='word_1_236' title='bbox 2901 1878 3122 1962; x_wconf 77' lang='lat' dir='ltr'><strong>quidam</strong></span> <span class='ocrx_word' id='word_1_237' title='bbox 3186 1892 3479 1960; x_wconf 86' lang='lat' dir='ltr'><strong>accipiant.</strong></span> <span class='ocrx_word' id='word_1_238' title='bbox 3533 1889 3650 1942; x_wconf 87' lang='lat' dir='ltr'><strong>Non</strong></span> 
     </span>
    </p>
   </div>
   <div class='ocr_carea' id='block_1_36' title="bbox 347 1979 1958 2063">
    <p class='ocr_par' dir='ltr' id='par_1_36' title="bbox 347 1979 1958 2063">
     <span class='ocr_line' id='line_1_36' title="bbox 347 1979 1958 2063; baseline 0 -25"><span class='ocrx_word' id='word_1_239' title='bbox 347 1983 580 2038; x_wconf 83' lang='grc' dir='ltr'>κώτατα</span> <span class='ocrx_word' id='word_1_240' title='bbox 605 1982 788 2035; x_wconf 89' lang='grc' dir='ltr'>τοίνυν</span> <span class='ocrx_word' id='word_1_241' title='bbox 813 1982 902 2035; x_wconf 80' lang='grc' dir='ltr'>διὰ</span> <span class='ocrx_word' id='word_1_242' title='bbox 933 1979 1043 2034; x_wconf 87' lang='grc' dir='ltr'><strong>τῶν</strong></span> <span class='ocrx_word' id='word_1_243' title='bbox 1079 1983 1495 2054; x_wconf 79' lang='grc' dir='ltr'>προσκειμένων</span> <span class='ocrx_word' id='word_1_244' title='bbox 1523 1983 1645 2063; x_wconf 65' lang='grc' dir='ltr'>οςθτε</span> <span class='ocrx_word' id='word_1_245' title='bbox 1676 1984 1958 2056; x_wconf 81' lang='grc' dir='ltr'>ἄπρακτον</span> 
     </span>
    </p>
   </div>
   <div class='ocr_carea' id='block_1_37' title="bbox 346 2072 1957 2146">
    <p class='ocr_par' dir='ltr' id='par_1_37' title="bbox 346 2072 1957 2146">
     <span class='ocr_line' id='line_1_37' title="bbox 346 2072 1957 2146; baseline -0.001 -16"><span class='ocrx_word' id='word_1_246' title='bbox 346 2075 651 2145; x_wconf 70' lang='grc' dir='ltr'>ἀποφαίνει</span> <span class='ocrx_word' id='word_1_247' title='bbox 701 2073 800 2144; x_wconf 86' lang='grc' dir='ltr'>τὴν</span> <span class='ocrx_word' id='word_1_248' title='bbox 832 2072 1066 2145; x_wconf 80' lang='grc' dir='ltr'>ἀρχαίαν</span> <span class='ocrx_word' id='word_1_249' title='bbox 1112 2074 1353 2144; x_wconf 79' lang='grc' dir='ltr'>ἐντολὴν,</span> <span class='ocrx_word' id='word_1_250' title='bbox 1398 2074 1524 2128; x_wconf 77' lang='grc' dir='ltr'>οὔτε</span> <span class='ocrx_word' id='word_1_251' title='bbox 1574 2075 1680 2146; x_wconf 86' lang='grc' dir='ltr'>μὴν</span> <span class='ocrx_word' id='word_1_252' title='bbox 1727 2077 1957 2129; x_wconf 79' lang='grc' dir='ltr'>ἀνοσίων</span> 
     </span>
    </p>
   </div>
   <div class='ocr_carea' id='block_1_38' title="bbox 345 2166 1963 2241">
    <p class='ocr_par' dir='ltr' id='par_1_38' title="bbox 345 2166 1963 2241">
     <span class='ocr_line' id='line_1_38' title="bbox 345 2166 1963 2241; baseline 0.003 -24"><span class='ocrx_word' id='word_1_253' title='bbox 345 2166 779 2240; x_wconf 67' lang='grc' dir='ltr'>ἐγχειρημάτων</span> <span class='ocrx_word' id='word_1_254' title='bbox 822 2166 993 2236; x_wconf 81' lang='grc' dir='ltr'>αὐτὴν</span> <span class='ocrx_word' id='word_1_255' title='bbox 1033 2166 1307 2220; x_wconf 82' lang='grc' dir='ltr'>ποιεῖσθαι</span> <span class='ocrx_word' id='word_1_256' title='bbox 1353 2168 1631 2238; x_wconf 80' lang='grc' dir='ltr'>πρόφασιν</span> <span class='ocrx_word' id='word_1_257' title='bbox 1674 2169 1963 2241; x_wconf 75' lang='grc' dir='ltr'>ἐπιτρέπει</span> 
     </span>
    </p>
   </div>
   <div class='ocr_carea' id='block_1_39' title="bbox 2065 1981 3654 2055">
    <p class='ocr_par' dir='ltr' id='par_1_39' title="bbox 2065 1981 3654 2055">
     <span class='ocr_line' id='line_1_39' title="bbox 2065 1981 3654 2055; baseline -0.004 -16"><span class='ocrx_word' id='word_1_258' title='bbox 2065 1985 2231 2050; x_wconf 84' lang='lat' dir='ltr'><strong>enim,</strong></span> <span class='ocrx_word' id='word_1_259' title='bbox 2269 1984 2467 2053; x_wconf 87' lang='lat' dir='ltr'><strong>inquit,</strong></span> <span class='ocrx_word' id='word_1_260' title='bbox 2489 1986 2746 2055; x_wconf 85' lang='lat' dir='ltr'><strong>quoniam</strong></span> <span class='ocrx_word' id='word_1_261' title='bbox 2775 1985 3022 2053; x_wconf 89' lang='lat' dir='ltr'><strong>permisit</strong></span> <span class='ocrx_word' id='word_1_262' title='bbox 3044 1984 3195 2038; x_wconf 87' lang='lat' dir='ltr'><strong>vobis</strong></span> <span class='ocrx_word' id='word_1_263' title='bbox 3227 1983 3310 2037; x_wconf 90' lang='lat' dir='ltr'><strong>lex</strong></span> <span class='ocrx_word' id='word_1_264' title='bbox 3334 1984 3464 2036; x_wconf 84' lang='lat' dir='ltr'><strong>dare</strong></span> <span class='ocrx_word' id='word_1_265' title='bbox 3500 1981 3654 2036; x_wconf 85' lang='lat' dir='ltr'><strong>libel-</strong></span> 
     </span>
    </p>
   </div>
   <div class='ocr_carea' id='block_1_40' title="bbox 2063 2074 3659 2147">
    <p class='ocr_par' dir='ltr' id='par_1_40' title="bbox 2063 2074 3659 2147">
     <span class='ocr_line' id='line_1_40' title="bbox 2063 2074 3659 2147; baseline -0.004 -15"><span class='ocrx_word' id='word_1_266' title='bbox 2063 2075 2177 2132; x_wconf 93' lang='lat' dir='ltr'><strong>lum</strong></span> <span class='ocrx_word' id='word_1_267' title='bbox 2201 2078 2432 2147; x_wconf 81' lang='lat' dir='ltr'><strong>repudii,</strong></span> <span class='ocrx_word' id='word_1_268' title='bbox 2465 2077 2584 2131; x_wconf 85' lang='lat' dir='ltr'><strong>ideo</strong></span> <span class='ocrx_word' id='word_1_269' title='bbox 2603 2086 2755 2131; x_wconf 90' lang='lat' dir='ltr'><strong>extra</strong></span> <span class='ocrx_word' id='word_1_270' title='bbox 2786 2075 2997 2144; x_wconf 86' lang='lat' dir='ltr'><strong>culpam</strong></span> <span class='ocrx_word' id='word_1_271' title='bbox 3025 2075 3183 2140; x_wconf 85' lang='lat' dir='ltr'><strong>estis,</strong></span> <span class='ocrx_word' id='word_1_272' title='bbox 3215 2075 3305 2142; x_wconf 91' lang='lat' dir='ltr'><strong>qui</strong></span> <span class='ocrx_word' id='word_1_273' title='bbox 3333 2074 3536 2129; x_wconf 81' lang='lat' dir='ltr'><strong>idcirco</strong></span> <span class='ocrx_word' id='word_1_274' title='bbox 3563 2075 3659 2126; x_wconf 85' lang='lat' dir='ltr'><strong>da-</strong></span> 
     </span>
    </p>
   </div>
   <div class='ocr_carea' id='block_1_41' title="bbox 2060 2165 3656 2239">
    <p class='ocr_par' dir='ltr' id='par_1_41' title="bbox 2060 2165 3656 2239">
     <span class='ocr_line' id='line_1_41' title="bbox 2060 2165 3656 2239; baseline -0.001 -16"><span class='ocrx_word' id='word_1_275' title='bbox 2060 2171 2131 2225; x_wconf 89' lang='lat' dir='ltr'><strong>tis</strong></span> <span class='ocrx_word' id='word_1_276' title='bbox 2191 2179 2253 2224; x_wconf 88' lang='lat' dir='ltr'><strong>ut</strong></span> <span class='ocrx_word' id='word_1_277' title='bbox 2284 2186 2405 2224; x_wconf 88' lang='lat' dir='ltr'><strong>cum</strong></span> <span class='ocrx_word' id='word_1_278' title='bbox 2433 2170 2627 2223; x_wconf 91' lang='lat' dir='ltr'><strong>alienis</strong></span> <span class='ocrx_word' id='word_1_279' title='bbox 2676 2169 3026 2239; x_wconf 84' lang='lat' dir='ltr'><strong>copuletniui.</strong></span> <span class='ocrx_word' id='word_1_280' title='bbox 3110 2168 3218 2221; x_wconf 83' lang='lat' dir='ltr'><strong>Sed</strong></span> <span class='ocrx_word' id='word_1_281' title='bbox 3269 2166 3520 2236; x_wconf 85' lang='lat' dir='ltr'><strong>quamvis</strong></span> <span class='ocrx_word' id='word_1_282' title='bbox 3587 2165 3656 2221; x_wconf 86' lang='lat' dir='ltr'><strong>ab</strong></span> 
     </span>
    </p>
   </div>
   <div class='ocr_carea' id='block_1_42' title="bbox 2061 2261 3657 2333">
    <p class='ocr_par' dir='ltr' id='par_1_42' title="bbox 2061 2261 3657 2333">
     <span class='ocr_line' id='line_1_42' title="bbox 2061 2261 3657 2333; baseline -0.004 -14"><span class='ocrx_word' id='word_1_283' title='bbox 2061 2262 2730 2327; x_wconf 84' lang='lat' dir='ltr'><strong>uxorediscedereliceat,</strong></span> <span class='ocrx_word' id='word_1_284' title='bbox 2767 2264 2929 2333; x_wconf 88' lang='lat' dir='ltr'><strong>idque</strong></span> <span class='ocrx_word' id='word_1_285' title='bbox 2984 2261 3100 2331; x_wconf 74' lang='lat' dir='ltr'><strong>lege</strong></span> <span class='ocrx_word' id='word_1_286' title='bbox 3148 2263 3505 2329; x_wconf 88' lang='lat' dir='ltr'><strong>approbante,</strong></span> <span class='ocrx_word' id='word_1_287' title='bbox 3559 2274 3657 2313; x_wconf 88' lang='lat' dir='ltr'><strong>ca-</strong></span> 
     </span>
    </p>
   </div>
   <div class='ocr_carea' id='block_1_43' title="bbox 2061 2353 3650 2425">
    <p class='ocr_par' dir='ltr' id='par_1_43' title="bbox 2061 2353 3650 2425">
     <span class='ocr_line' id='line_1_43' title="bbox 2061 2353 3650 2425; baseline -0.001 -19"><span class='ocrx_word' id='word_1_288' title='bbox 2061 2366 2393 2410; x_wconf 83' lang='lat' dir='ltr'><strong>veletamen</strong></span> <span class='ocrx_word' id='word_1_289' title='bbox 2430 2375 2449 2407; x_wconf 83' lang='grc' dir='ltr'><strong>ι</strong></span> <span class='ocrx_word' id='word_1_290' title='bbox 2484 2356 2538 2409; x_wconf 91' lang='lat' dir='ltr'><strong>in</strong></span> <span class='ocrx_word' id='word_1_291' title='bbox 2566 2356 2763 2425; x_wconf 87' lang='lat' dir='ltr'><strong>spiritu</strong></span> <span class='ocrx_word' id='word_1_292' title='bbox 2823 2366 3002 2408; x_wconf 89' lang='lat' dir='ltr'><strong>vestro</strong></span> <span class='ocrx_word' id='word_1_293' title='bbox 3056 2353 3364 2420; x_wconf 87' lang='lat' dir='ltr'><strong>relinquere</strong></span> <span class='ocrx_word' id='word_1_294' title='bbox 3422 2367 3650 2406; x_wconf 80' lang='lat' dir='ltr'><strong>uxorem</strong></span> 
     </span>
    </p>
   </div>
   <div class='ocr_carea' id='block_1_44' title="bbox 344 2257 1963 2333">
    <p class='ocr_par' dir='ltr' id='par_1_44' title="bbox 344 2257 1963 2333">
     <span class='ocr_line' id='line_1_44' title="bbox 344 2257 1963 2333; baseline -0.001 -18"><span class='ocrx_word' id='word_1_295' title='bbox 344 2264 517 2316; x_wconf 76' lang='grc' dir='ltr'>τισίν.</span> <span class='ocrx_word' id='word_1_296' title='bbox 546 2262 622 2314; x_wconf 76' lang='grc' dir='ltr'><strong>Οὐ</strong></span> <span class='ocrx_word' id='word_1_297' title='bbox 654 2260 765 2330; x_wconf 84' lang='grc' dir='ltr'>γὰρ</span> <span class='ocrx_word' id='word_1_298' title='bbox 798 2257 1118 2333; x_wconf 83' lang='grc' dir='ltr'>ἐπειδήπερ,</span> <span class='ocrx_word' id='word_1_299' title='bbox 1163 2260 1348 2330; x_wconf 78' lang='grc' dir='ltr'>φησὶν,</span> <span class='ocrx_word' id='word_1_300' title='bbox 1391 2261 1596 2330; x_wconf 74' lang='grc' dir='ltr'>ἐφῆκεν</span> <span class='ocrx_word' id='word_1_301' title='bbox 1623 2262 1651 2314; x_wconf 86' lang='grc' dir='ltr'>ὁ</span> <span class='ocrx_word' id='word_1_302' title='bbox 1694 2260 1857 2331; x_wconf 85' lang='grc' dir='ltr'>νόμος</span> <span class='ocrx_word' id='word_1_303' title='bbox 1884 2260 1963 2313; x_wconf 86' lang='grc' dir='ltr'>δί-</span> 
     </span>
    </p>
   </div>
   <div class='ocr_carea' id='block_1_45' title="bbox 346 2350 1963 2425">
    <p class='ocr_par' dir='ltr' id='par_1_45' title="bbox 346 2350 1963 2425">
     <span class='ocr_line' id='line_1_45' title="bbox 346 2350 1963 2425; baseline -0.002 -18"><span class='ocrx_word' id='word_1_304' title='bbox 346 2353 547 2407; x_wconf 78' lang='grc' dir='ltr'>δοσθαι</span> <span class='ocrx_word' id='word_1_305' title='bbox 585 2353 646 2405; x_wconf 79' lang='grc' dir='ltr'>τὸ</span> <span class='ocrx_word' id='word_1_306' title='bbox 684 2351 911 2423; x_wconf 81' lang='grc' dir='ltr'>βιϐλίον,</span> <span class='ocrx_word' id='word_1_307' title='bbox 940 2351 1031 2405; x_wconf 83' lang='grc' dir='ltr'><strong>διά</strong></span> <span class='ocrx_word' id='word_1_308' title='bbox 1069 2350 1231 2404; x_wconf 79' lang='grc' dir='ltr'>τοῦτο</span> <span class='ocrx_word' id='word_1_309' title='bbox 1269 2351 1365 2405; x_wconf 74' lang='grc' dir='ltr'>καὶ</span> <span class='ocrx_word' id='word_1_310' title='bbox 1400 2351 1686 2405; x_wconf 72' lang='grc' dir='ltr'>ἀνεύθυνοι</span> <span class='ocrx_word' id='word_1_311' title='bbox 1729 2351 1963 2425; x_wconf 76' lang='grc' dir='ltr'>διδόντες</span> 
     </span>
    </p>
   </div>
   <div class='ocr_carea' id='block_1_46' title="bbox 347 2443 1962 2516">
    <p class='ocr_par' dir='ltr' id='par_1_46' title="bbox 347 2443 1962 2516">
     <span class='ocr_line' id='line_1_46' title="bbox 347 2443 1962 2516; baseline -0.001 -17"><span class='ocrx_word' id='word_1_312' title='bbox 347 2448 549 2516; x_wconf 78' lang='grc' dir='ltr'>ὑμεῖς,</span> <span class='ocrx_word' id='word_1_313' title='bbox 593 2447 683 2498; x_wconf 79' lang='grc' dir='ltr'>ἵνα</span> <span class='ocrx_word' id='word_1_314' title='bbox 726 2446 848 2507; x_wconf 83' lang='grc' dir='ltr'>ταῖς</span> <span class='ocrx_word' id='word_1_315' title='bbox 894 2443 1218 2513; x_wconf 80' lang='grc' dir='ltr'>ἀλλοφύλοις</span> <span class='ocrx_word' id='word_1_316' title='bbox 1267 2443 1630 2515; x_wconf 80' lang='grc' dir='ltr'>προσκέοισθε</span> <span class='ocrx_word' id='word_1_317' title='bbox 1691 2443 1962 2512; x_wconf 70' lang='grc' dir='ltr'>γυναιξὶν,</span> 
     </span>
    </p>
   </div>
   <div class='ocr_carea' id='block_1_47' title="bbox 348 2532 1986 2607">
    <p class='ocr_par' dir='ltr' id='par_1_47' title="bbox 348 2532 1967 2607">
     <span class='ocr_line' id='line_1_47' title="bbox 348 2532 1967 2607; baseline -0.001 -17"><span class='ocrx_word' id='word_1_318' title='bbox 348 2536 474 2591; x_wconf 75' lang='grc' dir='ltr'>ἀλλ’</span> <span class='ocrx_word' id='word_1_319' title='bbox 499 2538 549 2589; x_wconf 87' lang='grc' dir='ltr'><strong>εί</strong></span> <span class='ocrx_word' id='word_1_320' title='bbox 579 2538 671 2589; x_wconf 75' lang='grc' dir='ltr'>καὶ</span> <span class='ocrx_word' id='word_1_321' title='bbox 706 2535 921 2602; x_wconf 79' lang='grc' dir='ltr'>ἔξεστιν</span> <span class='ocrx_word' id='word_1_322' title='bbox 954 2532 1258 2605; x_wconf 65' lang='grc' dir='ltr'>ἀποστῆναί,</span> <span class='ocrx_word' id='word_1_323' title='bbox 1310 2536 1555 2603; x_wconf 81' lang='grc' dir='ltr'>γυναίου,</span> <span class='ocrx_word' id='word_1_324' title='bbox 1587 2535 1682 2589; x_wconf 72' lang='grc' dir='ltr'>καὶ</span> <span class='ocrx_word' id='word_1_325' title='bbox 1709 2532 1967 2607; x_wconf 72' lang='grc' dir='ltr'>νομικαῖς</span> 
     </span>
    </p>
   </div>
   <div class='ocr_carea' id='block_1_48' title="bbox 2064 2532 3176 2607">
    <p class='ocr_par' dir='ltr' id='par_1_48' title="bbox 2064 2536 3176 2593">
     <span class='ocr_line' id='line_1_48' title="bbox 2064 2536 3176 2593; baseline -0.002 -2"><span class='ocrx_word' id='word_1_326' title='bbox 2064 2536 2150 2591; x_wconf 79' lang='lat' dir='ltr'><strong>lex</strong></span> <span class='ocrx_word' id='word_1_327' title='bbox 2182 2539 2477 2593; x_wconf 79' lang='lat' dir='ltr'><strong>divortium</strong></span> <span class='ocrx_word' id='word_1_328' title='bbox 2536 2539 2845 2593; x_wconf 80' lang='lat' dir='ltr'><strong>volentibus</strong></span> <span class='ocrx_word' id='word_1_329' title='bbox 2870 2536 3176 2591; x_wconf 75' lang='lat' dir='ltr'><strong>indulserit.</strong></span> 
     </span>
    </p>
   </div>
   <div class='ocr_carea' id='block_1_49' title="bbox 344 2622 3661 2700">
    <p class='ocr_par' dir='ltr' id='par_1_49' title="bbox 344 2622 3661 2700">
     <span class='ocr_line' id='line_1_49' title="bbox 344 2622 3661 2700; baseline -0.001 -22"><span class='ocrx_word' id='word_1_330' title='bbox 344 2625 514 2678; x_wconf 72' lang='grc' dir='ltr'>τοῦτο</span> <span class='ocrx_word' id='word_1_331' title='bbox 560 2624 893 2697; x_wconf 82' lang='grc' dir='ltr'>πράττεσθαι</span> <span class='ocrx_word' id='word_1_332' title='bbox 923 2622 1146 2696; x_wconf 73' lang='grc' dir='ltr'>ψήφοις,</span> <span class='ocrx_word' id='word_1_333' title='bbox 1182 2624 1487 2695; x_wconf 74' lang='grc' dir='ltr'>φυλάξασθε</span> <span class='ocrx_word' id='word_1_334' title='bbox 1540 2646 1559 2678; x_wconf 83' lang='grc' dir='ltr'><strong>ι</strong></span> <span class='ocrx_word' id='word_1_335' title='bbox 1592 2628 1650 2680; x_wconf 84' lang='grc' dir='ltr'><strong>ἐν</strong></span> <span class='ocrx_word' id='word_1_336' title='bbox 1718 2626 1991 2697; x_wconf 80' lang='grc' dir='ltr'>πνεύματι</span> <span class='ocrx_word' id='word_1_337' title='bbox 2030 2627 2185 2700; x_wconf 82' lang='grc' dir='ltr'>ὑμῶν</span> <span class='ocrx_word' id='word_1_338' title='bbox 2211 2628 2272 2682; x_wconf 85' lang='grc' dir='ltr'>τὸ</span> <span class='ocrx_word' id='word_1_339' title='bbox 2296 2627 2624 2698; x_wconf 67' lang='grc' dir='ltr'>καταλείψαι</span> <span class='ocrx_word' id='word_1_340' title='bbox 2683 2631 2919 2699; x_wconf 88' lang='grc' dir='ltr'>γυναῖκα</span> <span class='ocrx_word' id='word_1_341' title='bbox 2943 2627 3042 2698; x_wconf 84' lang='grc' dir='ltr'>τὴν</span> <span class='ocrx_word' id='word_1_342' title='bbox 3066 2628 3132 2679; x_wconf 81' lang='grc' dir='ltr'><strong>ἐκ</strong></span> <span class='ocrx_word' id='word_1_343' title='bbox 3155 2625 3460 2697; x_wconf 79' lang='grc' dir='ltr'>νεότητος.»</span> <span class='ocrx_word' id='word_1_344' title='bbox 3488 2624 3661 2678; x_wconf 77' lang='grc' dir='ltr'>Τοῦτο</span> 
     </span>
    </p>
   </div>
   <div class='ocr_carea' id='block_1_50' title="bbox 346 2716 2315 2792">
    <p class='ocr_par' dir='ltr' id='par_1_50' title="bbox 346 2716 2315 2792">
     <span class='ocr_line' id='line_1_50' title="bbox 346 2716 2315 2792; baseline 0.003 -21"><span class='ocrx_word' id='word_1_345' title='bbox 346 2718 467 2792; x_wconf 81' lang='grc' dir='ltr'><strong>γάρ</strong></span> <span class='ocrx_word' id='word_1_346' title='bbox 506 2717 749 2789; x_wconf 73' lang='grc' dir='ltr'>ἄμεινον,</span> <span class='ocrx_word' id='word_1_347' title='bbox 795 2716 890 2769; x_wconf 66' lang='grc' dir='ltr'>καὶ</span> <span class='ocrx_word' id='word_1_348' title='bbox 932 2718 1134 2787; x_wconf 77' lang='grc' dir='ltr'>ἐφῆκεν</span> <span class='ocrx_word' id='word_1_349' title='bbox 1164 2718 1191 2771; x_wconf 84' lang='grc' dir='ltr'>ὁ</span> <span class='ocrx_word' id='word_1_350' title='bbox 1219 2718 1381 2788; x_wconf 86' lang='grc' dir='ltr'>νόμος</span> <span class='ocrx_word' id='word_1_351' title='bbox 1418 2720 1533 2781; x_wconf 81' lang='grc' dir='ltr'>τοῖς</span> <span class='ocrx_word' id='word_1_352' title='bbox 1566 2716 1810 2771; x_wconf 77' lang='grc' dir='ltr'>ἐθέλουσι</span> <span class='ocrx_word' id='word_1_353' title='bbox 1852 2716 1952 2788; x_wconf 79' lang='grc' dir='ltr'>τὴν</span> <span class='ocrx_word' id='word_1_354' title='bbox 1990 2721 2315 2776; x_wconf 83' lang='grc' dir='ltr'>ἀπόστασιν.</span> 
     </span>
    </p>
   </div>
   <div class='ocr_carea' id='block_1_51' title="bbox 2066 2832 3650 2901">
    <p class='ocr_par' dir='ltr' id='par_1_51' title="bbox 2066 2832 3650 2901">
     <span class='ocr_line' id='line_1_51' title="bbox 2066 2832 3650 2901; baseline -0.003 -10"><span class='ocrx_word' id='word_1_355' title='bbox 2066 2868 2073 2871; x_wconf 56' lang='grc' dir='ltr'><strong>τ</strong></span> <span class='ocrx_word' id='word_1_356' title='bbox 2142 2838 2308 2892; x_wconf 70' lang='lat' dir='ltr'><strong>Vsus.</strong></span> <span class='ocrx_word' id='word_1_357' title='bbox 2348 2838 2431 2892; x_wconf 76' lang='grc'><strong>16.</strong></span> <span class='ocrx_word' id='word_1_358' title='bbox 2465 2837 2574 2893; x_wconf 83' lang='lat' dir='ltr'><strong>Sed</strong></span> <span class='ocrx_word' id='word_1_359' title='bbox 2592 2836 2638 2891; x_wconf 80' lang='lat' dir='ltr'><strong>si</strong></span> <span class='ocrx_word' id='word_1_360' title='bbox 2670 2835 2794 2891; x_wconf 84' lang='lat' dir='ltr'><strong>odio</strong></span> <span class='ocrx_word' id='word_1_361' title='bbox 2818 2835 3014 2890; x_wconf 71' lang='lat' dir='ltr'><strong>habent</strong></span> <span class='ocrx_word' id='word_1_362' title='bbox 3037 2832 3332 2901; x_wconf 72' lang='lat' dir='ltr'><strong>dimiseris,</strong></span> <span class='ocrx_word' id='word_1_363' title='bbox 3369 2835 3499 2887; x_wconf 74' lang='lat' dir='ltr'><strong>dicit</strong></span> <span class='ocrx_word' id='word_1_364' title='bbox 3544 2832 3650 2887; x_wconf 90' lang='lat' dir='ltr'><strong>Do-</strong></span> 
     </span>
    </p>
   </div>
   <div class='ocr_carea' id='block_1_52' title="bbox 438 2833 1960 2905">
    <p class='ocr_par' dir='ltr' id='par_1_52' title="bbox 438 2833 1960 2905">
     <span class='ocr_line' id='line_1_52' title="bbox 438 2833 1960 2905; baseline -0.001 -16"><span class='ocrx_word' id='word_1_365' title='bbox 438 2837 596 2890; x_wconf 67' lang='lat' dir='ltr'><strong><em>‘AJJ&#39;</em></strong></span> <span class='ocrx_word' id='word_1_366' title='bbox 618 2835 728 2889; x_wconf 76' lang='grc' dir='ltr'><strong>ἐὰν</strong></span> <span class='ocrx_word' id='word_1_367' title='bbox 752 2833 1031 2904; x_wconf 69' lang='grc' dir='ltr'>μισήσας</span> <span class='ocrx_word' id='word_1_368' title='bbox 1061 2833 1523 2905; x_wconf 79' lang='grc' dir='ltr'>ἐξαποστείλῃς,</span> <span class='ocrx_word' id='word_1_369' title='bbox 1553 2833 1713 2904; x_wconf 71' lang='grc' dir='ltr'>λέγει</span> <span class='ocrx_word' id='word_1_370' title='bbox 1739 2835 1960 2904; x_wconf 80' lang='grc' dir='ltr'>Κύριος</span> 
     </span>
    </p>
   </div>
   <div class='ocr_carea' id='block_1_53' title="bbox 2066 2907 2615 2962">
    <p class='ocr_par' dir='ltr' id='par_1_53' title="bbox 2066 2907 2615 2962">
     <span class='ocr_line' id='line_1_53' title="bbox 2066 2907 2615 2962; baseline 0.005 -4"><span class='ocrx_word' id='word_1_371' title='bbox 2066 2910 2237 2962; x_wconf 82' lang='lat' dir='ltr'><strong>minus</strong></span> <span class='ocrx_word' id='word_1_372' title='bbox 2265 2908 2404 2961; x_wconf 80' lang='lat' dir='ltr'><strong>Deus</strong></span> <span class='ocrx_word' id='word_1_373' title='bbox 2424 2907 2615 2961; x_wconf 83' lang='lat' dir='ltr'><strong>Israel.</strong></span> 
     </span>
    </p>
   </div>
   <div class='ocr_carea' id='block_1_54' title="bbox 348 2924 876 2995">
    <p class='ocr_par' dir='ltr' id='par_1_54' title="bbox 348 2924 876 2995">
     <span class='ocr_line' id='line_1_54' title="bbox 348 2924 876 2995; baseline -0.004 -13"><span class='ocrx_word' id='word_1_374' title='bbox 348 2931 384 2982; x_wconf 79' lang='grc' dir='ltr'><em>ὁ</em></span> <span class='ocrx_word' id='word_1_375' title='bbox 424 2927 573 2992; x_wconf 76' lang='grc' dir='ltr'>Θεὸς</span> <span class='ocrx_word' id='word_1_376' title='bbox 612 2924 876 2995; x_wconf 78' lang='grc' dir='ltr'>Ἰσραήλ.</span> 
     </span>
    </p>
   </div>
   <div class='ocr_carea' id='block_1_55' title="bbox 424 3036 1955 3108">
    <p class='ocr_par' dir='ltr' id='par_1_55' title="bbox 424 3036 1955 3108">
     <span class='ocr_line' id='line_1_55' title="bbox 424 3036 1955 3108; baseline -0.004 -13"><span class='ocrx_word' id='word_1_377' title='bbox 424 3040 561 3095; x_wconf 72' lang='grc' dir='ltr'><strong>ΚΕΥ.</strong></span> <span class='ocrx_word' id='word_1_378' title='bbox 604 3038 917 3101; x_wconf 82' lang='grc' dir='ltr'>Τουτέστιν,</span> <span class='ocrx_word' id='word_1_379' title='bbox 944 3040 992 3092; x_wconf 79' lang='grc' dir='ltr'>εἰ</span> <span class='ocrx_word' id='word_1_380' title='bbox 1024 3037 1260 3108; x_wconf 76' lang='grc' dir='ltr'>πιθανὴν</span> <span class='ocrx_word' id='word_1_381' title='bbox 1298 3036 1393 3091; x_wconf 74' lang='grc' dir='ltr'>καὶ</span> <span class='ocrx_word' id='word_1_382' title='bbox 1420 3036 1731 3106; x_wconf 85' lang='grc' dir='ltr'>εὐάφορμον</span> <span class='ocrx_word' id='word_1_383' title='bbox 1771 3037 1955 3091; x_wconf 77' lang='grc' dir='ltr'>ποιού-</span> 
     </span>
    </p>
   </div>
   <div class='ocr_carea' id='block_1_56' title="bbox 351 3127 1954 3203">
    <p class='ocr_par' dir='ltr' id='par_1_56' title="bbox 351 3127 1954 3203">
     <span class='ocr_line' id='line_1_56' title="bbox 351 3127 1954 3203; baseline -0.001 -19"><span class='ocrx_word' id='word_1_384' title='bbox 351 3149 522 3203; x_wconf 84' lang='grc' dir='ltr'>μενος</span> <span class='ocrx_word' id='word_1_385' title='bbox 553 3129 651 3202; x_wconf 83' lang='grc' dir='ltr'>τὴν</span> <span class='ocrx_word' id='word_1_386' title='bbox 698 3130 1039 3199; x_wconf 83' lang='grc' dir='ltr'>ἁποπομπὴν</span> <span class='ocrx_word' id='word_1_387' title='bbox 1080 3129 1156 3199; x_wconf 84' lang='grc' dir='ltr'>τῷ</span> <span class='ocrx_word' id='word_1_388' title='bbox 1191 3127 1381 3198; x_wconf 79' lang='grc' dir='ltr'>βιϐλίῳ</span> <span class='ocrx_word' id='word_1_389' title='bbox 1429 3127 1826 3200; x_wconf 66' lang='grc' dir='ltr'>προσγράψας,</span> <span class='ocrx_word' id='word_1_390' title='bbox 1872 3130 1954 3182; x_wconf 76' lang='grc' dir='ltr'><strong>ὅτι</strong></span> 
     </span>
    </p>
   </div>
   <div class='ocr_carea' id='block_1_57' title="bbox 2063 3133 3659 3201">
    <p class='ocr_par' dir='ltr' id='par_1_57' title="bbox 2063 3133 3659 3201">
     <span class='ocr_line' id='line_1_57' title="bbox 2063 3133 3659 3201; baseline 0.001 -16"><span class='ocrx_word' id='word_1_391' title='bbox 2063 3133 2284 3186; x_wconf 89' lang='lat' dir='ltr'><strong>easione</strong></span> <span class='ocrx_word' id='word_1_392' title='bbox 2307 3145 2486 3186; x_wconf 86' lang='lat' dir='ltr'><strong>natam</strong></span> <span class='ocrx_word' id='word_1_393' title='bbox 2512 3134 2890 3188; x_wconf 84' lang='lat' dir='ltr'><strong>dimissionem</strong></span> <span class='ocrx_word' id='word_1_394' title='bbox 2921 3133 3173 3188; x_wconf 86' lang='lat' dir='ltr'><strong>indicans</strong></span> <span class='ocrx_word' id='word_1_395' title='bbox 3201 3134 3544 3201; x_wconf 81' lang='lat' dir='ltr'><strong>ascripseris,</strong></span> <span class='ocrx_word' id='word_1_396' title='bbox 3602 3146 3659 3187; x_wconf 84' lang='lat' dir='ltr'><strong>te</strong></span> 
     </span>
    </p>
   </div>
   <div class='ocr_carea' id='block_1_58' title="bbox 352 3219 3643 3294">
    <p class='ocr_par' dir='ltr' id='par_1_58' title="bbox 352 3219 3643 3294">
     <span class='ocr_line' id='line_1_58' title="bbox 352 3219 3643 3294; baseline 0.001 -18"><span class='ocrx_word' id='word_1_397' title='bbox 352 3221 686 3294; x_wconf 84' lang='grc' dir='ltr'>μεμίσηκάς</span> <span class='ocrx_word' id='word_1_398' title='bbox 718 3237 778 3273; x_wconf 91' lang='grc' dir='ltr'><strong>τε</strong></span> <span class='ocrx_word' id='word_1_399' title='bbox 809 3237 907 3273; x_wconf 85' lang='grc' dir='ltr'><strong>και</strong></span> <span class='ocrx_word' id='word_1_400' title='bbox 949 3220 1282 3273; x_wconf 82' lang='grc' dir='ltr'>ἀπεστείλω.</span> <span class='ocrx_word' id='word_1_401' title='bbox 1990 3219 2033 3265; x_wconf 68' lang='grc' dir='ltr'><strong>υ</strong></span> <span class='ocrx_word' id='word_1_402' title='bbox 2067 3224 2344 3289; x_wconf 84' lang='lat' dir='ltr'><strong>odisse,et</strong></span> <span class='ocrx_word' id='word_1_403' title='bbox 2383 3225 2461 3280; x_wconf 87' lang='lat' dir='ltr'><strong>ita</strong></span> <span class='ocrx_word' id='word_1_404' title='bbox 2503 3225 2803 3280; x_wconf 87' lang='lat' dir='ltr'><strong>dimittere.</strong></span> <span class='ocrx_word' id='word_1_405' title='bbox 3435 3219 3438 3222; x_wconf 62' lang='grc'><strong>’</strong></span> <span class='ocrx_word' id='word_1_406' title='bbox 3632 3242 3643 3247; x_wconf 71' lang='grc'><strong>’</strong></span> 
     </span>
    </p>
   </div>
   <div class='ocr_carea' id='block_1_59' title="bbox 1990 3208 2803 3289">
    <p class='ocr_par' dir='ltr' id='par_1_59' title="bbox 1990 3208 2803 3289">
     <span class='ocr_line' id='line_1_59' title="bbox 1990 3208 2803 3289; baseline -0.002 -9"><span class='ocrx_word' id='word_1_407' title='bbox 1990 3208 2033 3265; x_wconf 67' lang='grc' dir='ltr'><strong>(ἶ</strong></span> <span class='ocrx_word' id='word_1_408' title='bbox 2067 3224 2344 3289; x_wconf 84' lang='lat' dir='ltr'><strong>odisse,et</strong></span> <span class='ocrx_word' id='word_1_409' title='bbox 2383 3225 2461 3280; x_wconf 86' lang='lat' dir='ltr'><strong>ita</strong></span> <span class='ocrx_word' id='word_1_410' title='bbox 2503 3225 2803 3280; x_wconf 88' lang='lat' dir='ltr'><strong>dimittere.</strong></span> 
     </span>
    </p>
   </div>
   <div class='ocr_carea' id='block_1_60' title="bbox 426 3326 1955 3399">
    <p class='ocr_par' dir='ltr' id='par_1_60' title="bbox 426 3326 1955 3399">
     <span class='ocr_line' id='line_1_60' title="bbox 426 3326 1955 3399; baseline -0.005 -12"><span class='ocrx_word' id='word_1_411' title='bbox 426 3333 540 3387; x_wconf 82' lang='lat' dir='ltr'><strong>Kai</strong></span> <span class='ocrx_word' id='word_1_412' title='bbox 567 3332 831 3399; x_wconf 70' lang='grc' dir='ltr'>καλύψει</span> <span class='ocrx_word' id='word_1_413' title='bbox 868 3331 1115 3384; x_wconf 74' lang='grc' dir='ltr'>ἀσέϐεια</span> <span class='ocrx_word' id='word_1_414' title='bbox 1149 3328 1248 3383; x_wconf 78' lang='grc' dir='ltr'>ἐπὶ</span> <span class='ocrx_word' id='word_1_415' title='bbox 1275 3326 1346 3382; x_wconf 81' lang='grc' dir='ltr'>τὰ</span> <span class='ocrx_word' id='word_1_416' title='bbox 1387 3326 1777 3397; x_wconf 76' lang='grc' dir='ltr'>ἐνθυμήματά</span> <span class='ocrx_word' id='word_1_417' title='bbox 1817 3342 1955 3393; x_wconf 86' lang='grc' dir='ltr'>σου,</span> 
     </span>
    </p>
   </div>
   <div class='ocr_carea' id='block_1_61' title="bbox 344 3417 1961 3493">
    <p class='ocr_par' dir='ltr' id='par_1_61' title="bbox 344 3417 1961 3493">
     <span class='ocr_line' id='line_1_61' title="bbox 344 3417 1961 3493; baseline -0.005 -14"><span class='ocrx_word' id='word_1_418' title='bbox 344 3424 519 3493; x_wconf 64' lang='grc' dir='ltr'>,λέγει</span> <span class='ocrx_word' id='word_1_419' title='bbox 572 3424 790 3491; x_wconf 83' lang='grc' dir='ltr'>Κύριος</span> <span class='ocrx_word' id='word_1_420' title='bbox 842 3420 1290 3489; x_wconf 76' lang='grc' dir='ltr'>παντοκράτωρ,</span> <span class='ocrx_word' id='word_1_421' title='bbox 1345 3419 1444 3472; x_wconf 75' lang='grc' dir='ltr'><strong>καὶ</strong></span> <span class='ocrx_word' id='word_1_422' title='bbox 1483 3417 1832 3487; x_wconf 72' lang='grc' dir='ltr'>φυλάξασθε</span> <span class='ocrx_word' id='word_1_423' title='bbox 1888 3417 1961 3471; x_wconf 82' lang='grc' dir='ltr'>ἐν</span> 
     </span>
    </p>
   </div>
   <div class='ocr_carea' id='block_1_62' title="bbox 348 3509 1812 3583">
    <p class='ocr_par' dir='ltr' id='par_1_62' title="bbox 348 3509 1812 3583">
     <span class='ocr_line' id='line_1_62' title="bbox 348 3509 1812 3583; baseline -0.003 -15"><span class='ocrx_word' id='word_1_424' title='bbox 348 3513 434 3581; x_wconf 79' lang='grc' dir='ltr'>τῷ</span> <span class='ocrx_word' id='word_1_425' title='bbox 463 3514 760 3583; x_wconf 77' lang='grc' dir='ltr'>πνεύματι</span> <span class='ocrx_word' id='word_1_426' title='bbox 791 3511 976 3581; x_wconf 78' lang='grc' dir='ltr'>ὑμῶν,</span> <span class='ocrx_word' id='word_1_427' title='bbox 1005 3510 1105 3564; x_wconf 74' lang='grc' dir='ltr'>καὶ</span> <span class='ocrx_word' id='word_1_428' title='bbox 1131 3513 1202 3564; x_wconf 81' lang='grc' dir='ltr'>οὐ</span> <span class='ocrx_word' id='word_1_429' title='bbox 1236 3509 1322 3579; x_wconf 82' lang='grc' dir='ltr'><em>μὴ</em></span> <span class='ocrx_word' id='word_1_430' title='bbox 1353 3509 1812 3579; x_wconf 67' lang='grc' dir='ltr'>ἐγκαταλίπητε.</span> 
     </span>
    </p>
   </div>
   <div class='ocr_carea' id='block_1_63' title="bbox 425 3618 1961 3691">
    <p class='ocr_par' dir='ltr' id='par_1_63' title="bbox 425 3618 1961 3691">
     <span class='ocr_line' id='line_1_63' title="bbox 425 3618 1961 3691; baseline -0.005 -14"><span class='ocrx_word' id='word_1_431' title='bbox 425 3626 509 3679; x_wconf 83' lang='lat' dir='ltr'><strong>A&#39;.</strong></span> <span class='ocrx_word' id='word_1_432' title='bbox 552 3623 874 3684; x_wconf 78' lang='grc' dir='ltr'>Τουτὲστιν,</span> <span class='ocrx_word' id='word_1_433' title='bbox 920 3621 969 3673; x_wconf 84' lang='grc' dir='ltr'><strong>εί</strong></span> <span class='ocrx_word' id='word_1_434' title='bbox 1016 3621 1360 3691; x_wconf 79' lang='grc' dir='ltr'>περιγένοιτο</span> <span class='ocrx_word' id='word_1_435' title='bbox 1405 3619 1516 3672; x_wconf 88' lang='grc' dir='ltr'><strong>τῶν</strong></span> <span class='ocrx_word' id='word_1_436' title='bbox 1560 3618 1671 3673; x_wconf 85' lang='grc' dir='ltr'><strong>σῶν</strong></span> <span class='ocrx_word' id='word_1_437' title='bbox 1702 3618 1961 3689; x_wconf 74' lang='grc' dir='ltr'>ἐνθυμη-</span> 
     </span>
    </p>
   </div>
   <div class='ocr_carea' id='block_1_64' title="bbox 352 3711 1959 3789">
    <p class='ocr_par' dir='ltr' id='par_1_64' title="bbox 352 3711 1959 3789">
     <span class='ocr_line' id='line_1_64' title="bbox 352 3711 1959 3789; baseline -0.002 -21"><span class='ocrx_word' id='word_1_438' title='bbox 352 3715 545 3789; x_wconf 74' lang='grc' dir='ltr'>μάτων</span> <span class='ocrx_word' id='word_1_439' title='bbox 583 3713 790 3784; x_wconf 80' lang='grc' dir='ltr'>ἀσεϐὴς</span> <span class='ocrx_word' id='word_1_440' title='bbox 831 3714 927 3767; x_wconf 83' lang='grc' dir='ltr'>καὶ</span> <span class='ocrx_word' id='word_1_441' title='bbox 978 3711 1207 3783; x_wconf 77' lang='grc' dir='ltr'>βέϐηλος</span> <span class='ocrx_word' id='word_1_442' title='bbox 1243 3714 1276 3783; x_wconf 86' lang='grc' dir='ltr'>ή</span> <span class='ocrx_word' id='word_1_443' title='bbox 1315 3712 1483 3783; x_wconf 83' lang='grc' dir='ltr'>δορά,</span> <span class='ocrx_word' id='word_1_444' title='bbox 1533 3713 1625 3766; x_wconf 80' lang='grc' dir='ltr'>καὶ</span> <span class='ocrx_word' id='word_1_445' title='bbox 1684 3712 1959 3784; x_wconf 85' lang='grc' dir='ltr'>πρόφασις</span> 
     </span>
    </p>
   </div>
   <div class='ocr_carea' id='block_1_65' title="bbox 351 3805 1959 3880">
    <p class='ocr_par' dir='ltr' id='par_1_65' title="bbox 351 3805 1959 3880">
     <span class='ocr_line' id='line_1_65' title="bbox 351 3805 1959 3880; baseline -0.002 -17"><span class='ocrx_word' id='word_1_446' title='bbox 351 3810 458 3880; x_wconf 85' lang='grc' dir='ltr'>μὲν</span> <span class='ocrx_word' id='word_1_447' title='bbox 488 3807 676 3862; x_wconf 84' lang='grc' dir='ltr'>είκαία</span> <span class='ocrx_word' id='word_1_448' title='bbox 703 3808 763 3861; x_wconf 84' lang='grc' dir='ltr'>τὸ</span> <span class='ocrx_word' id='word_1_449' title='bbox 799 3806 1030 3878; x_wconf 77' lang='grc' dir='ltr'>μισῆσαί</span> <span class='ocrx_word' id='word_1_450' title='bbox 1073 3809 1240 3871; x_wconf 77' lang='grc' dir='ltr'>ἐστιν,</span> <span class='ocrx_word' id='word_1_451' title='bbox 1270 3805 1497 3877; x_wconf 82' lang='grc' dir='ltr'>εὑρίσκῃ</span> <span class='ocrx_word' id='word_1_452' title='bbox 1534 3805 1591 3858; x_wconf 83' lang='grc' dir='ltr'>δὲ</span> <span class='ocrx_word' id='word_1_453' title='bbox 1622 3806 1724 3875; x_wconf 75' lang='grc' dir='ltr'>τῆς</span> <span class='ocrx_word' id='word_1_454' title='bbox 1755 3807 1959 3876; x_wconf 82' lang='grc' dir='ltr'>ἐτέρων</span> 
     </span>
    </p>
   </div>
   <div class='ocr_carea' id='block_1_66' title="bbox 348 3894 1960 3973">
    <p class='ocr_par' dir='ltr' id='par_1_66' title="bbox 348 3894 1960 3973">
     <span class='ocr_line' id='line_1_66' title="bbox 348 3894 1960 3973; baseline -0.005 -16"><span class='ocrx_word' id='word_1_455' title='bbox 348 3902 503 3973; x_wconf 82' lang='grc' dir='ltr'>ὥρας</span> <span class='ocrx_word' id='word_1_456' title='bbox 532 3899 845 3971; x_wconf 73' lang='grc' dir='ltr'>ἡττώμενος</span> <span class='ocrx_word' id='word_1_457' title='bbox 877 3900 972 3951; x_wconf 68' lang='grc' dir='ltr'>καὶ</span> <span class='ocrx_word' id='word_1_458' title='bbox 1013 3894 1257 3966; x_wconf 82' lang='grc' dir='ltr'>γυναίοις</span> <span class='ocrx_word' id='word_1_459' title='bbox 1283 3899 1398 3960; x_wconf 78' lang='grc' dir='ltr'>τοῖς</span> <span class='ocrx_word' id='word_1_460' title='bbox 1426 3896 1657 3961; x_wconf 81' lang='grc' dir='ltr'>ὀθνείοις</span> <span class='ocrx_word' id='word_1_461' title='bbox 1699 3898 1960 3967; x_wconf 85' lang='grc' dir='ltr'>προσκεῖ-</span> 
     </span>
    </p>
   </div>
   <div class='ocr_carea' id='block_1_67' title="bbox 349 3989 1961 4061">
    <p class='ocr_par' dir='ltr' id='par_1_67' title="bbox 349 3989 1961 4061">
     <span class='ocr_line' id='line_1_67' title="bbox 349 3989 1961 4061; baseline -0.004 -14"><span class='ocrx_word' id='word_1_462' title='bbox 349 3993 480 4047; x_wconf 86' lang='grc' dir='ltr'>σθαι</span> <span class='ocrx_word' id='word_1_463' title='bbox 513 3993 706 4057; x_wconf 79' lang='grc' dir='ltr'>θέλων,</span> <span class='ocrx_word' id='word_1_464' title='bbox 749 4011 767 4043; x_wconf 81' lang='grc' dir='ltr'><strong>ι</strong></span> <span class='ocrx_word' id='word_1_465' title='bbox 797 3989 1052 4061; x_wconf 76' lang='grc' dir='ltr'>φύλαξαι,</span> <span class='ocrx_word' id='word_1_466' title='bbox 1086 3991 1162 4061; x_wconf 81' lang='grc' dir='ltr'>μὴ</span> <span class='ocrx_word' id='word_1_467' title='bbox 1193 3989 1591 4061; x_wconf 79' lang='grc' dir='ltr'>ἐγκαταλίπῃς,</span> <span class='ocrx_word' id='word_1_468' title='bbox 1621 4009 1639 4041; x_wconf 64' lang='grc' dir='ltr'><em>ν</em></span> <span class='ocrx_word' id='word_1_469' title='bbox 1675 3990 1707 4061; x_wconf 81' lang='grc' dir='ltr'><strong>ἧ</strong></span> <span class='ocrx_word' id='word_1_470' title='bbox 1750 3991 1961 4058; x_wconf 83' lang='grc' dir='ltr'>ἐπάρα-</span> 
     </span>
    </p>
   </div>
   <div class='ocr_carea' id='block_1_68' title="bbox 344 4078 1959 4154">
    <p class='ocr_par' dir='ltr' id='par_1_68' title="bbox 344 4078 1959 4154">
     <span class='ocr_line' id='line_1_68' title="bbox 344 4078 1959 4154; baseline -0.005 -15"><span class='ocrx_word' id='word_1_471' title='bbox 344 4101 443 4148; x_wconf 87' lang='grc' dir='ltr'><strong>τος</strong></span> <span class='ocrx_word' id='word_1_472' title='bbox 491 4084 591 4154; x_wconf 79' lang='grc' dir='ltr'>ἐσῃ</span> <span class='ocrx_word' id='word_1_473' title='bbox 637 4083 818 4152; x_wconf 81' lang='grc' dir='ltr'>πάντη</span> <span class='ocrx_word' id='word_1_474' title='bbox 860 4099 921 4135; x_wconf 91' lang='grc' dir='ltr'><strong>τε</strong></span> <span class='ocrx_word' id='word_1_475' title='bbox 967 4080 1064 4135; x_wconf 71' lang='grc' dir='ltr'>καὶ</span> <span class='ocrx_word' id='word_1_476' title='bbox 1112 4081 1349 4143; x_wconf 81' lang='grc' dir='ltr'>πάντως.</span> <span class='ocrx_word' id='word_1_477' title='bbox 1395 4079 1542 4149; x_wconf 85' lang='grc' dir='ltr'>Ἔφη</span> <span class='ocrx_word' id='word_1_478' title='bbox 1594 4078 1740 4148; x_wconf 85' lang='grc' dir='ltr'>γάρ·</span> <span class='ocrx_word' id='word_1_479' title='bbox 1785 4098 1803 4129; x_wconf 75' lang='grc' dir='ltr'><strong>ι</strong></span> <span class='ocrx_word' id='word_1_480' title='bbox 1836 4079 1959 4131; x_wconf 75' lang='grc' dir='ltr'><strong>Ὀτι</strong></span> 
     </span>
    </p>
   </div>
   <div class='ocr_carea' id='block_1_69' title="bbox 345 4170 1961 4248">
    <p class='ocr_par' dir='ltr' id='par_1_69' title="bbox 345 4170 1961 4248">
     <span class='ocr_line' id='line_1_69' title="bbox 345 4170 1961 4248; baseline -0.004 -17"><span class='ocrx_word' id='word_1_481' title='bbox 345 4177 734 4248; x_wconf 78' lang='grc' dir='ltr'>ἐξολοθρεύσει</span> <span class='ocrx_word' id='word_1_482' title='bbox 791 4173 997 4247; x_wconf 72' lang='grc' dir='ltr'>Κύριος</span> <span class='ocrx_word' id='word_1_483' title='bbox 1056 4173 1148 4226; x_wconf 83' lang='grc' dir='ltr'>τὸν</span> <span class='ocrx_word' id='word_1_484' title='bbox 1205 4171 1496 4242; x_wconf 79' lang='grc' dir='ltr'>ἄνθρωπον</span> <span class='ocrx_word' id='word_1_485' title='bbox 1549 4172 1642 4223; x_wconf 85' lang='grc' dir='ltr'>τὸν</span> <span class='ocrx_word' id='word_1_486' title='bbox 1696 4170 1961 4225; x_wconf 83' lang='grc' dir='ltr'>ποιοῦντα.</span> 
     </span>
    </p>
   </div>
   <div class='ocr_carea' id='block_1_70' title="bbox 342 4262 1957 4336">
    <p class='ocr_par' dir='ltr' id='par_1_70' title="bbox 342 4262 1957 4336">
     <span class='ocr_line' id='line_1_70' title="bbox 342 4262 1957 4336; baseline -0.006 -12"><span class='ocrx_word' id='word_1_487' title='bbox 342 4270 550 4333; x_wconf 79' lang='grc' dir='ltr'>ταῦτα,</span> <span class='ocrx_word' id='word_1_488' title='bbox 579 4269 686 4331; x_wconf 82' lang='grc' dir='ltr'>ἓως</span> <span class='ocrx_word' id='word_1_489' title='bbox 714 4268 811 4323; x_wconf 55' lang='grc' dir='ltr'><strong>καὶ</strong></span> <span class='ocrx_word' id='word_1_490' title='bbox 845 4264 1157 4336; x_wconf 82' lang='grc' dir='ltr'>ταπεινωθῇ</span> <span class='ocrx_word' id='word_1_491' title='bbox 1199 4265 1262 4317; x_wconf 87' lang='grc' dir='ltr'><strong>ἐκ</strong></span> <span class='ocrx_word' id='word_1_492' title='bbox 1298 4262 1676 4333; x_wconf 84' lang='grc' dir='ltr'>σκηνωμάτων</span> <span class='ocrx_word' id='word_1_493' title='bbox 1721 4264 1957 4335; x_wconf 71' lang='grc' dir='ltr'>Ἰσραὴλ,</span> 
     </span>
    </p>
   </div>
   <div class='ocr_carea' id='block_1_71' title="bbox 344 4354 1986 4431">
    <p class='ocr_par' dir='ltr' id='par_1_71' title="bbox 344 4354 1959 4430">
     <span class='ocr_line' id='line_1_71' title="bbox 344 4354 1959 4430; baseline -0.004 -16"><span class='ocrx_word' id='word_1_494' title='bbox 344 4362 413 4415; x_wconf 81' lang='grc' dir='ltr'><strong>ἐκ</strong></span> <span class='ocrx_word' id='word_1_495' title='bbox 448 4357 840 4430; x_wconf 81' lang='grc' dir='ltr'>προσαγόντων</span> <span class='ocrx_word' id='word_1_496' title='bbox 873 4355 1067 4409; x_wconf 85' lang='grc' dir='ltr'>θυσίαν</span> <span class='ocrx_word' id='word_1_497' title='bbox 1098 4354 1290 4425; x_wconf 83' lang='grc' dir='ltr'>Κυρίῳ</span> <span class='ocrx_word' id='word_1_498' title='bbox 1334 4355 1762 4425; x_wconf 81' lang='grc' dir='ltr'>παντοκράτορι.</span> <span class='ocrx_word' id='word_1_499' title='bbox 1793 4372 1812 4404; x_wconf 74' lang='grc' dir='ltr'><strong>ι</strong></span> <span class='ocrx_word' id='word_1_500' title='bbox 1849 4355 1959 4407; x_wconf 78' lang='grc' dir='ltr'>Καὶ</span> 
     </span>
    </p>
   </div>
   <div class='ocr_carea' id='block_1_72' title="bbox 2064 4354 3657 4431">
    <p class='ocr_par' dir='ltr' id='par_1_72' title="bbox 2067 4359 3657 4431">
     <span class='ocr_line' id='line_1_72' title="bbox 2067 4359 3657 4431; baseline -0.003 -16"><span class='ocrx_word' id='word_1_501' title='bbox 2067 4362 2402 4431; x_wconf 73' lang='grc' dir='ltr'>ιιὶροιεηιί.»</span> <span class='ocrx_word' id='word_1_502' title='bbox 2458 4360 2526 4414; x_wconf 83' lang='grc' dir='ltr'><strong>Ει</strong></span> <span class='ocrx_word' id='word_1_503' title='bbox 2583 4360 2689 4415; x_wconf 87' lang='lat' dir='ltr'><strong>hoc</strong></span> <span class='ocrx_word' id='word_1_504' title='bbox 2751 4361 2969 4429; x_wconf 90' lang='lat' dir='ltr'><strong>quidem</strong></span> <span class='ocrx_word' id='word_1_505' title='bbox 3017 4360 3160 4428; x_wconf 89' lang='lat' dir='ltr'><strong>quod</strong></span> <span class='ocrx_word' id='word_1_506' title='bbox 3212 4361 3280 4413; x_wconf 87' lang='lat' dir='ltr'><strong>ad</strong></span> <span class='ocrx_word' id='word_1_507' title='bbox 3337 4359 3553 4427; x_wconf 86' lang='lat' dir='ltr'><strong>planam</strong></span> <span class='ocrx_word' id='word_1_508' title='bbox 3602 4368 3657 4411; x_wconf 89' lang='lat' dir='ltr'><strong>et</strong></span> 
     </span>
    </p>
   </div>
   <div class='ocr_carea' id='block_1_73' title="bbox 342 4444 1986 4521">
    <p class='ocr_par' dir='ltr' id='par_1_73' title="bbox 342 4444 1955 4521">
     <span class='ocr_line' id='line_1_73' title="bbox 342 4444 1955 4521; baseline -0.006 -13"><span class='ocrx_word' id='word_1_509' title='bbox 342 4452 511 4507; x_wconf 74' lang='grc' dir='ltr'>ταυτὶ</span> <span class='ocrx_word' id='word_1_510' title='bbox 551 4452 648 4521; x_wconf 80' lang='grc' dir='ltr'>μὲν</span> <span class='ocrx_word' id='word_1_511' title='bbox 693 4451 817 4503; x_wconf 81' lang='grc' dir='ltr'>ὅσον</span> <span class='ocrx_word' id='word_1_512' title='bbox 844 4449 924 4511; x_wconf 76' lang='grc' dir='ltr'><strong>εἰς</strong></span> <span class='ocrx_word' id='word_1_513' title='bbox 967 4447 1186 4518; x_wconf 81' lang='grc' dir='ltr'>ἐμφανῆ</span> <span class='ocrx_word' id='word_1_514' title='bbox 1214 4463 1274 4500; x_wconf 89' lang='grc' dir='ltr'><strong>τε</strong></span> <span class='ocrx_word' id='word_1_515' title='bbox 1320 4447 1414 4499; x_wconf 72' lang='grc' dir='ltr'>καὶ</span> <span class='ocrx_word' id='word_1_516' title='bbox 1449 4446 1744 4516; x_wconf 77' lang='grc' dir='ltr'>πρόχειρον</span> <span class='ocrx_word' id='word_1_517' title='bbox 1778 4444 1955 4513; x_wconf 84' lang='grc' dir='ltr'>λόγον.</span> 
     </span>
    </p>
   </div>
   <div class='ocr_carea' id='block_1_74' title="bbox 2064 4444 2990 4521">
    <p class='ocr_par' dir='ltr' id='par_1_74' title="bbox 2064 4452 2990 4521">
     <span class='ocr_line' id='line_1_74' title="bbox 2064 4452 2990 4521; baseline -0.002 -14"><span class='ocrx_word' id='word_1_518' title='bbox 2064 4453 2275 4507; x_wconf 85' lang='lat' dir='ltr'><strong>obviam</strong></span> <span class='ocrx_word' id='word_1_519' title='bbox 2301 4454 2742 4521; x_wconf 80' lang='lat' dir='ltr'><strong>explanationem</strong></span> <span class='ocrx_word' id='word_1_520' title='bbox 2773 4452 2990 4505; x_wconf 89' lang='lat' dir='ltr'><strong>attinet.</strong></span> 
     </span>
    </p>
   </div>
   <div class='ocr_carea' id='block_1_75' title="bbox 420 4535 1986 4623">
    <p class='ocr_par' dir='ltr' id='par_1_75' title="bbox 420 4535 1959 4623">
     <span class='ocr_line' id='line_1_75' title="bbox 420 4535 1959 4623; baseline -0.006 -25"><span class='ocrx_word' id='word_1_521' title='bbox 420 4541 891 4616; x_wconf 83' lang='grc' dir='ltr'>Παραφυλακτέον</span> <span class='ocrx_word' id='word_1_522' title='bbox 926 4540 983 4592; x_wconf 85' lang='grc' dir='ltr'>δὲ</span> <span class='ocrx_word' id='word_1_523' title='bbox 1015 4542 1110 4594; x_wconf 68' lang='grc' dir='ltr'>καὶ</span> <span class='ocrx_word' id='word_1_524' title='bbox 1145 4541 1256 4602; x_wconf 85' lang='grc' dir='ltr'>τοῖς</span> <span class='ocrx_word' id='word_1_525' title='bbox 1283 4537 1371 4590; x_wconf 76' lang='grc' dir='ltr'><strong>διὰ</strong></span> <span class='ocrx_word' id='word_1_526' title='bbox 1404 4536 1646 4599; x_wconf 85' lang='grc' dir='ltr'>πίστεως</span> <span class='ocrx_word' id='word_1_527' title='bbox 1683 4535 1959 4623; x_wconf 80' lang='grc' dir='ltr'>κεκλημέ-</span> 
     </span>
    </p>
   </div>
   <div class='ocr_carea' id='block_1_76' title="bbox 2064 4535 3652 4623">
    <p class='ocr_par' dir='ltr' id='par_1_76' title="bbox 2136 4535 3652 4609">
     <span class='ocr_line' id='line_1_76' title="bbox 2136 4535 3652 4609; baseline -0.007 -11"><span class='ocrx_word' id='word_1_528' title='bbox 2136 4541 2450 4598; x_wconf 84' lang='lat' dir='ltr'><strong>Cavendum</strong></span> <span class='ocrx_word' id='word_1_529' title='bbox 2484 4554 2664 4596; x_wconf 77' lang='lat' dir='ltr'><strong>autem</strong></span> <span class='ocrx_word' id='word_1_530' title='bbox 2699 4550 2754 4595; x_wconf 90' lang='lat' dir='ltr'><strong>et</strong></span> <span class='ocrx_word' id='word_1_531' title='bbox 2789 4558 2886 4609; x_wconf 86' lang='lat' dir='ltr'><strong>per</strong></span> <span class='ocrx_word' id='word_1_532' title='bbox 2916 4541 3073 4595; x_wconf 62' lang='lat' dir='ltr'><strong>[idem</strong></span> <span class='ocrx_word' id='word_1_533' title='bbox 3100 4538 3318 4593; x_wconf 61' lang='lat' dir='ltr'><strong>Vocatis</strong></span> <span class='ocrx_word' id='word_1_534' title='bbox 3350 4537 3401 4589; x_wconf 93' lang='lat' dir='ltr'><strong>in</strong></span> <span class='ocrx_word' id='word_1_535' title='bbox 3444 4535 3652 4590; x_wconf 83' lang='lat' dir='ltr'><strong>sancti-</strong></span> 
     </span>
    </p>
   </div>
   <div class='ocr_carea' id='block_1_77' title="bbox 340 4627 1986 4703">
    <p class='ocr_par' dir='ltr' id='par_1_77' title="bbox 340 4627 1957 4703">
     <span class='ocr_line' id='line_1_77' title="bbox 340 4627 1957 4703; baseline -0.008 -11"><span class='ocrx_word' id='word_1_536' title='bbox 340 4653 460 4699; x_wconf 86' lang='grc' dir='ltr'>νοις</span> <span class='ocrx_word' id='word_1_537' title='bbox 493 4637 571 4699; x_wconf 78' lang='grc' dir='ltr'>εἰς</span> <span class='ocrx_word' id='word_1_538' title='bbox 605 4633 903 4703; x_wconf 79' lang='grc' dir='ltr'>ἀγιασμὸν,</span> <span class='ocrx_word' id='word_1_539' title='bbox 942 4633 1017 4703; x_wconf 85' lang='grc' dir='ltr'>μὴ</span> <span class='ocrx_word' id='word_1_540' title='bbox 1061 4630 1170 4702; x_wconf 80' lang='grc' dir='ltr'>ἄρα</span> <span class='ocrx_word' id='word_1_541' title='bbox 1193 4647 1312 4693; x_wconf 85' lang='grc' dir='ltr'><strong>πως</strong></span> <span class='ocrx_word' id='word_1_542' title='bbox 1339 4628 1690 4699; x_wconf 84' lang='grc' dir='ltr'>ἀπενεχθείεν</span> <span class='ocrx_word' id='word_1_543' title='bbox 1717 4629 1793 4692; x_wconf 85' lang='grc' dir='ltr'>ὠς</span> <span class='ocrx_word' id='word_1_544' title='bbox 1820 4627 1957 4699; x_wconf 63' lang='grc' dir='ltr'>πρὸς</span> 
     </span>
    </p>
   </div>
   <div class='ocr_carea' id='block_1_78' title="bbox 2064 4627 3655 4703">
    <p class='ocr_par' dir='ltr' id='par_1_78' title="bbox 2066 4628 3655 4702">
     <span class='ocr_line' id='line_1_78' title="bbox 2066 4628 3655 4702; baseline -0.006 -11"><span class='ocrx_word' id='word_1_545' title='bbox 2066 4636 2397 4702; x_wconf 83' lang='lat' dir='ltr'><strong>licatiouem,</strong></span> <span class='ocrx_word' id='word_1_546' title='bbox 2434 4652 2500 4690; x_wconf 87' lang='lat' dir='ltr'><strong>tte</strong></span> <span class='ocrx_word' id='word_1_547' title='bbox 2545 4638 2685 4701; x_wconf 69' lang='lat' dir='ltr'><strong>forte</strong></span> <span class='ocrx_word' id='word_1_548' title='bbox 2734 4635 2881 4688; x_wconf 89' lang='lat' dir='ltr'><strong>velut</strong></span> <span class='ocrx_word' id='word_1_549' title='bbox 2918 4633 2997 4686; x_wconf 78' lang='lat' dir='ltr'><strong>ad</strong></span> <span class='ocrx_word' id='word_1_550' title='bbox 3033 4631 3264 4685; x_wconf 82' lang='lat' dir='ltr'><strong>feminas</strong></span> <span class='ocrx_word' id='word_1_551' title='bbox 3296 4628 3405 4683; x_wconf 84' lang='lat' dir='ltr'><strong>Deo</strong></span> <span class='ocrx_word' id='word_1_552' title='bbox 3436 4630 3655 4682; x_wconf 83' lang='lat' dir='ltr'><strong>odiosas</strong></span> 
     </span>
    </p>
   </div>
   <div class='ocr_carea' id='block_1_79' title="bbox 343 4721 1986 4799">
    <p class='ocr_par' dir='ltr' id='par_1_79' title="bbox 343 4721 1957 4799">
     <span class='ocr_line' id='line_1_79' title="bbox 343 4721 1957 4799; baseline -0.009 -14"><span class='ocrx_word' id='word_1_553' title='bbox 343 4732 620 4799; x_wconf 84' lang='grc' dir='ltr'>γυναῖκας</span> <span class='ocrx_word' id='word_1_554' title='bbox 662 4726 1060 4797; x_wconf 74' lang='grc' dir='ltr'>ἀπηχθημένας</span> <span class='ocrx_word' id='word_1_555' title='bbox 1089 4723 1209 4794; x_wconf 79' lang='grc' dir='ltr'><strong>Θεῷ</strong></span> <span class='ocrx_word' id='word_1_556' title='bbox 1256 4722 1354 4776; x_wconf 75' lang='grc' dir='ltr'><strong>καὶ</strong></span> <span class='ocrx_word' id='word_1_557' title='bbox 1382 4722 1695 4789; x_wconf 79' lang='grc' dir='ltr'>ἀλλογενείς</span> <span class='ocrx_word' id='word_1_558' title='bbox 1738 4724 1819 4785; x_wconf 80' lang='grc' dir='ltr'><strong>εἰς</strong></span> <span class='ocrx_word' id='word_1_559' title='bbox 1858 4721 1957 4786; x_wconf 79' lang='grc' dir='ltr'><strong>τὰς</strong></span> 
     </span>
    </p>
   </div>
   <div class='ocr_carea' id='block_1_80' title="bbox 2064 4721 3653 4799">
    <p class='ocr_par' dir='ltr' id='par_1_80' title="bbox 2064 4722 3653 4798">
     <span class='ocr_line' id='line_1_80' title="bbox 2064 4722 3653 4798; baseline -0.008 -13"><span class='ocrx_word' id='word_1_560' title='bbox 2064 4741 2120 4785; x_wconf 91' lang='lat' dir='ltr'><strong>et</strong></span> <span class='ocrx_word' id='word_1_561' title='bbox 2179 4729 2513 4796; x_wconf 80' lang='lat' dir='ltr'><strong>alienigenas</strong></span> <span class='ocrx_word' id='word_1_562' title='bbox 2567 4728 2618 4782; x_wconf 90' lang='lat' dir='ltr'><strong>in</strong></span> <span class='ocrx_word' id='word_1_563' title='bbox 2692 4726 2952 4798; x_wconf 86' lang='lat' dir='ltr'><strong>profanas</strong></span> <span class='ocrx_word' id='word_1_564' title='bbox 3016 4725 3251 4778; x_wconf 74' lang='lat' dir='ltr'><strong>haereses</strong></span> <span class='ocrx_word' id='word_1_565' title='bbox 3313 4722 3653 4778; x_wconf 76' lang='lat' dir='ltr'><strong>auferantur.</strong></span> 
     </span>
    </p>
   </div>
   <div class='ocr_carea' id='block_1_81' title="bbox 344 4810 1986 4891">
    <p class='ocr_par' dir='ltr' id='par_1_81' title="bbox 344 4810 1953 4891">
     <span class='ocr_line' id='line_1_81' title="bbox 344 4810 1953 4891; baseline -0.006 -18"><span class='ocrx_word' id='word_1_566' title='bbox 344 4819 618 4891; x_wconf 79' lang='grc' dir='ltr'>βεϐήλους</span> <span class='ocrx_word' id='word_1_567' title='bbox 656 4818 919 4888; x_wconf 77' lang='grc' dir='ltr'>αἱρέσεις,</span> <span class='ocrx_word' id='word_1_568' title='bbox 962 4814 1208 4884; x_wconf 73' lang='grc' dir='ltr'>Ἀπόχρη</span> <span class='ocrx_word' id='word_1_569' title='bbox 1243 4810 1354 4883; x_wconf 83' lang='grc' dir='ltr'>γὰρ</span> <span class='ocrx_word' id='word_1_570' title='bbox 1381 4811 1584 4874; x_wconf 81' lang='grc' dir='ltr'>αὐτοῖς,</span> <span class='ocrx_word' id='word_1_571' title='bbox 1618 4813 1697 4873; x_wconf 82' lang='grc' dir='ltr'><strong>εἰς</strong></span> <span class='ocrx_word' id='word_1_572' title='bbox 1740 4828 1953 4883; x_wconf 70' lang='grc' dir='ltr'>καρπο-</span> 
     </span>
    </p>
   </div>
   <div class='ocr_carea' id='block_1_82' title="bbox 2064 4810 3651 4891">
    <p class='ocr_par' dir='ltr' id='par_1_82' title="bbox 2064 4814 3651 4888">
     <span class='ocr_line' id='line_1_82' title="bbox 2064 4814 3651 4888; baseline -0.008 -13"><span class='ocrx_word' id='word_1_573' title='bbox 2064 4820 2252 4875; x_wconf 89' lang='lat' dir='ltr'><strong>Potest</strong></span> <span class='ocrx_word' id='word_1_574' title='bbox 2297 4822 2440 4874; x_wconf 90' lang='lat' dir='ltr'><strong>enim</strong></span> <span class='ocrx_word' id='word_1_575' title='bbox 2486 4819 2630 4881; x_wconf 82' lang='lat' dir='ltr'><strong>illos.</strong></span> <span class='ocrx_word' id='word_1_576' title='bbox 2661 4830 2858 4888; x_wconf 70' lang='lat' dir='ltr'><strong>praeter</strong></span> <span class='ocrx_word' id='word_1_577' title='bbox 2908 4816 3245 4886; x_wconf 80' lang='lat' dir='ltr'><strong>spiritualetu</strong></span> <span class='ocrx_word' id='word_1_578' title='bbox 3296 4814 3651 4875; x_wconf 77' lang='lat' dir='ltr'><strong>fertilitatem,</strong></span> 
     </span>
    </p>
   </div>
   <div class='ocr_carea' id='block_1_83' title="bbox 342 4902 1986 4983">
    <p class='ocr_par' dir='ltr' id='par_1_83' title="bbox 342 4902 1960 4983">
     <span class='ocr_line' id='line_1_83' title="bbox 342 4902 1960 4983; baseline -0.006 -17"><span class='ocrx_word' id='word_1_579' title='bbox 342 4912 549 4983; x_wconf 80' lang='grc' dir='ltr'>φορίαν</span> <span class='ocrx_word' id='word_1_580' title='bbox 594 4906 997 4979; x_wconf 79' lang='grc' dir='ltr'>πνευματικὴν,</span> <span class='ocrx_word' id='word_1_581' title='bbox 1039 4905 1145 4957; x_wconf 89' lang='grc' dir='ltr'><strong>τῶν</strong></span> <span class='ocrx_word' id='word_1_582' title='bbox 1183 4904 1284 4973; x_wconf 84' lang='grc' dir='ltr'>τῆς</span> <span class='ocrx_word' id='word_1_583' title='bbox 1325 4903 1653 4983; x_wconf 74' lang='grc' dir='ltr'>Ἐκκλησίας</span> <span class='ocrx_word' id='word_1_584' title='bbox 1701 4902 1960 4957; x_wconf 81' lang='grc' dir='ltr'>διδασκά-</span> 
     </span>
    </p>
   </div>
   <div class='ocr_carea' id='block_1_84' title="bbox 2064 4902 3655 4983">
    <p class='ocr_par' dir='ltr' id='par_1_84' title="bbox 2064 4904 3655 4983">
     <span class='ocr_line' id='line_1_84' title="bbox 2064 4904 3655 4983; baseline -0.006 -17"><span class='ocrx_word' id='word_1_585' title='bbox 2064 4910 2321 4967; x_wconf 70' lang='lat' dir='ltr'><strong>Ecclcsiae</strong></span> <span class='ocrx_word' id='word_1_586' title='bbox 2351 4911 2732 4983; x_wconf 75' lang='lat' dir='ltr'><strong>magistrorum</strong></span> <span class='ocrx_word' id='word_1_587' title='bbox 2763 4909 2979 4962; x_wconf 86' lang='lat' dir='ltr'><strong>sincera</strong></span> <span class='ocrx_word' id='word_1_588' title='bbox 3005 4918 3057 4961; x_wconf 87' lang='lat' dir='ltr'><strong>et</strong></span> <span class='ocrx_word' id='word_1_589' title='bbox 3090 4907 3361 4976; x_wconf 87' lang='lat' dir='ltr'><strong>itteulpata</strong></span> <span class='ocrx_word' id='word_1_590' title='bbox 3387 4904 3655 4958; x_wconf 83' lang='lat' dir='ltr'><strong>institutio</strong></span> 
     </span>
    </p>
   </div>
   <div class='ocr_carea' id='block_1_85' title="bbox 337 4978 1986 5074">
    <p class='ocr_par' dir='ltr' id='par_1_85' title="bbox 337 4978 1959 5074">
     <span class='ocr_line' id='line_1_85' title="bbox 337 4978 1959 5074; baseline -0.01 -15"><span class='ocrx_word' id='word_1_591' title='bbox 483 5004 518 5074; x_wconf 88' lang='grc' dir='ltr'>ή</span> <span class='ocrx_word' id='word_1_592' title='bbox 562 4978 783 5071; x_wconf 83' lang='grc' dir='ltr'>καθαρά</span> <span class='ocrx_word' id='word_1_593' title='bbox 810 4999 908 5051; x_wconf 70' lang='grc' dir='ltr'>καὶ</span> <span class='ocrx_word' id='word_1_594' title='bbox 937 4978 1254 5069; x_wconf 78' lang='grc' dir='ltr'>ἀμώμητος</span> <span class='ocrx_word' id='word_1_595' title='bbox 1283 4978 1635 5063; x_wconf 55' lang='grc' dir='ltr'>παιδαγωῗία</span> <span class='ocrx_word' id='word_1_596' title='bbox 1670 4994 1959 5065; x_wconf 69' lang='grc' dir='ltr'>μονονουχὶ</span> 
     </span>
    </p>
   </div>
   <div class='ocr_carea' id='block_1_86' title="bbox 2064 4978 3657 5074">
    <p class='ocr_par' dir='ltr' id='par_1_86' title="bbox 2066 4980 3657 5068">
     <span class='ocr_line' id='line_1_86' title="bbox 2066 4980 3657 5068; baseline -0.008 -11"><span class='ocrx_word' id='word_1_597' title='bbox 2066 5013 2275 5057; x_wconf 89' lang='lat' dir='ltr'><strong>tantum</strong></span> <span class='ocrx_word' id='word_1_598' title='bbox 2324 4980 2431 5057; x_wconf 77' lang='lat' dir='ltr'><strong>non</strong></span> <span class='ocrx_word' id='word_1_599' title='bbox 2477 5002 2710 5055; x_wconf 89' lang='lat' dir='ltr'><strong>filiorum</strong></span> <span class='ocrx_word' id='word_1_600' title='bbox 2741 5013 2960 5068; x_wconf 90' lang='lat' dir='ltr'><strong>quoque</strong></span> <span class='ocrx_word' id='word_1_601' title='bbox 3006 4998 3269 5052; x_wconf 85' lang='lat' dir='ltr'><strong>nobilium</strong></span> <span class='ocrx_word' id='word_1_602' title='bbox 3318 5007 3501 5066; x_wconf 78' lang='lat' dir='ltr'><strong>patres</strong></span> <span class='ocrx_word' id='word_1_603' title='bbox 3536 4994 3657 5048; x_wconf 84' lang='lat' dir='ltr'><strong>red-</strong></span> 
     </span>
    </p>
   </div>
   <div class='ocr_carea' id='block_1_87' title="bbox 338 5086 1986 5160">
    <p class='ocr_par' dir='ltr' id='par_1_87' title="bbox 338 5086 1953 5157">
     <span class='ocr_line' id='line_1_87' title="bbox 338 5086 1953 5157; baseline -0.009 -6"><span class='ocrx_word' id='word_1_604' title='bbox 338 5098 444 5155; x_wconf 68' lang='lat' dir='ltr'><strong>xal.</strong></span> <span class='ocrx_word' id='word_1_605' title='bbox 481 5094 692 5149; x_wconf 83' lang='grc' dir='ltr'>τέκνων</span> <span class='ocrx_word' id='word_1_606' title='bbox 747 5092 945 5154; x_wconf 72' lang='grc' dir='ltr'>αὐτοὺς</span> <span class='ocrx_word' id='word_1_607' title='bbox 1001 5087 1240 5157; x_wconf 83' lang='grc' dir='ltr'>εὐγενῶν</span> <span class='ocrx_word' id='word_1_608' title='bbox 1296 5086 1621 5155; x_wconf 79' lang='grc' dir='ltr'>ἀποφαίνειν</span> <span class='ocrx_word' id='word_1_609' title='bbox 1671 5086 1953 5157; x_wconf 79' lang='grc' dir='ltr'>πατέρας,</span> 
     </span>
    </p>
   </div>
   <div class='ocr_carea' id='block_1_88' title="bbox 2064 5086 3654 5160">
    <p class='ocr_par' dir='ltr' id='par_1_88' title="bbox 2064 5089 3654 5160">
     <span class='ocr_line' id='line_1_88' title="bbox 2064 5089 3654 5160; baseline -0.008 -10"><span class='ocrx_word' id='word_1_610' title='bbox 2064 5096 2215 5160; x_wconf 90' lang='lat' dir='ltr'><strong>dere,</strong></span> <span class='ocrx_word' id='word_1_611' title='bbox 2250 5110 2318 5149; x_wconf 83' lang='lat' dir='ltr'><strong>ex</strong></span> <span class='ocrx_word' id='word_1_612' title='bbox 2370 5094 2535 5148; x_wconf 88' lang='lat' dir='ltr'><strong>corde</strong></span> <span class='ocrx_word' id='word_1_613' title='bbox 2581 5092 2722 5147; x_wconf 88' lang='lat' dir='ltr'><strong>bono</strong></span> <span class='ocrx_word' id='word_1_614' title='bbox 2756 5092 2954 5145; x_wconf 85' lang='lat' dir='ltr'><strong>divinae</strong></span> <span class='ocrx_word' id='word_1_615' title='bbox 3001 5089 3290 5145; x_wconf 83' lang='lat' dir='ltr'><strong>charitatis</strong></span> <span class='ocrx_word' id='word_1_616' title='bbox 3328 5090 3523 5143; x_wconf 83' lang='lat' dir='ltr'><strong>decora</strong></span> <span class='ocrx_word' id='word_1_617' title='bbox 3566 5099 3654 5139; x_wconf 83' lang='lat' dir='ltr'><strong>se-</strong></span> 
     </span>
    </p>
   </div>
   <div class='ocr_carea' id='block_1_89' title="bbox 334 5170 1986 5257">
    <p class='ocr_par' dir='ltr' id='par_1_89' title="bbox 334 5170 1958 5255">
     <span class='ocr_line' id='line_1_89' title="bbox 334 5170 1958 5255; baseline -0.007 -13"><span class='ocrx_word' id='word_1_618' title='bbox 334 5170 636 5249; x_wconf 84' lang='grc' dir='ltr'>τίκτοντας</span> <span class='ocrx_word' id='word_1_619' title='bbox 663 5183 874 5255; x_wconf 79' lang='grc' dir='ltr'>νοητῶς</span> <span class='ocrx_word' id='word_1_620' title='bbox 909 5181 968 5247; x_wconf 83' lang='grc' dir='ltr'>ἐξ</span> <span class='ocrx_word' id='word_1_621' title='bbox 996 5179 1210 5250; x_wconf 65' lang='grc' dir='ltr'>ἀγαθῆς</span> <span class='ocrx_word' id='word_1_622' title='bbox 1238 5178 1470 5251; x_wconf 79' lang='grc' dir='ltr'>καρδίας</span> <span class='ocrx_word' id='word_1_623' title='bbox 1494 5177 1566 5231; x_wconf 81' lang='grc' dir='ltr'>τὰ</span> <span class='ocrx_word' id='word_1_624' title='bbox 1591 5177 1690 5249; x_wconf 79' lang='grc' dir='ltr'>τῆς</span> <span class='ocrx_word' id='word_1_625' title='bbox 1716 5180 1797 5243; x_wconf 84' lang='grc' dir='ltr'>εἰς</span> <span class='ocrx_word' id='word_1_626' title='bbox 1822 5177 1958 5232; x_wconf 80' lang='grc' dir='ltr'>Θεὸν</span> 
     </span>
    </p>
   </div>
   <div class='ocr_carea' id='block_1_90' title="bbox 2064 5170 3040 5257">
    <p class='ocr_par' dir='ltr' id='par_1_90' title="bbox 2065 5185 3040 5257">
     <span class='ocr_line' id='line_1_90' title="bbox 2065 5185 3040 5257; baseline -0.006 -13"><span class='ocrx_word' id='word_1_627' title='bbox 2065 5189 2304 5244; x_wconf 89' lang='lat' dir='ltr'><strong>cundum</strong></span> <span class='ocrx_word' id='word_1_628' title='bbox 2333 5185 2666 5242; x_wconf 87' lang='lat' dir='ltr'><strong>intellectum</strong></span> <span class='ocrx_word' id='word_1_629' title='bbox 2692 5191 3040 5257; x_wconf 69' lang='lat' dir='ltr'><strong>generautes.</strong></span> 
     </span>
    </p>
   </div>
   <div class='ocr_carea' id='block_1_91' title="bbox 337 5278 922 5344">
    <p class='ocr_par' dir='ltr' id='par_1_91' title="bbox 337 5278 922 5344">
     <span class='ocr_line' id='line_1_91' title="bbox 337 5278 922 5344; baseline 0 0"><span class='ocrx_word' id='word_1_630' title='bbox 337 5280 574 5344; x_wconf 74' lang='grc' dir='ltr'>ἀγάπης</span> <span class='ocrx_word' id='word_1_631' title='bbox 604 5278 922 5344; x_wconf 74' lang='grc' dir='ltr'>αὐχήματα-</span> 
     </span>
    </p>
   </div>
   <div class='ocr_carea' id='block_1_92' title="bbox 377 5278 1986 5489">
    <p class='ocr_par' dir='ltr' id='par_1_92' title="bbox 377 5278 1697 5489">
     <span class='ocr_line' id='line_1_92' title="bbox 377 5278 922 5349; baseline -0.007 -14"><span class='ocrx_word' id='word_1_632' title='bbox 377 5280 574 5349; x_wconf 78' lang='grc' dir='ltr'>γάπης</span> <span class='ocrx_word' id='word_1_633' title='bbox 604 5278 922 5348; x_wconf 77' lang='grc' dir='ltr'>αὐχήματα.</span> 
     </span>
     <span class='ocr_line' id='line_1_93' title="bbox 595 5394 1697 5489; baseline -0.015 1"><span class='ocrx_word' id='word_1_634' title='bbox 595 5399 988 5489; x_wconf 89' lang='grc' dir='ltr'><strong>ΤΟΜΟΣ</strong></span> <span class='ocrx_word' id='word_1_635' title='bbox 1084 5394 1697 5483; x_wconf 87' lang='grc' dir='ltr'><strong>ΔΕΥΤΕΡΟΣ.</strong></span> 
     </span>
    </p>
   </div>
   <div class='ocr_carea' id='block_1_93' title="bbox 2064 5278 3476 5489">
    <p class='ocr_par' dir='ltr' id='par_1_93' title="bbox 2241 5344 3476 5487">
     <span class='ocr_line' id='line_1_94' title="bbox 2241 5344 3476 5487; baseline -0.01 -3"><span class='ocrx_word' id='word_1_636' title='bbox 2241 5376 2655 5487; x_wconf 75' lang='grc' dir='ltr'>ΤόΜοδ</span> <span class='ocrx_word' id='word_1_637' title='bbox 2745 5344 3476 5484; x_wconf 71' lang='lat' dir='ltr'><strong>rosrenton.</strong></span> 
     </span>
    </p>
   </div>
   <div class='ocr_carea' id='block_1_94' title="bbox 2141 5557 3653 5633">
    <p class='ocr_par' dir='ltr' id='par_1_94' title="bbox 2141 5557 3653 5633">
     <span class='ocr_line' id='line_1_95' title="bbox 2141 5557 3653 5633; baseline -0.01 -10"><span class='ocrx_word' id='word_1_638' title='bbox 2141 5567 2299 5624; x_wconf 73' lang='lat' dir='ltr'><strong>Vsus.</strong></span> <span class='ocrx_word' id='word_1_639' title='bbox 2344 5566 2430 5621; x_wconf 80' lang='lat' dir='ltr'><strong>l7.</strong></span> <span class='ocrx_word' id='word_1_640' title='bbox 2486 5566 2590 5632; x_wconf 84' lang='lat' dir='ltr'><strong>Qui</strong></span> <span class='ocrx_word' id='word_1_641' title='bbox 2640 5565 2964 5633; x_wconf 78' lang='lat' dir='ltr'><strong>prouocastis</strong></span> <span class='ocrx_word' id='word_1_642' title='bbox 3013 5561 3179 5615; x_wconf 71' lang='lat' dir='ltr'><strong>Deum</strong></span> <span class='ocrx_word' id='word_1_643' title='bbox 3228 5564 3281 5614; x_wconf 84' lang='lat' dir='ltr'><strong>in</strong></span> <span class='ocrx_word' id='word_1_644' title='bbox 3327 5557 3653 5613; x_wconf 77' lang='lat' dir='ltr'><strong>sermonibus</strong></span> 
     </span>
    </p>
   </div>
   <div class='ocr_carea' id='block_1_95' title="bbox 422 5567 1951 5647">
    <p class='ocr_par' dir='ltr' id='par_1_95' title="bbox 422 5567 1951 5647">
     <span class='ocr_line' id='line_1_96' title="bbox 422 5567 1951 5647; baseline -0.009 -13"><span class='ocrx_word' id='word_1_645' title='bbox 422 5582 490 5635; x_wconf 82' lang='grc' dir='ltr'><strong>οι</strong></span> <span class='ocrx_word' id='word_1_646' title='bbox 547 5574 1001 5647; x_wconf 72' lang='grc' dir='ltr'>παροξύνοντες</span> <span class='ocrx_word' id='word_1_647' title='bbox 1057 5571 1164 5626; x_wconf 83' lang='grc' dir='ltr'><strong>τὸν</strong></span> <span class='ocrx_word' id='word_1_648' title='bbox 1219 5570 1369 5624; x_wconf 82' lang='grc' dir='ltr'><strong>Θεὸν</strong></span> <span class='ocrx_word' id='word_1_649' title='bbox 1437 5568 1508 5621; x_wconf 83' lang='grc' dir='ltr'>ἐν</span> <span class='ocrx_word' id='word_1_650' title='bbox 1562 5567 1688 5634; x_wconf 83' lang='grc' dir='ltr'>τοῖς</span> <span class='ocrx_word' id='word_1_651' title='bbox 1744 5568 1951 5637; x_wconf 68' lang='grc' dir='ltr'>λόγοις</span> 
     </span>
    </p>
   </div>
   <div class='ocr_carea' id='block_1_96' title="bbox 336 5646 1986 5750">
    <p class='ocr_par' dir='ltr' id='par_1_96' title="bbox 336 5661 1955 5750">
     <span class='ocr_line' id='line_1_97' title="bbox 336 5661 1955 5750; baseline -0.012 -18"><span class='ocrx_word' id='word_1_652' title='bbox 336 5673 539 5750; x_wconf 77' lang='grc' dir='ltr'>ὑμῶν,</span> <span class='ocrx_word' id='word_1_653' title='bbox 570 5670 671 5725; x_wconf 80' lang='grc' dir='ltr'>καὶ</span> <span class='ocrx_word' id='word_1_654' title='bbox 700 5669 938 5723; x_wconf 73' lang='grc' dir='ltr'>ειπατε’</span> <span class='ocrx_word' id='word_1_655' title='bbox 980 5666 1078 5720; x_wconf 78' lang='grc' dir='ltr'><strong>Ἐν</strong></span> <span class='ocrx_word' id='word_1_656' title='bbox 1109 5665 1228 5719; x_wconf 82' lang='grc' dir='ltr'>τίνι</span> <span class='ocrx_word' id='word_1_657' title='bbox 1260 5662 1700 5732; x_wconf 77' lang='grc' dir='ltr'>παρωξύναμεν</span> <span class='ocrx_word' id='word_1_658' title='bbox 1723 5661 1912 5715; x_wconf 77' lang='grc' dir='ltr'>αὐτόν</span> <span class='ocrx_word' id='word_1_659' title='bbox 1934 5677 1955 5725; x_wconf 90' lang='grc'><strong><em>;</em></strong></span> 
     </span>
    </p>
   </div>
   <div class='ocr_carea' id='block_1_97' title="bbox 2064 5646 3654 5750">
    <p class='ocr_par' dir='ltr' id='par_1_97' title="bbox 2065 5646 3654 5727">
     <span class='ocr_line' id='line_1_98' title="bbox 2065 5646 3654 5727; baseline -0.01 -12"><span class='ocrx_word' id='word_1_660' title='bbox 2065 5663 2275 5726; x_wconf 75' lang='lat' dir='ltr'><strong>vestris,</strong></span> <span class='ocrx_word' id='word_1_661' title='bbox 2315 5671 2363 5716; x_wconf 83' lang='lat' dir='ltr'><strong>et</strong></span> <span class='ocrx_word' id='word_1_662' title='bbox 2406 5646 2616 5715; x_wconf 68' lang='lat' dir='ltr'><strong>dixistis</strong></span> <span class='ocrx_word' id='word_1_663' title='bbox 2649 5675 2665 5712; x_wconf 93' lang='lat'><em>:</em></span> <span class='ocrx_word' id='word_1_664' title='bbox 2693 5656 2758 5711; x_wconf 81' lang='lat' dir='ltr'><strong>In</strong></span> <span class='ocrx_word' id='word_1_665' title='bbox 2792 5674 2896 5727; x_wconf 85' lang='lat' dir='ltr'><strong>quo</strong></span> <span class='ocrx_word' id='word_1_666' title='bbox 2939 5655 3335 5725; x_wconf 79' lang='lat' dir='ltr'><strong>provocavimus</strong></span> <span class='ocrx_word' id='word_1_667' title='bbox 3384 5650 3542 5708; x_wconf 71' lang='lat' dir='ltr'><strong>eum?</strong></span> <span class='ocrx_word' id='word_1_668' title='bbox 3588 5646 3654 5701; x_wconf 75' lang='lat' dir='ltr'><strong>in</strong></span> 
     </span>
    </p>
   </div>
   <div class='ocr_carea' id='block_1_98' title="bbox 2132 3334 3656 3408">
    <p class='ocr_par' dir='ltr' id='par_1_98' title="bbox 2132 3334 3656 3408">
     <span class='ocr_line' id='line_1_99' title="bbox 2132 3334 3656 3408; baseline -0.001 -18"><span class='ocrx_word' id='word_1_669' title='bbox 2132 3334 2296 3390; x_wconf 72' lang='lat' dir='ltr'><strong>Vsus.</strong></span> <span class='ocrx_word' id='word_1_670' title='bbox 2326 3336 2411 3390; x_wconf 75' lang='lat'><strong>16.</strong></span> <span class='ocrx_word' id='word_1_671' title='bbox 2440 3336 2606 3408; x_wconf 60' lang='grc'><strong>847</strong></span> <span class='ocrx_word' id='word_1_672' title='bbox 2631 3336 2696 3389; x_wconf 85' lang='lat' dir='ltr'><strong>Et</strong></span> <span class='ocrx_word' id='word_1_673' title='bbox 2725 3336 2919 3401; x_wconf 85' lang='lat' dir='ltr'><strong>aperiet</strong></span> <span class='ocrx_word' id='word_1_674' title='bbox 2940 3336 3182 3404; x_wconf 80' lang='lat' dir='ltr'><strong>impietas</strong></span> <span class='ocrx_word' id='word_1_675' title='bbox 3197 3352 3356 3404; x_wconf 86' lang='lat' dir='ltr'><strong>super</strong></span> <span class='ocrx_word' id='word_1_676' title='bbox 3377 3336 3656 3404; x_wconf 81' lang='lat' dir='ltr'><strong>cogitatio-</strong></span> 
     </span>
    </p>
   </div>
   <div class='ocr_carea' id='block_1_99' title="bbox 2063 3426 3659 3495">
    <p class='ocr_par' dir='ltr' id='par_1_99' title="bbox 2063 3426 3659 3495">
     <span class='ocr_line' id='line_1_100' title="bbox 2063 3426 3659 3495; baseline 0.001 -16"><span class='ocrx_word' id='word_1_677' title='bbox 2063 3442 2151 3479; x_wconf 84' lang='lat' dir='ltr'><strong>nes</strong></span> <span class='ocrx_word' id='word_1_678' title='bbox 2178 3437 2321 3491; x_wconf 83' lang='lat' dir='ltr'><strong>tuas,</strong></span> <span class='ocrx_word' id='word_1_679' title='bbox 2367 3428 2491 3479; x_wconf 81' lang='lat' dir='ltr'><strong>dicit</strong></span> <span class='ocrx_word' id='word_1_680' title='bbox 2540 3426 2798 3480; x_wconf 84' lang='lat' dir='ltr'><strong>Dominus</strong></span> <span class='ocrx_word' id='word_1_681' title='bbox 2842 3427 3197 3495; x_wconf 85' lang='lat' dir='ltr'><strong>omnipotens,</strong></span> <span class='ocrx_word' id='word_1_682' title='bbox 3224 3434 3272 3479; x_wconf 83' lang='lat' dir='ltr'><strong>et</strong></span> <span class='ocrx_word' id='word_1_683' title='bbox 3318 3426 3575 3480; x_wconf 80' lang='lat' dir='ltr'><strong>custodite</strong></span> <span class='ocrx_word' id='word_1_684' title='bbox 3602 3426 3659 3481; x_wconf 82' lang='lat' dir='ltr'><strong>in</strong></span> 
     </span>
    </p>
   </div>
   <div class='ocr_carea' id='block_1_100' title="bbox 2061 3517 3103 3588">
    <p class='ocr_par' dir='ltr' id='par_1_100' title="bbox 2061 3517 3103 3588">
     <span class='ocr_line' id='line_1_101' title="bbox 2061 3517 3103 3588; baseline -0.001 -17"><span class='ocrx_word' id='word_1_685' title='bbox 2061 3518 2252 3582; x_wconf 81' lang='lat' dir='ltr'><strong>spiritu</strong></span> <span class='ocrx_word' id='word_1_686' title='bbox 2289 3527 2481 3582; x_wconf 69' lang='lat' dir='ltr'><strong>vestro,</strong></span> <span class='ocrx_word' id='word_1_687' title='bbox 2522 3528 2569 3571; x_wconf 86' lang='lat' dir='ltr'><strong>et</strong></span> <span class='ocrx_word' id='word_1_688' title='bbox 2606 3534 2667 3570; x_wconf 85' lang='lat' dir='ltr'><strong>ne</strong></span> <span class='ocrx_word' id='word_1_689' title='bbox 2701 3517 3103 3588; x_wconf 77' lang='lat' dir='ltr'><strong>derelinquatis.</strong></span> 
     </span>
    </p>
   </div>
   <div class='ocr_carea' id='block_1_101' title="bbox 2138 3627 3659 3699">
    <p class='ocr_par' dir='ltr' id='par_1_101' title="bbox 2138 3627 3659 3699">
     <span class='ocr_line' id='line_1_102' title="bbox 2138 3627 3659 3699; baseline -0.002 -15"><span class='ocrx_word' id='word_1_690' title='bbox 2138 3628 2304 3684; x_wconf 74' lang='lat' dir='ltr'><strong>XXX.</strong></span> <span class='ocrx_word' id='word_1_691' title='bbox 2352 3630 2462 3684; x_wconf 90' lang='lat' dir='ltr'><strong>lloc</strong></span> <span class='ocrx_word' id='word_1_692' title='bbox 2507 3639 2614 3695; x_wconf 87' lang='lat' dir='ltr'><strong>est,</strong></span> <span class='ocrx_word' id='word_1_693' title='bbox 2647 3631 2691 3683; x_wconf 83' lang='lat' dir='ltr'><strong>si</strong></span> <span class='ocrx_word' id='word_1_694' title='bbox 2725 3630 3088 3699; x_wconf 74' lang='lat' dir='ltr'><strong>cogitationes</strong></span> <span class='ocrx_word' id='word_1_695' title='bbox 3126 3639 3246 3684; x_wconf 88' lang='lat' dir='ltr'><strong>tuas</strong></span> <span class='ocrx_word' id='word_1_696' title='bbox 3276 3627 3520 3685; x_wconf 84' lang='lat' dir='ltr'><strong>obvolvit</strong></span> <span class='ocrx_word' id='word_1_697' title='bbox 3555 3630 3659 3682; x_wconf 88' lang='lat' dir='ltr'><strong>im-</strong></span> 
     </span>
    </p>
   </div>
   <div class='ocr_carea' id='block_1_102' title="bbox 2061 3720 3658 3792">
    <p class='ocr_par' dir='ltr' id='par_1_102' title="bbox 2061 3720 3658 3792">
     <span class='ocr_line' id='line_1_103' title="bbox 2061 3720 3658 3792; baseline 0.001 -18"><span class='ocrx_word' id='word_1_698' title='bbox 2061 3723 2149 3792; x_wconf 88' lang='lat' dir='ltr'><strong>pia</strong></span> <span class='ocrx_word' id='word_1_699' title='bbox 2178 3733 2233 3777; x_wconf 91' lang='lat' dir='ltr'><strong>et</strong></span> <span class='ocrx_word' id='word_1_700' title='bbox 2263 3722 2492 3791; x_wconf 89' lang='lat' dir='ltr'><strong>profana</strong></span> <span class='ocrx_word' id='word_1_701' title='bbox 2527 3723 2706 3791; x_wconf 88' lang='lat' dir='ltr'><strong>pellis,</strong></span> <span class='ocrx_word' id='word_1_702' title='bbox 2755 3730 2808 3775; x_wconf 89' lang='lat' dir='ltr'><strong>et</strong></span> <span class='ocrx_word' id='word_1_703' title='bbox 2847 3723 3030 3775; x_wconf 88' lang='lat' dir='ltr'><strong>odium</strong></span> <span class='ocrx_word' id='word_1_704' title='bbox 3071 3720 3124 3774; x_wconf 89' lang='lat' dir='ltr'><strong>in</strong></span> <span class='ocrx_word' id='word_1_705' title='bbox 3171 3720 3314 3773; x_wconf 88' lang='lat' dir='ltr'><strong>illam</strong></span> <span class='ocrx_word' id='word_1_706' title='bbox 3356 3720 3488 3772; x_wconf 81' lang='lat' dir='ltr'><strong>falso</strong></span> <span class='ocrx_word' id='word_1_707' title='bbox 3521 3736 3658 3788; x_wconf 66' lang='lat' dir='ltr'><strong>prm—</strong></span> 
     </span>
    </p>
   </div>
   <div class='ocr_carea' id='block_1_103' title="bbox 2064 3812 3659 3889">
    <p class='ocr_par' dir='ltr' id='par_1_103' title="bbox 2064 3812 3659 3889">
     <span class='ocr_line' id='line_1_104' title="bbox 2064 3812 3659 3889; baseline -0.002 -19"><span class='ocrx_word' id='word_1_708' title='bbox 2064 3818 2304 3889; x_wconf 80' lang='lat' dir='ltr'><strong>texitur,</strong></span> <span class='ocrx_word' id='word_1_709' title='bbox 2357 3815 2659 3869; x_wconf 87' lang='lat' dir='ltr'><strong>ittveuiaris</strong></span> <span class='ocrx_word' id='word_1_710' title='bbox 2721 3823 2902 3867; x_wconf 88' lang='lat' dir='ltr'><strong>autem</strong></span> <span class='ocrx_word' id='word_1_711' title='bbox 2953 3813 3180 3866; x_wconf 85' lang='lat' dir='ltr'><strong>aliarum</strong></span> <span class='ocrx_word' id='word_1_712' title='bbox 3253 3812 3659 3879; x_wconf 82' lang='lat' dir='ltr'><strong>pulchritudine</strong></span> 
     </span>
    </p>
   </div>
   <div class='ocr_carea' id='block_1_104' title="bbox 2063 3904 3653 3972">
    <p class='ocr_par' dir='ltr' id='par_1_104' title="bbox 2063 3904 3653 3972">
     <span class='ocr_line' id='line_1_105' title="bbox 2063 3904 3653 3972; baseline -0.004 -10"><span class='ocrx_word' id='word_1_713' title='bbox 2063 3910 2352 3972; x_wconf 86' lang='lat' dir='ltr'><strong>subactus,</strong></span> <span class='ocrx_word' id='word_1_714' title='bbox 2384 3917 2439 3963; x_wconf 88' lang='lat' dir='ltr'><strong>et</strong></span> <span class='ocrx_word' id='word_1_715' title='bbox 2489 3907 2626 3961; x_wconf 88' lang='lat' dir='ltr'><strong>velle</strong></span> <span class='ocrx_word' id='word_1_716' title='bbox 2674 3904 3014 3959; x_wconf 83' lang='lat' dir='ltr'><strong>mulierculis</strong></span> <span class='ocrx_word' id='word_1_717' title='bbox 3068 3904 3369 3971; x_wconf 77' lang='lat' dir='ltr'><strong>peregrinis</strong></span> <span class='ocrx_word' id='word_1_718' title='bbox 3420 3904 3653 3972; x_wconf 77' lang='lat' dir='ltr'><strong>alligari,</strong></span> 
     </span>
    </p>
   </div>
   <div class='ocr_carea' id='block_1_105' title="bbox 2068 3995 3659 4068">
    <p class='ocr_par' dir='ltr' id='par_1_105' title="bbox 2068 3995 3659 4068">
     <span class='ocr_line' id='line_1_106' title="bbox 2068 3995 3659 4068; baseline -0.003 -15"><span class='ocrx_word' id='word_1_719' title='bbox 2068 4020 2088 4053; x_wconf 77' lang='grc' dir='ltr'><strong>ι</strong></span> <span class='ocrx_word' id='word_1_720' title='bbox 2119 4002 2353 4065; x_wconf 89' lang='lat' dir='ltr'><strong>custodi,</strong></span> <span class='ocrx_word' id='word_1_721' title='bbox 2382 4015 2450 4054; x_wconf 91' lang='lat' dir='ltr'><strong>ne</strong></span> <span class='ocrx_word' id='word_1_722' title='bbox 2480 3998 2854 4068; x_wconf 88' lang='lat' dir='ltr'><strong>derelinquas,</strong></span> <span class='ocrx_word' id='word_1_723' title='bbox 2885 4015 2904 4049; x_wconf 80' lang='grc'>›</span> <span class='ocrx_word' id='word_1_724' title='bbox 2954 4004 3047 4051; x_wconf 87' lang='lat' dir='ltr'><strong>aut</strong></span> <span class='ocrx_word' id='word_1_725' title='bbox 3085 4011 3312 4065; x_wconf 88' lang='lat' dir='ltr'><strong>prorsus</strong></span> <span class='ocrx_word' id='word_1_726' title='bbox 3340 3995 3659 4049; x_wconf 86' lang='lat' dir='ltr'><strong>maledictus</strong></span> 
     </span>
    </p>
   </div>
   <div class='ocr_carea' id='block_1_106' title="bbox 2062 4085 3659 4156">
    <p class='ocr_par' dir='ltr' id='par_1_106' title="bbox 2062 4085 3659 4156">
     <span class='ocr_line' id='line_1_107' title="bbox 2062 4085 3659 4156; baseline -0.005 -9"><span class='ocrx_word' id='word_1_727' title='bbox 2062 4092 2193 4147; x_wconf 89' lang='lat' dir='ltr'><strong>eris.</strong></span> <span class='ocrx_word' id='word_1_728' title='bbox 2235 4092 2383 4145; x_wconf 80' lang='lat' dir='ltr'><strong>Dixit</strong></span> <span class='ocrx_word' id='word_1_729' title='bbox 2423 4091 2566 4145; x_wconf 87' lang='lat' dir='ltr'><strong>enim</strong></span> <span class='ocrx_word' id='word_1_730' title='bbox 2603 4110 2616 4144; x_wconf 91' lang='lat'><strong>:</strong></span> <span class='ocrx_word' id='word_1_731' title='bbox 2648 4109 2666 4141; x_wconf 77' lang='grc' dir='ltr'><strong>ι</strong></span> <span class='ocrx_word' id='word_1_732' title='bbox 2703 4091 2839 4156; x_wconf 86' lang='lat' dir='ltr'><strong>Quia</strong></span> <span class='ocrx_word' id='word_1_733' title='bbox 2881 4087 3443 4155; x_wconf 76' lang='lat' dir='ltr'><strong>dispertlet-Dominus</strong></span> <span class='ocrx_word' id='word_1_734' title='bbox 3483 4085 3659 4140; x_wconf 87' lang='lat' dir='ltr'><strong>homi-</strong></span> 
     </span>
    </p>
   </div>
   <div class='ocr_carea' id='block_1_107' title="bbox 2064 4179 3657 4251">
    <p class='ocr_par' dir='ltr' id='par_1_107' title="bbox 2064 4179 3657 4251">
     <span class='ocr_line' id='line_1_108' title="bbox 2064 4179 3657 4251; baseline -0.004 -14"><span class='ocrx_word' id='word_1_735' title='bbox 2064 4199 2185 4237; x_wconf 88' lang='lat' dir='ltr'><strong>nem</strong></span> <span class='ocrx_word' id='word_1_736' title='bbox 2210 4185 2298 4251; x_wconf 89' lang='lat' dir='ltr'><strong>qui</strong></span> <span class='ocrx_word' id='word_1_737' title='bbox 2336 4184 2467 4236; x_wconf 81' lang='lat' dir='ltr'><strong>facit</strong></span> <span class='ocrx_word' id='word_1_738' title='bbox 2499 4182 2636 4245; x_wconf 75' lang='lat' dir='ltr'><strong>htec,</strong></span> <span class='ocrx_word' id='word_1_739' title='bbox 2668 4182 2841 4235; x_wconf 89' lang='lat' dir='ltr'><strong>donec</strong></span> <span class='ocrx_word' id='word_1_740' title='bbox 2874 4180 3191 4233; x_wconf 87' lang='lat' dir='ltr'><strong>humilictur</strong></span> <span class='ocrx_word' id='word_1_741' title='bbox 3224 4193 3289 4230; x_wconf 85' lang='lat' dir='ltr'><strong>ex</strong></span> <span class='ocrx_word' id='word_1_742' title='bbox 3323 4179 3657 4231; x_wconf 85' lang='lat' dir='ltr'><strong>tabernacu-</strong></span> 
     </span>
    </p>
   </div>
   <div class='ocr_carea' id='block_1_108' title="bbox 415 5836 1986 5917">
    <p class='ocr_par' dir='ltr' id='par_1_108' title="bbox 415 5836 1971 5917">
     <span class='ocr_line' id='line_1_109' title="bbox 415 5836 1971 5917; baseline -0.01 -9"><span class='ocrx_word' id='word_1_743' title='bbox 415 5854 467 5889; x_wconf 77' lang='grc'><strong>³⁸</strong></span> <span class='ocrx_word' id='word_1_744' title='bbox 500 5850 693 5908; x_wconf 73' lang='lat' dir='ltr'><strong>Matth.</strong></span> <span class='ocrx_word' id='word_1_745' title='bbox 724 5866 779 5917; x_wconf 74' lang='grc' dir='ltr'><strong>ν,</strong></span> <span class='ocrx_word' id='word_1_746' title='bbox 808 5847 900 5904; x_wconf 71' lang='lat'><strong>&#39;53.</strong></span> <span class='ocrx_word' id='word_1_747' title='bbox 1013 5836 1059 5878; x_wconf 70' lang='grc'><strong>⁸⁸</strong></span> <span class='ocrx_word' id='word_1_748' title='bbox 1091 5844 1283 5899; x_wconf 74' lang='lat' dir='ltr'><strong>Matth.</strong></span> <span class='ocrx_word' id='word_1_749' title='bbox 1319 5858 1430 5911; x_wconf 84' lang='lat' dir='ltr'><strong>xtx,</strong></span> <span class='ocrx_word' id='word_1_750' title='bbox 1461 5841 1519 5912; x_wconf 81' lang='grc'>7,</span> <span class='ocrx_word' id='word_1_751' title='bbox 1546 5842 1600 5911; x_wconf 87' lang='grc'><strong>8;</strong></span> <span class='ocrx_word' id='word_1_752' title='bbox 1635 5840 1800 5898; x_wconf 75' lang='lat' dir='ltr'><strong>Marc.</strong></span> <span class='ocrx_word' id='word_1_753' title='bbox 1834 5857 1889 5909; x_wconf 87' lang='lat' dir='ltr'><strong>x,</strong></span> <span class='ocrx_word' id='word_1_754' title='bbox 1914 5840 1971 5907; x_wconf 79' lang='lat'><strong>2,</strong></span> 
     </span>
    </p>
   </div>
   <div class='ocr_carea' id='block_1_109' title="bbox 2064 5836 3169 5917">
    <p class='ocr_par' dir='ltr' id='par_1_109' title="bbox 2302 5836 3169 5862">
     <span class='ocr_line' id='line_1_110' title="bbox 2302 5836 3169 5862; baseline -0.002 2"><span class='ocrx_word' id='word_1_755' title='bbox 2302 5836 2305 5839; x_wconf 56' lang='grc'>’</span> <span class='ocrx_word' id='word_1_756' title='bbox 3143 5846 3169 5862; x_wconf 66' lang='grc' dir='ltr'><strong>σε</strong></span> 
     </span>
    </p>
   </div>
   <div class='ocr_carea' id='block_1_110' title="bbox 2065 2444 3747 2514">
    <p class='ocr_par' dir='ltr' id='par_1_110' title="bbox 2065 2444 3747 2514">
     <span class='ocr_line' id='line_1_111' title="bbox 2065 2444 3747 2514; baseline -0.001 -14"><span class='ocrx_word' id='word_1_757' title='bbox 2065 2447 2446 2502; x_wconf 64' lang='lat' dir='ltr'><strong>adolescentiae</strong></span> <span class='ocrx_word' id='word_1_758' title='bbox 2468 2457 2686 2503; x_wconf 78' lang='lat' dir='ltr'><strong>vestrae.</strong></span> <span class='ocrx_word' id='word_1_759' title='bbox 2728 2466 2746 2499; x_wconf 77' lang='grc' dir='ltr'><strong>ι</strong></span> <span class='ocrx_word' id='word_1_760' title='bbox 2788 2446 2903 2501; x_wconf 82' lang='lat' dir='ltr'><strong>Hoc</strong></span> <span class='ocrx_word' id='word_1_761' title='bbox 2936 2445 3078 2499; x_wconf 89' lang='lat' dir='ltr'><strong>enim</strong></span> <span class='ocrx_word' id='word_1_762' title='bbox 3137 2454 3381 2514; x_wconf 78' lang='lat' dir='ltr'><strong>praeStat,</strong></span> <span class='ocrx_word' id='word_1_763' title='bbox 3441 2444 3658 2499; x_wconf 82' lang='lat' dir='ltr'><strong>etiamsi</strong></span> <span class='ocrx_word' id='word_1_764' title='bbox 3742 2457 3747 2461; x_wconf 92' lang='grc'><strong>·</strong></span> 
     </span>
    </p>
   </div>
   <div class='ocr_carea' id='block_1_111' title="bbox 2137 3040 3754 3111">
    <p class='ocr_par' dir='ltr' id='par_1_111' title="bbox 2137 3040 3754 3111">
     <span class='ocr_line' id='line_1_112' title="bbox 2137 3040 3754 3111; baseline 0.001 -16"><span class='ocrx_word' id='word_1_765' title='bbox 2137 3040 2330 3097; x_wconf 72' lang='lat' dir='ltr'><strong>XXIX.</strong></span> <span class='ocrx_word' id='word_1_766' title='bbox 2365 3042 2476 3097; x_wconf 81' lang='lat' dir='ltr'><strong>Hoc</strong></span> <span class='ocrx_word' id='word_1_767' title='bbox 2502 3050 2607 3108; x_wconf 86' lang='lat' dir='ltr'><strong>est,</strong></span> <span class='ocrx_word' id='word_1_768' title='bbox 2639 3042 2683 3096; x_wconf 88' lang='lat' dir='ltr'><strong>si</strong></span> <span class='ocrx_word' id='word_1_769' title='bbox 2705 3040 3035 3111; x_wconf 80' lang='lat' dir='ltr'><strong>probabilem</strong></span> <span class='ocrx_word' id='word_1_770' title='bbox 3065 3040 3270 3097; x_wconf 78' lang='lat' dir='ltr'><strong>faciens</strong></span> <span class='ocrx_word' id='word_1_771' title='bbox 3307 3050 3361 3095; x_wconf 87' lang='lat' dir='ltr'><strong>et</strong></span> <span class='ocrx_word' id='word_1_772' title='bbox 3388 3042 3531 3108; x_wconf 86' lang='lat' dir='ltr'><strong>justa</strong></span> <span class='ocrx_word' id='word_1_773' title='bbox 3558 3056 3654 3097; x_wconf 88' lang='lat' dir='ltr'><strong>oc-</strong></span> <span class='ocrx_word' id='word_1_774' title='bbox 3748 3056 3754 3064; x_wconf 84' lang='lat'><strong>‘</strong></span> 
     </span>
    </p>
   </div>
   <div class='ocr_carea' id='block_1_112' title="bbox 2063 4268 3743 4338">
    <p class='ocr_par' dir='ltr' id='par_1_112' title="bbox 2063 4268 3743 4338">
     <span class='ocr_line' id='line_1_113' title="bbox 2063 4268 3743 4338; baseline -0.002 -11"><span class='ocrx_word' id='word_1_775' title='bbox 2063 4276 2127 4328; x_wconf 93' lang='lat' dir='ltr'><strong>lis</strong></span> <span class='ocrx_word' id='word_1_776' title='bbox 2166 4272 2354 4338; x_wconf 84' lang='lat' dir='ltr'><strong>Israel,</strong></span> <span class='ocrx_word' id='word_1_777' title='bbox 2396 4289 2461 4327; x_wconf 78' lang='lat' dir='ltr'><strong>ex</strong></span> <span class='ocrx_word' id='word_1_778' title='bbox 2497 4271 2856 4327; x_wconf 72' lang='lat' dir='ltr'><strong>offerentibus</strong></span> <span class='ocrx_word' id='word_1_779' title='bbox 2903 4270 3231 4325; x_wconf 85' lang='lat' dir='ltr'><strong>sacrificium</strong></span> <span class='ocrx_word' id='word_1_780' title='bbox 3280 4268 3506 4321; x_wconf 89' lang='lat' dir='ltr'><strong>Domino</strong></span> <span class='ocrx_word' id='word_1_781' title='bbox 3538 4282 3655 4321; x_wconf 89' lang='lat' dir='ltr'><strong>om-</strong></span> <span class='ocrx_word' id='word_1_782' title='bbox 3738 4316 3743 4323; x_wconf 74' lang='lat'><strong>,</strong></span> 
     </span>
    </p>
   </div>
  </div>
