4098 6550
474 413 577 468 5‘27

1489 401 1547 458 S.
1590 400 1868 458 CYBILLI
1904 401 2372 459 ALEXANDRINI
2412 402 2720 459 ARCHIEP.

3641 413 3747 469 328

471 540 536 581 ιο
560 522 699 594 quod
721 521 900 574 dicitis
930 532 948 571 :
986 515 1172 573 Omnis
1203 519 1295 590 qui
1329 519 1460 587 facit
1513 517 1737 583 malum,
1772 518 1963 572 bonum
2003 518 2058 570 in

2174 520 2272 572 Ἐν
2290 517 2372 584 τῷ
2398 519 2603 588 λέγειν
2630 518 2782 587 ὑμᾶς
2804 534 2818 548 ⁸
2856 517 2979 584 Πᾶς
3018 516 3202 571 ποιῶν
3238 517 3522 588 πονηρὸν,
3556 523 3751 576 καλὸν

474 622 751 683 conspectu
792 612 1023 676 Domini,
1059 621 1107 666 et
1139 612 1193 664 in
1233 612 1359 681 ipsis
1389 613 1488 682 ipsi
1516 610 1852 681 complacuit,
1890 620 1941 664 et
1971 610 2061 663 ubi

473 718 548 761 est
581 706 717 760 Deus
737 703 1006 773 justitiw?

549 835 743 890 XXXI.
788 835 959 902 Supra
994 834 1275 899 annotavi,
1316 848 1422 887 non
1454 847 1582 896 uno,
1613 832 1706 886 sed
1738 830 1922 885 multis
1951 814 2064 885 mo-

477 928 563 983 dis
621 926 999 979 universorum
1054 921 1222 976 Deum
1270 934 1459 978 contra
1504 932 1752 993 posteros
1798 921 1927 976 Levi
1974 938 2066 976 ex-

481 1018 795 1072 acerbatnm
827 1031 970 1070 esse.
997 1015 1065 1069 Et
1088 1015 1431 1070 sacerdotum
1464 1014 1707 1069 imbelles
1738 1014 1947 1069 animas
1975 1028 2066 1068 ca-

479 1112 711 1177 stigans,
762 1109 983 1163 aiebat:
1022 1126 1042 1158 ι
1074 1108 1140 1161 Ει
1182 1106 1499 1161 inferebatis
1528 1121 1649 1176 qua:
1689 1116 1839 1176 rapta
1886 1117 2063 1169 erant,

480 1209 537 1255 et
557 1200 772 1264 clauda,
806 1209 859 1253 et
884 1197 1083 1252 debilia
1108 1197 1174 1252 ³⁸.
1209 1215 1229 1250 ι
1263 1197 1331 1251 Ει
1357 1196 1586 1251 addebat
1617 1195 1701 1249 bis
1730 1213 1745 1250 :
1779 1213 1798 1246 ι
1828 1194 1896 1249 Ει
1922 1195 2066 1250 acci-

479 1290 713 1361 piebatis
763 1304 1053 1359 personam
1106 1289 1158 1344 in
1213 1288 1330 1358 lege
1354 1287 1419 1355 ’5
1451 1306 1471 1340 ι
1516 1285 1852 1340 llonorantes
1896 1286 2063 1351 enim,

481 1393 541 1435 ut
579 1381 838 1435 credibile
861 1391 964 1446 est,
989 1392 1043 1435 et
1072 1381 1448 1450 intempestive
1471 1386 1778 1433 reverentes
1803 1378 2064 1447 quosdam

480 1488 603 1529 sese
650 1475 1067 1538 convenientes,
1114 1474 1394 1528 tenuiores
1441 1475 1705 1530 scelerate
1739 1475 2064 1530 condemna-

482 1566 636 1631 bant,
690 1574 745 1619 et
779 1566 1101 1634 premebant
1137 1562 1422 1632 quosdam,
1473 1578 1581 1618 non
1633 1580 1699 1619 ex
1751 1564 2066 1634 praescripto

478 1655 615 1725 legis
640 1657 783 1725 jnsta
806 1655 1116 1724 judicantes
1144 1652 1189 1685 ⁸⁵
1215 1691 1231 1717 ,
1262 1656 1356 1707 sed
1381 1654 1434 1706 in
1466 1662 1672 1723 partem
1706 1653 2063 1724 potentiorem

480 1754 538 1798 et
571 1746 810 1812 iniquam
840 1745 1165 1798 sententiam
1194 1741 1535 1811 proferentes
1567 1759 1580 1794 :
1615 1751 1707 1797 aut
1738 1742 1876 1796 forte
1899 1742 2063 1795 etiam

2165 608 2423 663 ἐνώπιον
2453 609 2699 678 Κυρίου,
2737 607 2836 661 καὶ
2869 608 2940 661 ἐν
2979 607 3184 673 αὐτοῖς
3219 608 3402 673 αὐτὸς
3426 611 3746 678 εὐδόκησα,

2164 701 2262 755 καὶ
2299 700 2417 755 ποῦ
2445 700 2617 754 ἔστιν
2642 702 2674 754 ό
2701 699 2845 766 Θεὸς
2871 699 2983 767 τῆς
3021 697 3449 767 δικαιοσύνηςὶ

2236 839 2360 891 AA'.
2400 836 2617 900 Φθάσας
2647 836 2804 907 ἔφην,
2851 835 2927 899 ὡς
2955 835 3014 889 ού
3046 835 3168 889 καθ’
3202 834 3298 887 ἕνα
3339 835 3562 905 τρόπον,
3609 832 3755 888 κατά

2134 928 2394 992 ’πολλοὺς
2439 927 2496 981 δὲ
2537 927 2834 997 μᾶλλλον,ό
2875 926 2983 980 τῶν
3030 926 3165 979 ὅλων
3212 925 3345 988 Θεὸς
3387 926 3483 979 ἐπὶ
3524 927 3649 991 τοὺς
3689 928 3752 997 ἑξ

2166 1022 2396 1092 αἵματος
2421 1018 2516 1073 τοῦ
2557 1020 2690 1073 Λευὶ
2718 1018 3185 1088 κατεπικραίνετο.
3229 1016 3341 1070 Kal
3383 1019 3502 1080 ταῖς
3533 1017 3641 1070 τῶν
3674 1021 3748 1072 ἱε-

2169 1111 2417 1185 ρουργῶν
2447 1110 2707 1181 ἀθυμίαις
2747 1109 3120 1180 ἐπισκήπτων,
3159 1107 3395 1177 ἔφασκεο
3437 1127 3456 1157 ι
3487 1108 3598 1162 Kal
3634 1110 3753 1162 είσ-

2167 1206 2391 1275 εφέρετε
2432 1203 2503 1257 τά
2544 1203 2919 1274 ἁρπάγματα,
2959 1200 3053 1255 καὶ
3085 1200 3154 1254 τὰ
3191 1199 3370 1271 χωλά,
3408 1202 3503 1254 καὶ
3546 1201 3617 1255 τά
3661 1203 3753 1256 ὲν-

2165 1295 2486 1367 οχλούμενα.
2512 1314 2530 1348 ›
2568 1295 2921 1366 Πφσεπῆγεν
2945 1292 3003 1347 δὲ
3034 1292 3274 1356 τούτοις·
3318 1312 3336 1344 ι
3366 1292 3477 1345 Kal
3504 1293 3752 1362 ἑλαμὸάο

2166 1405 2288 1442 νετε
2323 1372 2614 1459 πρόσωπον
2653 1388 2711 1440 ὲν
2744 1385 2912 1455 νόμῳ.
2939 1402 2959 1437 ι
2995 1382 3273 1454 Τιμῶντες
3324 1383 3455 1455 γάρ,
3506 1382 3649 1437 κατά
3689 1383 3753 1438 τὸ

2166 1479 2335 1544 εἰκὸς,
2379 1481 2475 1532 καὶ
2503 1478 2568 1531 δι’
2606 1477 2786 1539 αἰδοῦς
2813 1476 3043 1548 ἀκαίρου
3071 1475 3387 1545 ποιούμενοι
3424 1474 3534 1529 τῶν
3574 1492 3751 1547 προσ-

2169 1571 2355 1625 ιόντων
2394 1568 2568 1636 τινάς,
2604 1568 2957 1632 κατεδίκαζον
2990 1567 3087 1638 μὲν
3123 1568 3221 1637 ούχ
3251 1565 3411 1630 ὁσίως
3441 1566 3549 1620 τῶν
3584 1566 3751 1620 ἀσθε-

2167 1662 2462 1734 νεστέρων,
2493 1662 2589 1714 καὶ
2621 1659 2934 1725 πλεονεξίας
2954 1657 3158 1727 ὲπῆγόν
3186 1674 3345 1722 τισιν,
3375 1657 3433 1710 οὗ
3462 1656 3532 1710 τά
3564 1657 3751 1712 δίκαια

2167 1751 2477 1821 κρίνοντες,
2525 1749 2667 1804 κατά
2710 1765 2775 1818 γε
2825 1747 2915 1802 τὸν
2956 1748 3141 1818 νόμον,
3184 1746 3300 1802 ἀλλ’
3344 1746 3612 1818 έτεραλκῆ
3651 1747 3751 1801 καὶ

482 1836 802 1907 diripientes
834 1835 1178 1890 bmreditates
1204 1834 1514 1903 neutiquam
1546 1834 1614 1889 ad
1640 1849 1698 1890 se
1731 1835 2059 1887 attinentes:

2165 1842 2344 1896 ἄνισον
2370 1839 2466 1911 τὴν
2498 1839 2677 1911 ψῆφον
2714 1838 3036 1909 ἐκφέροντες
3055 1854 3068 1868 ·
3099 1838 3133 1908 ἢ
3164 1836 3305 1908 τάχα
3334 1854 3439 1890 που
3468 1838 3563 1890 καὶ
3589 1836 3748 1909 διαρ-

483 1930 781 1998 gaudentes
807 1936 989 1982 autem
1039 1941 1204 1995 super
1240 1924 1398 1981 donis
1426 1934 1481 1980 et
1521 1939 1585 1980 ea
1625 1925 1973 1993 accipientes,
2004 1931 2061 1977 et

483 2018 771 2073 sacerdotii
822 2015 1121 2071 honoribus
1150 2016 1461 2083 abutentes,
1492 2028 1547 2070 et
1585 2030 1749 2085 supra
1789 2013 2061 2083 subjectos

480 2120 539 2160 se
569 2105 874 2161 efferentes.
909 2105 1064 2159 Hunc
1108 2107 1162 2159 in
1194 2105 1412 2159 modum
1445 2090 1610 2159 vitam
1640 2106 1895 2174 degentes
1926 2104 2060 2159 adeo

480 2194 736 2249 infamem
782 2204 837 2250 et
878 2194 1087 2265 legibus
1120 2194 1589 2260 adversissimam,
1620 2192 2060 2265 “avidentes

482 2288 702 2357 quidam
755 2286 1013 2356 iniuriam
1051 2286 1218 2357 passi,
1254 2296 1461 2340 tantum
1506 2300 1611 2339 non
1643 2284 1857 2339 attoniti
1900 2284 2063 2338 mira-

480 2377 705 2431 bantur.
748 2376 862 2433 Nec
919 2377 1068 2432 enim
1122 2377 1663 2446 repreliendebantur
1711 2390 1743 2430 a
1801 2376 1931 2440 Deo,
1962 2386 2063 2428 nec

480 2470 882 2539 puniebantur,
941 2480 1000 2523 ut
1047 2469 1226 2525 solent
1278 2468 1567 2540 aliquando
1620 2477 2057 2537 contemptores;

481 2562 610 2629 quin
663 2563 839 2630 potius
887 2564 1047 2616 rebus
1092 2564 1347 2617 secundis
1390 2563 1698 2628 utebantur,
1722 2572 1778 2616 et
1811 2560 2062 2615 vivebant

482 2667 605 2706 cum
652 2654 944 2722 voluptate.
992 2655 1196 2709 Idcirco
1239 2668 1381 2723 aegre
1411 2653 1668 2720 ferentes,
1715 2654 2062 2708 immensam-

482 2756 589 2812 que
614 2743 707 2797 Dei
747 2745 1137 2814 benignitatem
1170 2743 1310 2798 forte
1340 2744 1581 2815 amplius
1606 2745 1845 2812 c0gitare
1878 2742 2063 2797 nolen-

487 2845 590 2900 tes,
620 2839 1004 2903 propemodum
1029 2836 1194 2890 etiam
1217 2849 1286 2889 ex
1311 2838 1695 2905 desperatione
1718 2833 2059 2902 clamabant:

489 2945 508 2976 ι
537 2924 728 2981 Omnis
752 2928 844 2996 qui
877 2929 1011 2984 facit
1039 2931 1267 2997 malum,
1304 2930 1505 2983 bonum
1550 2927 1604 2979 in
1634 2932 1926 2992 conspectu
1955 2923 2063 2977 Do-

383 3062 390 3069 .
485 3020 643 3085 mini,
672 3030 726 3074 et
760 3020 813 3087 in
847 3021 977 3090 ipsis
1002 3021 1103 3090 ipsi
1134 3021 1495 3091 complacuit;
1530 3038 1549 3070 ›
1576 3019 1674 3073 hoc
1698 3025 1800 3082 est,
1837 3017 2061 3071 forsitan

482 3121 538 3167 et
588 3121 929 3180 perpetretur
986 3114 1250 3169 malorum
1299 3113 1476 3167 bonus
1537 3117 1622 3163 est
1672 3110 1725 3162 in
1771 3118 2062 3175 conspectu

2161 1932 2426 1996 πάζοντες
2456 1931 2581 1995 τοὺς
2623 1930 2921 2002 οὐδαμόθεν
2964 1929 3145 1993 αὑτοῖς
3181 1928 3557 2000 προσήκοντας
3613 1928 3750 1999 κλή-

2163 2040 2324 2095 ρους·
2363 2021 2685 2093 έφηδόμενοι
2730 2019 2786 2074 δὲ
2816 2020 2912 2074 καὶ
2949 2018 3329 2091 δωροδοκίαις,
3366 2020 3460 2072 καὶ
3490 2022 3612 2082 ταῖς
3646 2014 3749 2088 τῆς

2163 2121 2462 2194 ἱερωσύνης
2486 2123 2671 2192 τιμαῖς
2693 2115 3183 2189 κατακεχρημένοι,
3208 2114 3430 2170 καὶτῶν
3455 2113 3560 2166 ὑπὸ
3586 2115 3750 2184 χεῖρα

2162 2215 2640 2285 κατεπαιρόμενοι.
2682 2210 2898 2281 Ταύτην
2926 2209 3139 2279 ἔχοντες
3166 2205 3261 2261 τοῦ
3310 2204 3425 2275 βίου
3456 2205 3557 2276 τὴν
3598 2205 3748 2272 ἀγω-

2161 2303 2266 2374 γὴν
2305 2301 2402 2373 τὴν
2440 2301 2585 2355 οὕτω
2620 2299 2854 2354 δυσκλεᾶ
2882 2298 2977 2351 xal
3016 2295 3436 2366 ὲκνομωτάτην,
3466 2290 3747 2347 καταθεώ-

2165 2394 2315 2466 μενοί
2366 2408 2509 2456 τινες
2541 2390 2649 2444 τῶν
2697 2389 2793 2450 τάς
2831 2388 3043 2451 ἀδικίας
3088 2384 3604 2457 ύπομεμενηκότων,
3646 2398 3746 2454 μοι

2163 2483 2376 2553 νονουχὶ
2407 2481 2807 2552 κατεθήπεσαν.
2840 2478 2916 2532 Οὐ
2945 2476 3053 2548 γάρ
3079 2471 3148 2546 ἦν
3176 2492 3262 2538 τις
3282 2476 3380 2543 ⁵ίίϊ.;’
3410 2474 3592 2537 αὐτοῖς
3626 2472 3747 2526 ὲπί-

2163 2574 2359 2643 πληξις
2395 2571 2545 2643 παρά
2587 2568 2722 2623 Θεοῦ
2773 2566 2870 2622 καὶ
2908 2565 2977 2620 τά
3011 2565 3070 2632 ἐξ
3106 2564 3306 2635 ὀργῆς,
3343 2561 3455 2616 ἐσθ’
3481 2563 3570 2615 ὅτε
3605 2578 3745 2632 συμ-

2164 2666 2414 2720 ϐαίνοντα
2448 2665 2560 2728 τοῖς
2595 2659 2810 2714 εἰωθόσι
2844 2658 3201 2727 καταφρονεῖν
3222 2670 3237 2687 ·
3274 2650 3413 2724 ἦσαν
3446 2653 3503 2707 δὲ
3544 2654 3745 2724 μᾶλλον

2164 2755 2223 2808 ἐν
2264 2751 2530 2822 εὐπαθείᾳ
2561 2752 2655 2804 καὶ
2689 2751 2943 2821 τρυφαῖς.
2994 2745 3138 2817 Πρὸς
3176 2743 3243 2814 δὴ
3293 2743 3362 2797 τά
3394 2741 3618 2796 τοιαῦτα
3661 2742 3749 2796 δε-

2164 2847 2594 2918 δυσφορηκότες,
2638 2842 2735 2897 καὶ
2768 2842 2867 2914 τὴν
2910 2839 3243 2910 ἀσύγκριτον
3291 2836 3604 2907 ἡμερότητα
3651 2836 3748 2889 τοῦ

2166 2938 2302 2993 Θεοῦ
2332 2938 2471 3007 τάχα
2511 2953 2613 2989 που
2646 2934 2825 2987 λοιπὸν
2876 2936 2954 2995 εἰς
2991 2931 3115 2984 νοῦν
3147 2929 3293 3000 ἔχειν
3340 2930 3441 2981 οὐκ
3481 2928 3750 2998 ἀνεχόμεο

2166 3048 2267 3097 νοι,
2307 3029 2587 3100 μονονουχὶ
2629 3026 2723 3080 καὶ
2754 3024 3240 3094 κατακεκράγασιν
3274 3022 3338 3072 ὲκ
3381 3019 3753 3090 μικροψυχίας

2167 3123 2442 3192 λέγοντες·
2484 3137 2504 3171 ι
2540 3121 2654 3180 Πᾶς
2687 3117 2855 3170 ποιῶν
2894 3114 3152 3185 πονηρὸν,
3185 3110 3349 3166 καλὸν
3393 3109 3623 3163 ἐνώπιον
3655 3110 3756 3163 αύ-

486 3198 737 3267 Domini;
781 3210 837 3256 et
869 3216 1032 3271 super
1078 3205 1212 3256 adeo
1243 3201 1528 3255 inhoneste
1561 3196 1868 3250 viventibus
1912 3196 2060 3249 beta-

2165 3212 2281 3279 τοῦ,
2311 3212 2406 3265 καὶ
2434 3213 2492 3264 έν
2530 3210 2714 3272 αὐτοῖς
2743 3207 2902 3269 αὐτὸς
2934 3205 3225 3276 ηὐδόκησε,
3255 3220 3274 3252 ι
3309 3200 3573 3264 τουτέστι,
3610 3201 3755 3271 τάχα

487 3301 593 3346 tur.
628 3292 764 3346 Nam
805 3294 849 3347 si
895 3294 997 3347 hoc
1041 3308 1230 3347 verum
1262 3307 1370 3346 non
1418 3300 1521 3356 est,
1560 3290 1757 3359 inquit,
1792 3307 1812 3341 ι
1845 3286 1948 3343 Ubi
1977 3297 2064 3342 est

486 3383 629 3438 Deus
653 3383 922 3451 justitite?
956 3403 975 3436 ι
1006 3386 1302 3454 Oportebat
1326 3382 1496 3446 enim,
1529 3382 1818 3449 Oportebat
1841 3377 2065 3449 iustitiae

484 3476 912 3544 dispensatorem
947 3491 1053 3530 non
1089 3478 1226 3529 adeo
1262 3473 1586 3528 tolerantem
1627 3486 1750 3526 esse
1792 3472 1846 3526 in
1877 3486 2059 3526 sacer-

486 3569 702 3621 dotibus
741 3568 939 3631 avaris,
985 3576 1041 3621 et
1082 3566 1255 3620 altare
1287 3562 1669 3632 polluentibus,
1699 3571 1754 3616 et
1787 3561 1968 3630 iniqua
1999 3574 2064 3615 ac

486 3659 755 3714 scelerata
792 3668 846 3713 et
876 3658 977 3727 legi
1007 3653 1304 3727 pugnantia
1334 3654 1678 3708 committere
1710 3667 1920 3706 summo
1948 3661 2063 3706 stu-

486 3752 576 3806 dio
622 3751 965 3804 conantibus.
1029 3748 1094 3802 Et
1146 3747 1264 3802 haec
1315 3747 1533 3816 quidem
1586 3744 1812 3799 crimina
1865 3743 2066 3797 fuerint

485 3842 882 3911 desperationis
932 3840 1173 3907 ipsorum
1221 3835 1544 3890 incessentis
1595 3835 1825 3888 animos.
1878 3833 2064 3888 Scien-

483 3931 613 3987 dum
666 3942 871 3997 autem,
911 3929 1070 3999 juxta
1103 3930 1440 3998 propositum
1482 3926 1771 3980 verborum
1819 3940 2061 3990 sensum,

483 4022 708 4077 irritare
734 4022 925 4088 Deum,
957 4020 1050 4091 qui
1088 4021 1223 4074 adeo
1262 4019 1531 4088 imperitis
1557 4019 1781 4073 vocibus
1816 4026 2061 4072 utuntur.

484 4114 680 4170 Ferme
709 4116 853 4168 enim
878 4126 932 4168 et
958 4114 1241 4182 increpare
1265 4121 1511 4166 statuunt
1534 4110 1850 4165 tolerantem
1875 4109 2062 4189 Deum,

484 4210 577 4278 qui
632 4210 934 4264 errantium
984 4207 1398 4261 conversionem
1450 4205 1840 4275 benignissime
1885 4213 1939 4257 et
1971 4218 2065 4257 eo-

485 4277 603 4354 rum
651 4300 742 4368 qui
785 4301 839 4353 in
891 4307 1172 4368 peccatum
1224 4295 1462 4366 prolapsi
1508 4306 1652 4361 sunt,
1691 4294 1759 4350 ad
1807 4277 2064 4348 salutaria

491 4406 769 4445 recursum
817 4399 1118 4459 exspectat.
1157 4387 1382 4442 Divinus
1420 4389 1601 4457 itaque
1657 4385 1857 4441 Paulus
1902 4399 2066 4453 super

488 4483 827 4551 torpentibus
863 4490 917 4535 et
959 4497 989 4534 a
1035 4480 1353 4551 poenitentia
1408 4478 1803 4550 refugientibus
1833 4477 2060 4530 dolens:

2166 3322 2270 3359 που
2306 3304 2402 3357 καὶ
2442 3301 2648 3371 ἀγαθὸς
2675 3301 2734 3353 ὲν
2775 3296 3073 3368 ὀφθαλμοῖς
3107 3294 3199 3354 τοῦ
3228 3292 3366 3348 Θεοῦ
3398 3294 3427 3346 ὀ
3455 3294 3563 3346 τῶν
3594 3310 3754 3364 πονη-

2168 3394 2277 3467 ρῶν
2304 3394 2571 3464 ἐργάτηςο
2614 3389 2873 3459 ὲφήδεται
2908 3388 2966 3442 δὲ
3002 3389 3117 3451 τοῖς
3161 3384 3336 3446 οὕτως
3367 3383 3606 3456 αἰσχρῶς
3637 3385 3755 3438 δια·

2165 3486 2315 3541 ϐιοῦν
2347 3482 2664 3556 ᾑρημένοις.
2709 3482 2771 3534 El
2800 3480 2909 3552 γὰρ
2952 3478 3026 3550 μὴ
3077 3477 3256 3544 τοῦτο,
3290 3479 3476 3547 φησὶν,
3524 3475 3751 3548 ἀληθὲς,

2172 3600 2191 3633 ι
2226 3577 2337 3633 Ποῦ
2385 3576 2532 3629 ἐστιν
2573 3575 2602 3626 ό
2643 3571 2777 3636 Θεὸς
2822 3572 2921 3643 τῆς
2962 3568 3345 3639 δικαιοσύνης;
3373 3586 3394 3620 ι
3434 3565 3583 3620 Ἔδει
3620 3567 3752 3638 γὰρ,

2164 3669 2272 3724 εδει
2290 3668 2387 3738 τῆς
2412 3663 2757 3733 δικαιοσύνης
2781 3662 2874 3715 τὸν
2904 3661 3168 3733 πρύτανιν
3194 3660 3270 3732 μὴ
3293 3657 3544 3712 τοσοῦτον
3581 3656 3755 3723 ἀνεξι-

2166 3760 2406 3831 κακῆσαι
2462 3753 2844 3809 πλεονεκτοῦσι
2908 3754 3244 3824 ίερουργοῖς,
3303 3751 3398 3804 καὶ
3459 3750 3755 3820 καταμιαί-

2165 3864 2315 3901 νουσι
2340 3846 2402 3899 τὸ
2441 3843 2846 3914 θυσιαστήριον,
2879 3841 3041 3896 ἀδικά
3070 3858 3131 3894 τε
3176 3841 3269 3894 καὶ
3314 3841 3506 3895 ἀνόσια
3549 3840 3644 3894 καὶ
3685 3840 3756 3894 τά

2164 3937 2273 4005 ἔξω
2332 3935 2497 4007 νόμου
2550 3934 2683 4005 δρᾷν
2731 3933 2814 3987 ὅτι
2866 3931 3103 4002 μάλιστα
3153 3930 3589 3985 διεσπουδακόσι.
3641 3931 3757 3985 Καὶ

2164 4028 2320 4085 ταυτὶ¹
2351 4029 2451 4098 μὲν
2485 4023 2595 4081 εἷεν
2627 4026 2694 4081 ἂν
2720 4025 2820 4094 τῆς
2852 4022 3236 4095 ὲπισυμϐάσης
3269 4024 3451 4086 αὐτοῖς
3492 4021 3757 4093 μικροψυ-

2166 4122 2290 4193 χίας
2337 4120 2685 4192 ὲγκλήματα.
2735 4115 2933 4170 ’ἰστέον
2969 4115 3027 4170 δὲ
3059 4115 3172 4180 ὅτι,
3208 4114 3350 4168 κατά
3397 4130 3461 4182 γε
3501 4114 3602 4183 τὴν
3643 4113 3756 4165 τῶν

2167 4212 2543 4285 προκειμένων
2567 4208 2820 4280 δύναμιν,
2853 4206 3251 4278 παροτρύνουσι
3283 4204 3373 4259 τὸν
3395 4203 3528 4256 Θεὸν
3557 4205 3606 4256 οἱ
3634 4207 3756 4267 ταῖς

2166 4304 2337 4367 οὕτως
2363 4300 2706 4363 ἀπαιδεύτοις
2729 4297 3060 4369 κεχρημένοι
3081 4299 3304 4367 φωναῖς.
3326 4295 3623 4365 Μονονουχὶ
3645 4295 3757 4365 γάρ

2168 4397 2265 4451 καὶ
2296 4395 2555 4466 ἐπιτιμᾷν
2596 4391 2900 4461 ἐγνώκασιν
2933 4389 3345 4456 ἀνεξικακοῦντι
3372 4386 3491 4458 Θεῷ
3522 4391 3757 4459 περιμέ-

2171 4487 2315 4542 νοντί
2346 4502 2406 4541 τε
2439 4485 2537 4538 καί⁹
2572 4483 2718 4554 μάλα
2766 4483 3020 4554 χρηστῶς
3051 4483 3160 4536 τῶν
3193 4480 3623 4552 πεπλανημένων
3654 4479 3755 4551 τὴν

490 4594 511 4628 ι
539 4575 675 4629 Num
720 4574 937 4627 divitias
982 4573 1242 4627 bonitatis
1288 4573 1405 4642 ejus
1438 4584 1491 4626 et
1536 4569 1812 4641 patientiae
1858 4578 1916 4623 et
1953 4567 2062 4621 lon-

2176 4574 2535 4646 ἐπιστροφὴν,
2560 4574 2669 4627 τῶν
2692 4574 2771 4639 εἰς
2802 4573 3077 4643 ἁμαρτίαν
3104 4571 3509 4642 ὠλισθηκότων,
3541 4570 3639 4640 τὴν
3674 4572 3757 4634 είς

384 4733 397 4743 κ
487 4666 821 4736 ganimitatis
891 4663 1213 4730 contemnis,
1277 4665 1533 4734 ignorans
1581 4661 1707 4730 quia
1758 4659 2064 4729 benignitas

490 4758 581 4813 Dei
628 4761 696 4812 ad
736 4756 1114 4828 paenitentiam
1148 4767 1198 4809 te
1232 4755 1422 4811 ducit?
1455 4754 1764 4808 Secundum
1810 4752 2064 4805 duritiam

489 4860 667 4903 autem
712 4858 767 4902 et
817 4848 1163 4917 impaanitens
1201 4864 1297 4903 cor
1343 4860 1530 4911 tuum,
1582 4843 1919 4897 tbesaurizas
1970 4840 2066 4896 tibi

489 4940 590 5007 ipsi
624 4940 758 4990 iram
799 4941 852 4991 in
898 4939 984 4992 die
1022 4940 1114 4993 irae
1145 4950 1200 4994 et
1250 4936 1597 4993 revelationis
1631 4934 1837 5002 etjusti
1873 4932 2066 5003 judicii

488 5030 580 5083 Dei
605 5028 672 5084 ⁸⁸.
709 5047 727 5080 ι
766 5030 947 5098 Itaque
994 5031 1157 5085 etiam
1203 5014 1368 5099 atque
1399 5031 1567 5082 etiam
1611 5028 2064 5097 vehementerque

489 5119 654 5173 Demn
701 5119 978 5175 offendunt
1009 5124 1102 5191 qui
1137 5124 1274 5177 adeo
1321 5119 1573 5174 inanibus
1599 5119 1731 5173 dant
1773 5135 1965 5175 manus
2007 5129 2064 5175 et.

485 5210 666 5279 lingua
697 5209 954 5267 effrenata
990 5214 1096 5281 ipsi
1130 5212 1525 5275 convitiantur,
1561 5220 1618 5264 et
1657 5193 1881 5280 peccato
1914 5221 2063 5266 tene-

486 5302 688 5356 buntur
718 5306 808 5373 qui
850 5305 1025 5359 morbi
1054 5302 1376 5357 occasiones
1408 5301 1538 5371 ipsis
1561 5303 1843 5356 dederunt.

2173 4669 2242 4723 τά
2269 4667 2479 4738 ἀμείνω
2506 4666 2871 4738 μεταδρομήν.
2893 4663 3007 4719 Kal
3036 4663 3208 4733 γοῦνὸ
3231 4663 3515 4725 θεσπέσιος
3543 4660 3756 4725 Παῦλος

2171 4762 2284 4822 τοῖς
2306 4756 2523 4811 ὀκνοῦσί
2547 4772 2608 4808 τε
2639 4757 2734 4809 καὶ
2753 4755 3138 4825 ἀναδυομένοις
3163 4753 3243 4807 ἔτι
3279 4752 3377 4823 τὴν
3408 4751 3756 4823 μετάγνωσιν

2173 4848 2431 4918 ἐπετίμα,
2460 4845 2634 4914 λέγων
2654 4862 2667 4875 ·
2708 4865 2727 4896 ι
2758 4845 2819 4898 Ei
2849 4843 2943 4897 τοῦ
2983 4842 3216 4898 πλούτου
3254 4842 3357 4913 τῆς
3389 4840 3755 4914 χρηστότητος

2171 4936 2339 4996 αὐτοῦ
2360 4937 2456 4991 καὶ
2480 4936 2581 5007 τῆς
2604 4935 2805 5006 ἀνοχῆς
2830 4936 2922 4988 καὶ
2942 4934 3042 5004 τῆς
3068 4932 3450 5005 μακροθυμίας
3480 4947 3743 5002 καταφρο-

2170 5032 2300 5094 νεῖς,
2333 5026 2543 5096 ἀγνοῶν
2574 5026 2655 5083 ὃτι
2686 5025 2748 5080 τὸ
2784 5026 3017 5099 χρηστὸν
3053 5024 3147 5078 τοῦ
3179 5022 3312 5077 Θεοῦ
3344 5025 3423 5086 είς
3462 5021 3756 5093 μετάνοιάν

2171 5138 2230 5176 σε
2257 5122 2414 5191 ἆγει;
2446 5119 2588 5173 κατά
2611 5117 2674 5171 δὲ
2701 5117 2800 5190 τὴν
2826 5118 2961 5187 σκλη
2971 5116 3171 5189 ρότητά
3206 5133 3299 5169 σου
3333 5116 3426 5169 καὶ
3452 5099 3766 5186 ἀμετανόηῖ

2169 5229 2262 5267 τον
2295 5209 2544 5281 καρδίαν,
2593 5207 2941 5279 θησαυρίζεις
3000 5204 3210 5277 σεαυτῷ
3260 5204 3427 5276 ὀργὴν
3465 5205 3522 5257 ὲν
3565 5202 3756 5274 ἡμέρᾳ.

2171 5303 2343 5374 ὀργῆς
2373 5302 2469 5354 καὶ
2486 5299 2875 5369 ἀποκαλύψεως
2899 5297 2995 5352 καὶ
3015 5298 3410 5368 δικαιοκρισίας
3433 5295 3525 5349 τοῦ
3544 5292 3701 5347 Θεοῦ.
3728 5313 3748 5346 ι

486 5391 697 5445 Οὐκοῦν
739 5395 1176 5467 προσκρούσουσι.
1211 5391 1310 5462 μὲν
1340 5392 1516 5462 πάντη
1546 5394 1642 5446 καὶ
1676 5394 1892 5458 πάντως
1929 5396 1978 5447 oi
2005 5397 2124 5459 ταῖς
2163 5394 2307 5447 οὓτω
2332 5393 2568 5464 ψυχραῖς
2606 5390 2908 5463 ἡττώμενοι
2936 5389 3033 5443 καὶ
3066 5389 3319 5459 ἀχάλινον
3364 5385 3459 5441 ἐπὶ
3494 5383 3614 5455 Θεῷ
3650 5385 3754 5456 τὴν

484 5482 729 5552 γλῶτταν
755 5487 997 5549 ἀνέντες,
1028 5484 1200 5554 ἔνοχοι
1224 5483 1281 5536 δὲ
1319 5485 1700 5555 πλημμελείας
1732 5482 1842 5543 εἷεν
1877 5486 1944 5540 ἂν
1974 5488 2022 5539 oi
2049 5488 2149 5559 τῆς
2180 5486 2495 5559 ἀρρωστίας
2520 5486 2704 5548 αὐτοῖς
2729 5483 2961 5547 διδόντες
2988 5483 3086 5547 τάς
3122 5481 3394 5554 ἀφορμάς.

560 5573 853 5632 Vivendum
890 5578 1053 5647 igitur
1083 5585 1270 5631 sancte
1298 5583 1354 5630 et
1393 5588 1539 5631 recta
1579 5578 1662 5631 via
1699 5578 2051 5633 incedendum

618 5780 662 5813 ⁸⁸
687 5778 916 5834 Malacb.
956 5795 1000 5846 ι,
1033 5778 1120 5834 l3.
1231 5779 1277 5812 “
1310 5777 1535 5836 Malach.
1584 5792 1644 5845 tt,
1674 5778 1730 5834 9.

1839 5778 1884 5811 ⁸⁸
1919 5778 2075 5835 Deut.
2112 5793 2152 5846 ι,
2182 5778 2269 5834 ιϐ.

2397 5536 2962 5649 δὴυοῦννᾶραδιαζῇν
3010 5536 3184 5645 ἀγίως⁸
3210 5536 3304 5626 xlii
3345 5536 3655 5643 όρθοποδεῖν
3689 5564 3753 5619 ὲν

2381 5775 2426 5809 ³⁸
2458 5775 2611 5831 Rom.
2652 5791 2715 5842 tt,
2754 5775 2809 5844 4,
2848 5767 2917 5830 5(
