4098 6470
1129 443 1688 502 COMMENTARIUS
1725 445 1794 501 IN
1833 444 2241 503 MALACHIAM
2289 443 2736 503 PROPHETAM.

3460 445 3566 502 530

261 558 568 632 Ἐκκλησία
620 546 750 624 τοὺς
803 559 1140 626 ἁπολέκτους
1195 563 1518 634 ίερουργοὺς
1565 563 1685 633 ἦτοι
1739 564 1866 627 τοὺς

1983 565 2026 618 in
2063 562 2302 618 Ecclesia
2331 562 2520 618 electis
2552 558 2932 616 sacerdotibus
2956 560 3069 616 sive
3101 561 3169 618 ad
3195 564 3564 620 sacerdotium

247 655 629 726 κεκλημένους
659 654 741 718 είς
785 653 1111 725 ἱερωσύνην.
1138 655 1394 708 Ἔσονται
1433 655 1543 726 γὰρ
1583 653 1756 718 οὕτως
1786 656 1866 717 είς

247 745 615 800 ὑποτύπωσιν
647 744 952 816 εὐκοσμίας
989 745 1084 798 καὶ
1123 745 1345 816 ἁπάσης
1374 745 1577 815 ἀρετῆς
1619 747 1730 808 τοῖς
1762 745 1868 798 ὑπὸ

246 840 411 910 χεῖρα
458 836 637 901 λαοῖς,
683 835 733 888 οἳ
767 837 865 889 καὶ
917 836 1008 889 τὸν
1059 837 1170 890 τῶν
1209 836 1348 890 ὅλων
1397 837 1866 908 καταγεραίρουσι

248 931 407 993 Θεὸν,
455 930 556 1000 τῆς
606 928 718 984 τῶν
775 929 968 1002 ἱερέων
1023 928 1303 994 πολιτείας
1353 931 1414 983 τὸ
1461 928 1718 1001 λαμπρὸν
1774 930 1870 982 καὶ

254 1023 537 1094 ὲξαίρετον
585 1021 1002 1091 καταθεώμενοι
1033 1023 1250 1086 κάλλος.
1281 1023 1395 1076 Καὶ
1442 1020 1626 1087 τοῦτο,
1672 1016 1864 1090 οἶμαι,

252 1117 371 1171 ἐστὶ
395 1114 458 1168 τὺ
487 1113 577 1168 διὰ
601 1114 704 1185 τῆς
726 1113 822 1167 τοῦ
846 1114 1100 1185 Σωτῆρος
1129 1116 1316 1186 φωνῆς
1341 1113 1518 1186 ὀρθῶς
1544 1114 1834 1185 εἰρημένον
1850 1129 1863 1143 ⁸

253 1229 274 1262 ι
308 1207 604 1281 Λαμψάτω
628 1207 690 1261 τὺ
724 1206 842 1277 φῶς
874 1207 1030 1279 ὑμῶν
1054 1207 1372 1280 ἔμπροσθεν
1400 1207 1513 1260 τῶν
1537 1206 1864 1279 ἀνθρώπων,

247 1305 403 1367 ὅπως
451 1303 607 1356 ἴδωσι
635 1301 705 1355 τὶι
745 1301 890 1355 καλὰ
916 1301 1056 1373 ἔργα
1089 1301 1278 1373 ὑμῶν,
1317 1303 1415 1356 καὶ
1455 1301 1726 1368 δοξάσωσι
1775 1301 1868 1356 τὸν

245 1395 480 1466 Πατέρα
524 1393 683 1466 ὑμῶν
740 1393 833 1447 τὸν
876 1396 936 1447 ἐν
980 1397 1114 1458 τοῖς
1138 1396 1409 1466 οὐρανοῖς.
1439 1415 1457 1449 ι
1494 1397 1708 1469 Ὥσπερ
1757 1396 1869 1471 γὰρ

245 1486 707 1551 σκανδαλίζονται
745 1485 886 1549 λαοὶ,
921 1485 1022 1557 ζῇν
1057 1486 1333 1557 ἑλομένων
1364 1487 1610 1552 ἐκτόπως
1643 1488 1753 1542 τῶν
1797 1491 1870 1543 ίε-

247 1580 424 1653 ρέων
473 1577 618 1633 οὕτω
650 1577 915 1649 πλείστην
964 1595 1024 1630 τε
1073 1578 1206 1648 ὅσην
1256 1578 1356 1632 καὶ
1403 1579 1523 1633 λίαν
1573 1579 1866 1651 ἀμφιλαφῆ

247 1670 583 1745 κερδανοῦσι
609 1670 710 1742 τὴν
735 1669 945 1743 ὄνησιν,
975 1672 1024 1724 εί
1054 1671 1118 1743 δή
1140 1689 1243 1726 που
1275 1672 1566 1726 θεάσαιντο
1601 1672 1869 1745 πληροῦν-

247 1785 349 1831 τας
396 1767 462 1822 τὸ
514 1764 744 1836 ἀγαθὸν,
777 1763 870 1817 καὶ
920 1763 1112 1836 διαζῇν
1146 1763 1488 1837 ἡγουμένους
1531 1764 1608 1830 ὼς
1651 1765 1869 1824 ἁνδάνει

251 1858 391 1931 Θεῷ.

874 1996 1130 2050 ΚΕΦΑΛ.
1176 1995 1252 2050 Γ.

336 2133 500 2190 Ἰδοὺ
539 2132 658 2206 ἐγὼ
708 2131 1034 2189 ἀποστελῶ
1081 2132 1348 2203 ἄγγελόν
1388 2151 1530 2204 μου,
1589 2133 1688 2188 καὶ
1739 2133 1871 2188 ἐπι-

244 2226 548 2296 ϐλέψεται
581 2225 730 2280 ὁδὸν
760 2226 877 2295 πρὸ
909 2226 1240 2294 προσώπου
1257 2244 1400 2296 μου.
1433 2226 1545 2281 Καὶ
1576 2226 1874 2297 ἐξαίφνης

244 2320 394 2388 ἣξει
429 2322 518 2386 εἰς
565 2318 674 2372 τὸν
709 2318 869 2372 ναὸν
910 2318 1131 2373 ἑαυτοῦ
1176 2319 1420 2386 Κύριος,
1466 2317 1540 2372 ὃν
1573 2319 1744 2388 ὑμεῖς
1777 2317 1873 2388 ζη-

243 2412 434 2478 τεῖτε,
465 2411 567 2466 καὶ
592 2414 626 2466 ό
653 2402 946 2482 Ἀγγελάς
979 2411 1090 2482 τῆς
1123 2409 1443 2480 διαθήκης,
1477 2411 1552 2466 ὃν
1580 2412 1749 2480 ὑμεῖς
1783 2412 1876 2468 θέ-

241 2509 420 2562 λετε.
1367 2551 1376 2560 .

326 2598 458 2652 AB’.
501 2595 854 2668 Εὑαφόρμως
896 2597 1020 2653 λίαν
1056 2598 1149 2653 ἐπὶ
1179 2597 1356 2654 τὸτοῦ
1392 2601 1635 2672 Χριστοῦ
1671 2604 1878 2675 μυστή-

249 2706 380 2762 ριον
416 2691 446 2744 6
486 2689 592 2756 τῆς
627 2689 1004 2762 προκειμένης
1058 2692 1190 2762 ἡμῖν
1240 2692 1584 2762 προφητείας
1636 2711 1881 2765 μεταπε-

249 2784 494 2855 φοίτηκε
527 2782 708 2852 λόγος.
747 2782 948 2851 Γέγονε
983 2783 1093 2854 γὰρ
1125 2785 1259 2855 ἡμῖν
1289 2784 1442 2856 παρὰ
1478 2784 1573 2838 τοῦ
1609 2784 1746 2838 Θεοῦ
1778 2787 1876 2840 καὶ

249 2875 480 2944 [ἰατρὸς
509 2875 538 2927 6
582 2873 937 2946 Ἐμμανουὴλ
974 2893 992 2926 ι
1029 2874 1350 2945 δικαιοσύνη
1380 2893 1439 2928 τε
1473 2875 1569 2929 καὶ
1602 2875 1877 2948 ἁγιασμὸς

252 2968 360 3023 καὶ
389 2966 795 3040 ἀπολύτρωσις,
837 2987 856 3021 ι
893 2967 991 3022 καὶ
1027 2967 1202 3041 ῥύπου
1233 2970 1435 3035 παντὸς
1468 2972 1876 3044 ἀποκάθαρσις,

254 3061 363 3116 καὶ
389 3061 680 3134 ἁμαρτιῶν
708 3061 992 3126 ἀπόθεσις,
1031 3063 1127 3116 καὶ
1155 3061 1264 3115 τῶν
1292 3063 1581 3133 αἰσχιόνων
1609 3064 1877 3137 ἀποϐολὴ,

258 3155 367 3210 καὶ
393 3156 514 3218 όδὸς
544 3158 625 3220 είς
649 3156 720 3210 τὰ
749 3156 960 3228 ἀμείνω
985 3157 1082 3211 καὶ
1134 3158 1584 3229 πρεπωδέστερα,
1612 3158 1706 3211 καὶ
1736 3157 1880 3229 θύρα

257 3264 354 3311 τις
383 3246 578 3318 ὥσπερ
619 3248 715 3302 καὶ
745 3248 966 3319 εἰσϐολὴ
1002 3249 1141 3321 πρὸς
1170 3249 1318 3320 ζωὴν
1353 3248 1593 3317 αῒὼνιον,
1633 3251 1786 3306 πᾶσά
1817 3268 1879 3305 τε

1974 655 2198 711 vocatis.
2235 655 2326 711 Sic
2357 655 2503 710 enim
2536 654 2770 710 subditis
2812 653 3062 725 exemplo
3092 664 3254 710 erunt
3302 666 3358 711 et
3391 655 3567 712 forma

1972 749 2280 805 honestatis
2325 747 2613 818 omnisque
2661 747 2904 812 virtutis,
2945 749 3038 818 qui
3086 757 3142 803 et
3187 749 3568 806 universorum

1972 840 2082 893 Deo
2122 839 2491 910 gratulantur,
2542 855 2666 893 cum
2723 837 2936 895 illustre
2982 851 3038 896 et
3079 842 3356 912 singulare
3404 844 3573 899 decus

1972 946 2164 986 eorum
2216 935 2341 989 vitm
2391 932 2856 1002 coutemplantur.
2915 936 2978 988 Et
3015 935 3116 989 hoc
3169 945 3274 1001 est,
3317 945 3374 990 ut
3416 945 3571 1006 puto,

1969 1024 2113 1092 (ptod
2147 1039 2281 1080 voce
2316 1024 2620 1081 Salvatoris
2663 1025 2832 1096 probe
2861 1025 3069 1080 dictum
3105 1026 3342 1098 legimus
3373 1047 3386 1082 :
3427 1046 3445 1080 ι
3480 1029 3574 1084 Sic

1971 1115 2156 1173 luceat
2213 1118 2307 1174 lux
2367 1127 2547 1174 vestra
2601 1134 2785 1174 coram
2844 1119 3194 1184 hominibus,
3239 1130 3300 1175 ut
3351 1121 3575 1176 videant

1970 1225 2137 1282 opera
2161 1225 2343 1268 vestra
2377 1213 2516 1268 bona
2547 1221 2600 1268 et
2627 1212 2936 1292 gloriﬁcent
2962 1212 3183 1270 Patrem
3207 1225 3450 1270 vestrum
3476 1213 3572 1284 qui

1973 1303 2026 1357 in
2055 1304 2215 1360 caelis
2244 1314 2332 1361 est
2355 1305 2432 1372 ".1
2462 1323 2483 1358 ι
2518 1305 2988 1372 Quemadmodum
3035 1307 3180 1362 enim
3211 1306 3381 1379 849
3411 1323 3574 1364 scan-

1972 1394 2242 1452 dalizatur
2282 1397 2534 1470 populus,
2574 1413 2697 1453 cum
2731 1398 3046 1454 sacerdotes
3076 1414 3269 1470 parum
3312 1399 3578 1456 innocen-

1973 1493 2059 1542 ter
2097 1487 2322 1576 vivttnt,
2361 1490 2446 1544 ita.
2484 1489 2916 1547 emolumentum
2967 1491 3123 1563 longe
3173 1493 3471 1548 maximum
3523 1501 3581 1551 et

1972 1581 2211 1652 amplam
2253 1582 2544 1639 utilitatem
2594 1585 2976 1655 consequitur,
3011 1586 3058 1642 si
3100 1585 3364 1643 bonitatis
3401 1586 3580 1642 cilicio

1973 1671 2265 1744 fungentes
2310 1673 2481 1741 videt,
2529 1682 2585 1729 et
2625 1673 3010 1733 existimantes
3061 1675 3137 1732 ita
3183 1675 3474 1732 vivendum
3523 1684 3583 1730 ut
3635 1698 3645 1704 -

1973 1765 2086 1822 Deo
2110 1765 2306 1837 placet.

2613 1995 2776 2052 “CAP.
2839 1997 2924 2052 ΙΙΙ.

2050 2125 2216 2181 Vens.
2262 2129 2315 2182 1.
2359 2127 2499 2200 Ecce
2529 2147 2623 2202 ego
2649 2134 2799 2187 mitto
2831 2136 3075 2206 angelum
3103 2154 3295 2203 nteant,
3330 2149 3377 2193 et
3397 2156 3584 2208 specu-

1976 2217 2178 2272 labitur
2208 2219 2347 2273 viam
2385 2230 2506 2275 ante
2532 2223 2726 2292 facient
2751 2211 2942 2284 meum,
2976 2226 3044 2282 Et
3077 2229 3256 2283 statim
3302 2232 3468 2285 veniet
3512 2233 3582 2285 ad

1979 2311 2234 2380 templum
2277 2330 2432 2368 suum
2473 2314 2755 2383 Dominus,
2794 2335 2946 2388 quem
2989 2337 3078 2375 vos
3109 2323 3374 2391 qumritis,
3402 2335 3451 2378 et
3483 2327 3588 2379 An-

1977 2404 2125 2474 gelus
2170 2410 2492 2476 testamenti,
2525 2426 2676 2478 quem
2713 2428 2800 2467 vos
2832 2413 3009 2468 uultis.

2053 2589 2271 2651 XXXII.
2308 2592 2665 2666 Perappnsite
2703 2597 2772 2652 ad
2807 2595 3012 2653 Christi
3065 2600 3386 2672 mysterium
3419 2603 3584 2658 verba

1981 2682 2084 2740 ista
2114 2687 2436 2756 prophetica
2467 2690 2825 2746 transierunt.
2854 2691 3058 2747 Factus
3083 2699 3168 2747 est
3193 2693 3338 2748 enim
3365 2693 3523 2750 nobis
3556 2713 3586 2750 ιι

1982 2776 2096 2833 Deo
2131 2787 2188 2833 et
2235 2779 2399 2835 Patre
2461 2781 2786 2840 Emmanuel
2835 2781 3074 2859 jutitia,
3119 2793 3176 2838 et
3223 2786 3588 2842 sanctiﬁcatio

1981 2880 2038 2927 et
2071 2871 2378 2944 redemptio
2401 2871 2468 2905 ³⁷⁸
2489 2914 2505 2937 ,
2536 2885 2593 2930 et
2631 2875 2811 2931 omnis
2839 2876 3201 2932 immunditiis:
3227 2880 3546 2936 emundatio
3569 2922 3586 2947 ,

1982 2976 2448 3037 peccatorumque
2479 2969 2771 3038 depositio,
2795 2979 2848 3024 et
2873 2970 3289 3027 inbonestorum
3323 2972 3583 3042 abjectto.

1982 3067 2040 3113 et
2082 3058 2152 3113 ad
2201 3059 2428 3118 meliora
2485 3075 2551 3115 ac
2593 3062 2908 3118 decentiora
2955 3064 3204 3132 quaedam
3249 3065 3356 3130 via,
3409 3074 3467 3122 et
3519 3068 3587 3122 ad

1981 3159 2248 3208 aeternam
2307 3151 2484 3207 vitam.
2530 3167 2628 3208 ceu
2682 3154 2850 3225 janua
2907 3166 2964 3210 et
3018 3155 3320 3226 ingressus,
3382 3167 3438 3213 et
3491 3175 3588 3229 per

1983 3242 2162 3314 ipsum
2201 3255 2449 3299 correcta
2486 3255 2616 3300 sunt
2645 3246 2852 3312 omnia,
2890 3257 2941 3302 et
2975 3263 3202 3304 eversus
3237 3250 3442 3306 diaboli
3484 3251 3586 3306 do-

257 3343 332 3397 δι’
368 3341 539 3396 αὑτοῦ
580 3342 808 3412 γέγονεν
837 3343 1237 3415 ἐπανόρθωσις,
1271 3345 1368 3399 καὶ
1398 3344 1717 3412 πλεονεξίας
1750 3345 1881 3398 ἀνα-

1987 3337 2250 3404 minatus,
2281 3347 2336 3392 et
2373 3337 2596 3393 inventa
2635 3338 2875 3409 iustitia.
2907 3340 3116 3407 Quibus
3145 3342 3291 3396 enim
3323 3343 3588 3399 mirabili-

257 3432 470 3504 τροπὴ,
503 3431 600 3487 καὶ
623 3433 977 3506 δικαιοσύνης
1005 3433 1246 3506 εὕρεσις.
1280 3436 1390 3490 Καὶ
1415 3435 1467 3490 τί
1496 3437 1604 3508 γὰρ
1625 3436 1747 3506 οὑχὶ
1772 3435 1884 3489 τῶν

258 3526 745 3622 τεθαυμρσμένων
793 3527 862 3580 δι’
892 3527 1060 3582 αὑτοῦ
1108 3528 1606 3601 πεπλουτήκαμεν;
1662 3547 1680 3582 t
1750 3529 1901 3584 Ἰδού

259 3618 668 3688 τοίνυνξφησὶ,
719 3618 1006 3674 ἀποστελῶ
1037 3618 1130 3674 τὸν
1169 3619 1402 3690 ἄγγελόν
1443 3637 1568 3692 μου,
1618 3619 1716 3674 καὶ
1758 3622 1881 3673 ὲπι-

257 3711 528 3782 meum
559 3711 682 3766 ὁδὸν
715 3711 825 3785 πρὸ
875 3711 1174 3784 προσώπου
1225 3730 1350 3784 μου.
1399 3731 1417 3765 ι
1471 3714 1658 3767 "Euius
1703 3712 1759 3767 δὲ
1791 3712 1881 3767 διὰ

255 3805 475 3860 τούτων
532 3805 636 3876 τὴν
686 3803 784 3858 τοῦ
835 3805 997 3874 ἁγίου
1057 3798 1371 3860 Βαπτιστοῦ
1415 3805 1688 3860 ποιεῖσθαι
1740 3823 1877 3877 προ-

260 3897 644 3971 αναφὼνησιν.
685 3899 832 3970 Ἔφη
871 3899 983 3970 γάρ
1031 3916 1136 3954 που
1192 3899 1289 3952 καὶ
1331 3898 1496 3962 αὑτὸς
1544 3900 1572 3952 ὁ
1604 3899 1878 3969 Χριστός·

267 4009 287 4043 ι
328 3983 505 4056 Οὗτός
542 3993 660 4046 ἐστι
696 3993 827 4064 περὶ
866 3987 927 4047 οὗ
959 3991 1276 4064 γέγραπται
1299 4006 1313 4022 ⁸
1357 4010 1376 4044 ι
1430 3992 1561 4046 Ἰδοὺ
1601 3991 1715 4061 ἐγὼ
1746 3993 1882 4046 ἀπο-

265 4082 447 4135 στελῶ
477 4082 570 4135 τὸν
612 4082 850 4152 ἄγγελόν
884 4101 988 4154 μου
1025 4083 1134 4155 πρὸ
1158 4082 1454 4154 προσώπου
1485 4100 1601 4148 σου,
1632 4082 1692 4148 ὃς
1721 4100 1882 4138 κατα·

264 4174 534 4228 σκευάσει
569 4173 670 4246 τὴν
698 4174 818 4228 ὁδόν
851 4191 948 4228 σου
979 4174 1292 4248 ἔμπροσθέν
1326 4192 1444 4229 σου.
1487 4195 1505 4229 ι
1540 4175 1729 4239 Οὕτως
1750 4178 1885 4247 ἡμῖν

259 4267 434 4322 αὑτὸν
484 4267 582 4320 καὶ
628 4269 658 4321 6
711 4267 1002 4332 θεσπέσιος
1070 4269 1305 4333 Ἡσαΐας
1355 4269 1622 4340 ἐσήμηνε,
1667 4267 1882 4337 λέγων*

263 4381 288 4414 ο
341 4361 507 4433 Φωνὴ
559 4361 794 4432 βοῶντος
841 4363 900 4416 ὲν
950 4365 1017 4434 τῇ
1075 4363 1308 4435 ἐρήμῳ·
1365 4363 1730 4434 Ἑτοιμάσατε
1784 4361 1884 4433 τὴν

259 4455 387 4508 ὁδὸν
428 4455 664 4525 Κυρίου,
710 4453 930 4518 εὐθείας
979 4458 1187 4510 ποιεῖτε
1234 4457 1333 4518 τὰς
1365 4453 1584 4527 τρίϐους
1623 4453 1716 4509 τοῦ
1747 4454 1884 4508 Θεοῦ

256 4547 454 4619 ἡμῶν.
508 4566 527 4599 ι
581 4541 658 4600 Οὑ
706 4548 771 4619 δὴ
820 4533 1132 4616 γεγονότος,
1182 4549 1336 4619 φησι,
1380 4549 1476 4602 καὶ
1522 4549 1660 4621 πρὸς
1710 4548 1884 4620 βραχὺ

255 4641 680 4712 δεδραμηκότος
720 4639 816 4698 τοῦ
846 4641 1133 4709 ἀγγέλλειν
1155 4640 1228 4695 τὰ
1251 4641 1431 4696 τοιάδε
1471 4642 1887 4715 προστεταγμέ-

255 4750 382 4794 νου,
449 4750 469 4784 ι
535 4733 831 4806 Ἐξαίφνης
874 4734 1019 4804 ἣξει,
1066 4735 1221 4804 φησὶ,
1269 4735 1349 4799 είς
1402 4735 1494 4789 τὸν
1540 4734 1668 4788 ναὸν
1714 4734 1879 4788 αὑτοῦ

255 4825 496 4897 Κύριος,
527 4824 588 4878 ὃν
621 4823 781 4897 ὑμεῖς
812 4826 1048 4899 ζητεῖτε,
1081 4827 1177 4881 καὶ
1211 4829 1240 4880 6
1274 4827 1506 4897 ἄγγελος
1546 4827 1649 4898 τῆς
1683 4824 1878 4896 διαθή-

257 4935 395 4988 κης,
430 4917 492 4970 ὃν
524 4918 683 4987 ὑμεῖς
717 4916 955 4972 θέλετε.)
996 4918 1404 4991 Διισχυρίζεται
1431 4919 1489 4973 δὲ
1517 4925 1618 4973 καὶ
1638 4921 1667 4973 6
1694 4918 1877 4990 μακά-

257 5025 386 5081 Ριος
453 5007 733 5080 Ἰωάννης.
786 5007 963 5077 λέγων
1011 5011 1125 5072 τοῖς
1175 5009 1492 5082 ἐρχομένοις
1541 5010 1637 5064 ἐπὶ
1679 5009 1743 5063 τὸ
1778 5009 1876 5080 τῆς

267 5100 571 5170 μετανοίας
628 5094 952 5172 βάπτισμα·
1011 5120 1030 5153 ι
1103 5095 1247 5170 Ἐγὼ
1309 5097 1562 5172 βαπτίζω
1620 5103 1767 5174 ὑμᾶς
1829 5103 1887 5154 ὲν

266 5191 427 5249 ὕδατι
448 5210 462 5221 °
499 5193 680 5249 ὀπίσω
711 5211 814 5265 μου
849 5193 1075 5266 ἔρχεται
1106 5194 1270 5267 ἀνὴρ,
1297 5186 1359 5247 οὗ
1388 5195 1491 5249 οὑκ
1529 5195 1647 5267 ειμι
1701 5193 1884 5259 ἱκανὸς

261 5285 354 5342 ἵνα
396 5284 582 5351 κύψας
613 5285 763 5342 λύσω
808 5287 898 5343 τὸν
931 5288 1134 5358 ἱμάντα
1166 5288 1261 5342 τοῦ
1297 5289 1648 5360 ὑποδήματος
1680 5289 1885 5344 αὐτοῦ’

257 5381 483 5441 ὲκεῖνος
515 5380 661 5451 ὑμᾶς
690 5379 945 5454 βαπτίσει
973 5384 1032 5434 ἐν
1063 5381 1346 5453 Πνεύματι
1379 5382 1520 5452 ἁγίῳ
1545 5387 1646 5436 καίι
1667 5380 1822 5454 πυρί.
1855 5400 1876 5434 ι

256 5471 474 5543 Συνίης
505 5467 621 5538 οὖν,
652 5458 800 5537 ὅπως
833 5471 1066 5528 κατόπιν
1095 5473 1258 5539 εὐθὺς
1295 5474 1388 5528 καὶ
1423 5475 1706 5545 μονονουχὶ
1741 5474 1884 5530 κατὰ

258 5567 445 5631 πόδας
472 5565 568 5620 τοῦ
597 5566 1064 5637 προαγγέλλοντος
1085 5566 1330 5631 ἐϐάδιζεν
1352 5568 1380 5619 6
1405 5567 1662 5638 Χριστὸς,
1690 5568 1884 5622 ἑαυτὸν

258 5661 459 5730 ἀφανῆ
494 5660 760 5726 καθιστὰς
791 5666 904 5726 τοῖς
937 5665 1041 5716 ἀνὰ
1087 5664 1269 5717 πᾶσαν
1313 5665 1414 5735 τὴν
1471 5664 1752 5727 Ἰουδαίαν,
1790 5663 1883 5718 καὶ

244 5735 384 5822 ίοῖον
406 5752 673 5825 ἐξαίφνης
702 5756 796 5807 καὶ
826 5754 1107 5817 ἀδοκήτως
1139 5756 1584 5827 ἐπιφαινόμενος.
1615 5756 1882 5826 Ἀγγελόν

345 5931 397 5966 ⁸⁷
433 5929 632 5987 llatth.
661 5946 718 5997 ν,
754 5933 838 5987 16.
934 5933 1001 5965 ³⁷“
1034 5931 1206 5988 lCor.
1233 5950 1272 6000 ι,
1324 5933 1414 5988 50.
1493 5933 1537 5966 ³⁸
1571 5933 1762 5991 Matth.
1808 5951 1884 6006 ιι,

1983 5933 2026 5990 ὑ.
2100 5935 2150 5967 ἰ
2167 5938 2268 5990 lsa.
2292 5953 2381 6002 ιι..
2415 5938 2468 5996 3.
2499 5953 2513 5993 :
2545 5934 2741 6030 Mittit.
2780 5954 2864 6004 ιιι,
2899 5936 2955 5995 '5.

700 6025 977 6090 PATnOL.
1016 6026 1136 6088 Gtt.
1175 6027 1409 6090 LXXII.

1986 3427 2090 3484 bus
2123 3444 2220 3498 per
2273 3430 2454 3500 ipsum
2495 3430 2814 3498 locupletati
2865 3450 2972 3488 non
3024 3435 3255 3490 sumus?
3289 3436 3382 3490 Ait
3410 3451 3593 3509 ergo:

1991 3537 2010 3572 t
2042 3521 2188 3578 Ecce
2217 3535 2319 3592 ego
2350 3522 2562 3584 mittam
2594 3523 2848 3594 angelum
2889 3541 3093 3594 meum,
3128 3536 3184 3584 et
3215 3529 3595 3599 speculabitur

1985 3613 2129 3667 viam
2163 3623 2292 3670 ante
2333 3614 2530 3671 [aciein
2569 3631 2772 3674 meam.
2809 3635 2828 3669 ι
2868 3617 3082 3686 Quibus
3117 3620 3302 3677 verbis
3336 3633 3589 3680 sanctum

1987 3704 2287 3776 Baptistam
2339 3709 2558 3766 videtur
2600 3712 2994 3780 prmuntisro.
3048 3711 3186 3770 Nam
3236 3723 3290 3769 et
3339 3714 3594 3774 Christus

1989 3799 2106 3871 ipse
2141 3800 2348 3857 alicubi
2380 3818 2395 3856 :
2437 3821 2457 3854 ι
2493 3802 2594 3858 Hic
2629 3811 2715 3860 est
2749 3804 2817 3860 de
2847 3820 2956 3874 quo
2988 3805 3255 3874 scriptum
3292 3816 3378 3861 est
3407 3821 3423 3862 :
3453 3807 3594 3864 Ecce

1989 3907 2092 3962 ego
2137 3895 2350 3948 mittant
2397 3894 2654 3966 angelum
2693 3911 2875 3950 meum
2927 3906 3056 3952 ante
3086 3896 3284 3953 faciem
3318 3909 3488 3968 tuam,
3535 3912 3595 3955 ut

1987 3996 2259 4056 praeparet
2291 3986 2436 4041 viam
2470 3995 2618 4042 tuam
2651 3997 2779 4043 ante
2809 3999 2863 4044 te
2885 3988 2950 4045 ³⁸.
2980 4007 2999 4040 ι
3034 3986 3113 4044 De
3141 3991 3333 4046 eodem
3373 3993 3592 4050 divinus

1989 4077 2200 4136 Isaias:
2236 4099 2255 4133 ι
2291 4079 2401 4136 Vox
2455 4082 2768 4158 clamantis
2798 4083 2851 4136 in
2907 4073 3128 4139 deserto
3159 4101 3174 4140 :
3207 4084 3405 4141 Parata
3447 4086 3591 4144 viam

1991 4174 2232 4238 Domini.
2277 4185 2456 4234 rectas
2493 4175 2659 4232 facite
2702 4177 2932 4232 seruitus
2976 4174 3070 4230 Dei
3108 4177 3280 4231 nostri
3310 4176 3376 4232 ³³.
3410 4197 3433 4231 ι
3467 4177 3591 4246 Quo

1991 4265 2157 4331 iacto,
2183 4268 2382 4338 inquit,
2411 4278 2610 4324 etcum
2636 4269 2914 4339 paululum
2941 4270 3252 4324 cucurrerit
3275 4271 3366 4339 qui
3391 4274 3457 4324 ad
3488 4273 3590 4326 ista

1992 4361 2293 4419 nuntianda
2331 4362 2663 4417 constitutus
2694 4371 2778 4418 est
2809 4383 2820 4418 :
2859 4379 2878 4414 ι
2914 4362 3111 4417 Statim
3148 4364 3328 4418 veniet
3364 4365 3432 4420 ad
3464 4374 3596 4420 ten:-

1991 4452 2138 4524 plum
2174 4468 2332 4508 suum
2375 4453 2662 4521 Dominus,
2697 4471 2857 4524 quem
2891 4470 2988 4510 vos
3015 4456 3284 4524 quaeritis,
3333 4466 3387 4512 et
3415 4457 3595 4526 Ange-

1991 4545 2074 4601 lus
2111 4550 2450 4614 teStamenti,
2486 4563 2649 4618 quem
2695 4563 2792 4603 vos
2824 4549 3010 4604 vultis.
3045 4567 3063 4601 ι
3096 4547 3402 4605 Conﬁrat
3448 4550 3592 4606 idem

1995 4649 2051 4696 et
2084 4643 2276 4700 beatus
2301 4639 2565 4707 Joannes,
2600 4641 2668 4696 ad
2701 4641 3033 4710 baptismum
3076 4642 3414 4711 paenitentia!
3450 4642 3596 4698 acci-

1993 4734 2251 4804 piendum
2283 4732 2620 4792 conﬂuentes
2651 4735 2732 4790 sic
2766 4734 3144 4805 compellans:
3179 4754 3198 4787 ι
3233 4734 3344 4806 Ego
3371 4736 3592 4807 baptizo

1991 4842 2086 4882 vos
2121 4827 2172 4880 in
2212 4841 2378 4896 aqua,
2435 4837 2553 4898 post
2588 4841 2674 4881 me
2701 4837 2892 4888 autem
2928 4829 3107 4884 veniet
3147 4829 3251 4894 vir,
3285 4827 3439 4898 cujus
3483 4845 3590 4884 non

1989 4932 2112 4974 sum
2147 4916 2346 4987 dignus
2387 4926 2446 4971 ut
2490 4919 2856 4986 procumbens
2901 4917 3110 4974 solvam
3155 4919 3446 4991 corrigiam
3476 4920 3596 4992 ejus

1991 5010 2352 5067 calceamenti
2385 5027 2399 5065 :
2429 5009 2518 5065 ille
2550 5025 2647 5065 vos
2699 5011 2996 5082 baptizabit
3046 5011 3101 5066 in
3149 5012 3360 5082 Spiritu
3400 5023 3593 5069 sancto

1989 5115 2045 5159 et
2071 5104 2182 5174 igni
2205 5101 2270 5158 ⁸⁸.
2306 5123 2324 5155 ι
2351 5102 2630 5174 Perspicis
2657 5103 2824 5175 igitur
2878 5105 3155 5175 quomodo
3180 5115 3301 5176 post
3332 5105 3516 5161 statim
3541 5114 3595 5161 et

1991 5206 2202 5253 tantum
2250 5212 2358 5251 non
2391 5210 2422 5251 θ
2455 5195 2687 5266 vestigio
2723 5197 2980 5254 Christus
3018 5199 3390 5268 praenuntium
3433 5211 3622 5254 secu-'

1991 5298 2078 5345 tus
2110 5291 2205 5354 sit,
2240 5303 2300 5347 se
2337 5290 2515 5360 ipsum
2567 5290 2832 5346 hactenus
2865 5291 3126 5348 latentem
3160 5291 3364 5346 sistens
3386 5286 3591 5343 ludatis

1989 5382 2288 5449 universis,
2317 5381 2488 5454 850
2515 5391 2570 5438 et
2599 5383 2760 5453 quasi
2785 5381 3072 5452 repentino
3108 5395 3173 5437 ac
3200 5381 3266 5434 de
3296 5377 3590 5448 improviso

1993 5491 2287 5544 apparens.
2343 5463 2608 5546 Angela
2665 5485 2848 5530 autem
2906 5474 3247 5530 nominatum
3302 5484 3592 5525 sacrosan-

1991 5578 2142 5622 ctum
2175 5565 2477 5635 Baptistam
2503 5567 2760 5634 dicimus,
2795 5581 2904 5622 non
2938 5575 3162 5635 propter
3183 5573 3435 5620 naturam
3465 5561 3591 5635 qui-

1991 5661 2138 5725 dem,
2202 5677 2267 5715 ex
2309 5660 2538 5715 muliere
2565 5659 2711 5715 enim
2748 5669 2908 5714 natus
2943 5659 3108 5714 homo
3136 5657 3365 5730 proinde
3395 5665 3454 5710 ut
3485 5669 3588 5712 nos

1991 5753 2127 5818 fuit,
2167 5753 2268 5808 sed
2299 5754 2560 5824 quoniam
2593 5753 2670 5806 illi
2705 5752 2834 5806 talia
2874 5753 3030 5807 nobis
3056 5747 3392 5822 praedicandi
3448 5761 3609 5832 nunc

3069 5932 3116 5966 δ’
3153 5928 3607 6022 Malim-11511."

3151 6023 3212 6087 11
