4098 6474
512 478 612 535 ’531

1514 461 1572 517 S.
1613 453 1894 518 CYBILLI
1931 451 2404 512 ALEXANDRINI
2447 450 2766 508 ARCHIEP.

3697 449 3807 506 33')

517 589 797 659 tiandique
847 598 1044 642 munus
1091 597 1176 638 est
1231 579 1567 648 impositum.
1618 577 1704 631 Ab
1737 573 1914 630 omnia
1947 573 2112 642 igitur

2227 587 2287 638 γε
2327 569 2432 641 μὴν
2462 565 2783 639 ὼνομᾶσθαί
2824 581 3004 636 φαμεν
3042 565 3132 618 τὸν
3164 562 3452 617 θεσπέσιον
3485 563 3805 636 Βαπτιστήν

516 681 842 740 vocabulum
870 677 1095 742 inditur,
1130 689 1234 728 nec
1267 680 1518 727 naturam
1561 668 1877 740 angelorum
1907 665 2106 736 signin-

2211 661 2272 714 οὐ
2307 660 2395 714 διά
2423 676 2487 728 γε
2520 659 2617 729 τήν
2644 657 2804 727 φύσιν
2845 655 3158 728 (γεγένηται
3191 654 3302 726 γὰρ
3328 655 3393 708 ὲκ
3424 654 3680 722 γυναικὸς
3709 655 3806 708 καὶ

519 787 628 835 cat.
662 776 961 832 Venturum
999 782 1162 842 porro
1197 767 1263 822 ad
1306 765 1566 836 templum
1612 778 1768 818 suum
1811 759 1964 823 dicit,
2012 766 2106 813 aut

2227 749 2277 824 Ξν
2309 750 2597 823 ἄνθρωπος
2630 750 2751 805 καθ’
2783 750 2982 821 ἡμᾶς),
3019 748 3136 801 ἀλλ’
3161 749 3244 801 ὅτι
3274 748 3375 818 τὴν
3401 745 3495 800 τοῦ
3523 747 3593 800 τὰ
3626 747 3808 800 τοιάδε

520 869 644 942 quia
697 869 932 924 Verbum
980 839 1110 918 caro
1157 859 1360 914 factum
1412 866 1495 912 est
1521 854 1588 921 εί,
1638 862 1692 908 et
1745 862 2002 920 tanquam
2052 847 2106 902 in

2227 843 2590 915 ῑιακηρύττειν
2639 844 2733 896 καὶ
2790 840 3157 911 ἀπαγγέλλειν
3212 842 3343 909 ήμῖν
3401 839 3848 923 ὲγκεχείρισται,

513 931 719 1034 templo
750 959 894 1032 quod
939 973 970 1012 e
1012 953 1320 1010 castissima
1371 957 1573 1004 sanctae
1601 945 1838 1012 Virginis
1881 957 2110 1034 corpore

2227 936 2575 1008 Ιειτουργίαν.
2629 933 2840 988 οὐκοῦν
2878 933 2986 988 ἀπὸ
3028 933 3121 986 τοῦ
3167 937 3493 1003 πράγματος
3523 933 3557 1002 ἡ
3590 931 3806 1000 κλῆσις,

524 1033 859 1124 susceperat,
898 1045 1198 1104 habitavit:
1235 1051 1327 1098 aut
1366 1041 1418 1095 in
1451 1037 1674 1095 homine
1706 1035 1977 1124 perfecto,
2015 1033 2108 1124 qui

523 1163 585 1200 ex
617 1122 866 1213 corpore,
894 1139 1140 1208 inquam,
1166 1143 1223 1189 et
1261 1129 1445 1186 anima
1492 1125 1810 1182 immediate
1843 1133 1898 1179 et
1927 1122 2112 1176 divina

514 1233 861 1308 providentia
916 1233 1332 1298 congmentatus
1383 1236 1508 1277 esse
1559 1219 1805 1274 creditus
1855 1223 1967 1281 est;
2020 1219 2115 1267 aut

523 1328 781 1400 templum
835 1321 1160 1393 simpliciter
1221 1315 1466 1371 nominat
1523 1309 1860 1400 Jerusalem:
1924 1313 2114 1400 utpote

521 1397 764 1478 sanctam
791 1425 846 1472 et
874 1415 975 1470 sibi
999 1412 1305 1467 dedicatam
1339 1405 1658 1470 civitatem;
1691 1409 1785 1455 aut
1810 1397 2112 1454 Ecclesiam

515 1513 670 1569 velut
705 1511 758 1564 in
786 1517 914 1579 typo
945 1517 1066 1560 suo.
1101 1502 1370 1557 Caeterum
1415 1497 1708 1551 adventum
1745 1507 1841 1548 seu
1875 1503 2115 1562 praseno

513 1607 655 1662 etiam
694 1617 846 1658 suam
878 1594 1251 1667 compluribus
1281 1587 1548 1644 mirandis
1584 1585 1844 1656 operibus
1872 1582 2115 1654 promul-

467 1695 472 1698 ’
523 1695 690 1766 gavit,
725 1709 742 1742 ι
782 1688 1103 1743 Praedicans
1138 1679 1494 1749 Evangelium
1533 1677 1705 1748 regni,
1741 1689 1944 1730 sanans
1995 1687 2115 1728 om-

517 1803 623 1846 nes
667 1785 887 1840 morbos
928 1789 980 1836 et
1025 1791 1242 1834 omnem
1291 1773 1605 1842 languorem
1649 1770 1702 1823 in
1739 1767 1962 1838 populo,
1997 1783 2016 1818 r
2059 1771 2116 1819 ut

529 1883 791 1950 scriptum
844 1886 926 1934 est
947 1876 1014 1930 “.
1073 1871 1265 1929 Veniet
1313 1868 1481 1939 igitur
1547 1863 1843 1926 Dominus,
1903 1858 2114 1928 inquit,

2211 1029 2306 1080 καὶ
2338 1027 2439 1079 οὐκ
2465 1027 2654 1090 οὐσίας
2686 1025 2933 1094 ἀγγέλων
2962 1025 3116 1079 ἔσται
3151 1026 3482 1095 σημαντική.
3523 1023 3712 1087 Ἥξειν
3743 1039 3811 1090 γε

2215 1121 2324 1190 μὴν
2358 1121 2438 1183 εἰς
2471 1119 2562 1172 τὸν
2610 1120 2737 1172 ναὸν
2767 1117 2934 1172 αὐτοῦ
2969 1136 3124 1190 φησι,
3175 1118 3208 1189 ἢ
3254 1119 3334 1171 ὅτι
3366 1118 3558 1186 γέγονε
3599 1117 3734 1188 σὰρξ
3784 1119 3816 1171 6

2213 1213 2406 1281 Λόγος,
2433 1201 2550 1266 ’καὶ
2588 1211 2877 1283 κατῴκησε
2927 1211 3180 1282 καθάπερ
3225 1212 3284 1263 ὲν
3323 1210 3435 1281 ναῷ
3483 1209 3562 1280 τῷ
3609 1211 3671 1262 ἑκ
3713 1209 3815 1280 τῆς

2215 1303 2377 1371 ἁγίας
2413 1303 2689 1374 Παρθένου
2723 1303 2984 1372 πανάγνῳ
3031 1301 3282 1372 σώματι⁶
3327 1302 3497 1372 ἤγουν
3538 1299 3815 1372 ἀνθρώπῳ

2216 1395 2429 1468 τελείῳ,
2456 1395 2534 1467 τῷ
2557 1397 2620 1449 ὲκ
2646 1396 2848 1467 ψυχῆς,
2885 1397 3049 1464 λέγω,
3075 1396 3168 1449 καὶ
3209 1394 3464 1466 σώματος
3499 1393 3722 1463 ἀμέσως
3751 1409 3818 1446 τε

2219 1486 2313 1553 καὶ
2373 1486 2733 1558 οἰκονομικῶς
2783 1486 3028 1558 ἡνῶσθαι
3079 1485 3534 1556 πεπιστευμένῳ·
3589 1485 3622 1554 ἢ
3687 1486 3818 1540 ναὸν

2222 1577 2405 1642 ἁπλῶς
2440 1578 2696 1650 ὀνομάζει
2718 1579 2818 1651 τὴν
2835 1576 2946 1634 οἷον
2971 1579 3122 1651 ἱερὰν
3145 1579 3239 1632 καὶ
3271 1578 3639 1648 ἀνακειμένην
3665 1576 3821 1648 αὐτῷ

2219 1669 2394 1735 πόλιν,
2430 1669 2587 1739 δῆλον
2627 1669 2685 1724 δὲ
2731 1670 2812 1723 ὅτι
2853 1670 2954 1742 τὴν
3006 1669 3400 1741 Ἰερουσαλήμ·
3435 1669 3602 1739 ῆγουν
3645 1668 3720 1732 ὡς
3755 1671 3820 1721 ὲν

2217 1763 2375 1834 τύπῳ
2405 1763 2484 1834 τῷ
2513 1763 2650 1834 πρὸς
2680 1761 2896 1833 εκείνην
2927 1761 3026 1832 τήν
3069 1761 3418 1833 Ἐκκλησίαν.
3463 1760 3730 1814 Ἐποιείτο
3754 1759 3821 1814 δὲ

2219 1856 2320 1924 τῆς
2369 1854 2562 1908 ἑαυτοῦ
2611 1854 2914 1926 παρουσίας
2954 1854 3054 1924 τὴν
3103 1855 3408 1925 ἀνάρρησιν
3458 1853 3822 1925 πολυτρόπως

524 1944 686 2048 quem
742 1987 836 2028 vos
877 1966 1152 2039 quaeritis,
1208 1978 1276 2018 ex
1326 1956 1774 2031 pusillanimitate
1828 1955 2112 2048 dicentes:

2227 1947 2624 2018 τερατουργῶν,
2658 1965 2676 1998 ι
2719 1945 3026 2018 Κηρύσσων
3057 1945 3119 1999 τὸ
3146 1945 3484 2014 Εὐαγγέλιον
3515 1945 3612 2016 τῆς
3661 1944 3824 2016 βασι-

530 2040 560 2122 ι.
587 2068 684 2125 Ubi
715 2073 797 2122 est
829 2065 969 2118 Deus
997 2054 1264 2128 iustitiae?
1297 2071 1316 2106 ›
1358 2049 1554 2105 Veniet
1589 2056 1768 2102 autem
1809 2059 1872 2098 ac
1903 2040 2118 2096 docebit

525 2171 644 2227 qua:
671 2168 835 2225 supra
870 2151 1043 2219 legem
1085 2155 1139 2202 et
1175 2157 1339 2216 supra
1393 2140 1621 2196 umbras
1669 2151 1735 2192 ac
1775 2145 1932 2206 typus
1969 2142 2116 2188 sunt.

526 2251 645 2309 Erit
694 2249 898 2319 quippe
937 2239 1178 2312 Angelus
1221 2231 1574 2297 testamenti,
1624 2227 1767 2300 quod
1817 2227 1945 2319 olim
1989 2240 2120 2319 voce

529 2343 622 2397 Dei
659 2316 726 2395 et:
749 2316 930 2392 Patris
954 2330 1377 2403 praenuntiatum
1414 2333 1519 2380 est.
1551 2321 1798 2388 Quodam
1823 2317 1968 2373 enim
2001 2316 2121 2371 loco

528 2444 812 2488 sacrorum
860 2427 1142 2481 doctorem
1190 2418 1372 2473 Mosen
1416 2416 1498 2472 sic
1549 2412 1892 2481 alloquitur:
1937 2427 1956 2461 ι
1985 2407 2121 2463 Pro-

534 2530 752 2598 phetam
789 2519 897 2576 illis
923 2514 1201 2573 suscitabo
1223 2511 1288 2566 de
1314 2507 1577 2564 fratribus
1609 2506 1846 2598 ipsorum
1874 2502 2017 2557 sicut
2044 2510 2117 2598 te,

533 2592 582 2672 et
613 2627 809 2687 ponam
845 2607 1008 2663 verba
1059 2618 1179 2660 mea
1225 2601 1280 2656 in
1338 2614 1434 2656 ore
1471 2598 1614 2669 ejus,
1655 2606 1709 2648 et
1753 2593 2008 2663 loquetur
2040 2592 2122 2646 eis

414 2735 422 2743 -
531 2685 828 2765 secundum
873 2697 1057 2756 omnia
1089 2709 1211 2766 quas
1254 2704 1568 2764 praecepero
1613 2688 1662 2743 ei
1687 2686 1756 2742 ".
1789 2705 1807 2739 ι
1849 2685 1983 2740 Esse
2023 2699 2122 2737 au—

535 2809 643 2856 tem
683 2794 964 2851 Christum
997 2786 1137 2843 Novi
1161 2781 1512 2840 Testamenti
1558 2777 1854 2849 Angelum,
1890 2784 2123 2830 testatur

531 2902 585 2949 et
623 2888 792 2946 Isaias
826 2885 972 2938 hunc
1019 2881 1072 2934 in
1124 2877 1342 2932 modum
1375 2874 1443 2928 de
1486 2872 1576 2926 illo
1619 2871 1846 2941 loquens
1880 2885 1892 2921 :
1929 2886 1946 2918 ι
1985 2866 2124 2932 Quia

532 2995 746 3038 omnem
784 2976 980 3032 stolam
1017 2977 1403 3040 congregatam
1439 2964 1586 3029 dolo,
1639 2971 1696 3016 et
1735 2960 2122 3016 vestimentum

533 3087 656 3130 cum
700 3063 1135 3124 commutatione
1170 3058 1482 3120 restituent,
1513 3062 1568 3108 et
1594 3052 1800 3116 volent,
1840 3050 1886 3104 sl
1923 3049 2127 3103 fuerint

535 3167 658 3233 igne
689 3143 995 3218 combusti,
1027 3151 1156 3223 quia
1193 3163 1328 3220 puer
1367 3156 1525 3200 natus
1553 3152 1638 3199 est
1671 3143 1848 3206 nobis,
1894 3149 1950 3195 et
1983 3139 2126 3193 Illius

536 3257 695 3308 datus
725 3258 811 3305 est
843 3245 1024 3309 nobis,
1073 3241 1227 3311 cujus
1260 3237 1546 3308 imperium
1598 3234 1802 3288 factum
1845 3241 1930 3285 est
1960 3242 2126 3299 super

2219 2041 2390 2106 λείας,
2432 2039 2524 2094 καὶ
2557 2039 2875 2110 θεραπεύων
2920 2040 3103 2094 πᾶσαν
3157 2039 3314 2092 νόσον
3359 2038 3454 2091 καὶ
3501 2039 3680 2091 πᾶσαν
3714 2053 3827 2106 μα-

2219 2132 2413 2186 λακίαν
2443 2134 2502 2185 ὲν
2533 2131 2611 2203 τῷ
2641 2131 2776 2203 λαῷ,
2817 2151 2835 2184 ι
2873 2131 3015 2186 καθὰ
3056 2133 3392 2202 γέγραπται.
3434 2130 3593 2196 Ἥξει
3636 2129 3824 2184 τοίνυν

2220 2226 2248 2278 6
2284 2224 2510 2297 Κύριος,
2557 2226 2712 2296 φησι,
2757 2223 2815 2277 δν
2853 2224 3011 2294 ὑμεῖς
3045 2224 3279 2294 ζητεῖτε,
3322 2222 3576 2292 λέγοντες
3613 2222 3676 2275 ὲκ
3725 2239 3824 2292 μι-

2222 2316 2525 2388 κροψυχίας
2547 2334 2558 2347 ·
2601 2334 2620 2368 ‹
2664 2315 2775 2369 Ποῦ
2823 2315 2970 2369 ἐστιν
2998 2316 3027 2368 6
3057 2314 3192 2379 Θεὸς
3229 2315 3330 2385 τῆς
3364 2313 3747 2383 δικαιοσύνηςς
3795 2331 3819 2365 s

2223 2408 2381 2474 Ἥξει
2414 2408 2471 2462 δὲ
2508 2407 2777 2462 διδάσκων
2822 2407 2892 2461 τὰ
2940 2407 3081 2478 ὑπὲρ
3117 2407 3280 2477 νόμον
3325 2406 3422 2459 καὶ
3459 2405 3528 2458 τὰ
3557 2405 3821 2457 ἐπέκεινα

2223 2503 2383 2565 σκιᾶς
2417 2501 2511 2555 καὶ
2543 2499 2751 2554 τύπων.
2783 2500 2980 2554 Ἔσται
3003 2498 3113 2570 γὰρ
3140 2498 3408 2569 διαθήκης
3438 2496 3687 2567 ἄγγελος,
3719 2495 3828 2565 τῆς

2224 2595 2392 2650 πάλαι
2423 2590 2880 2664 προηγγελμένης
2919 2591 3007 2646 διὰ
3051 2590 3236 2662 φωνῆς
3271 2589 3364 2643 τοῦ
3399 2588 3534 2642 Θεοῦ
3571 2589 3666 2642 καὶ
3702 2587 3828 2643 Πα-

2224 2687 2351 2757 τρός
2417 2686 2562 2754 Ἔφη
2609 2685 2718 2755 γάρ
2751 2701 2854 2737 που
2889 2684 3027 2754 πρὸς
3064 2683 3158 2736 τὸν
3209 2681 3536 2751 ἱεροφάντην
3581 2681 3784 2736 Mensa
3808 2697 3828 2712 ο

2229 2797 2248 2831 ι
2285 2779 2583 2851 Προφήτην
2609 2778 2793 2840 αὐτοῖς
2820 2776 3113 2846 ἀναστήσω
3145 2775 3208 2828 ὲκ
3231 2775 3338 2827 τῶν
3369 2773 3614 2843 ἀδελφῶν
3641 2772 3832 2827 αὐτῶν

2225 2875 2414 2947 ῶσπερ
2463 2874 2542 2938 σὲ,
2576 2873 2669 2925 καὶ
2699 2871 2851 2944 θήσω
2879 2871 3005 2934 τοὺς
3042 2869 3234 2937 λόγους
3286 2887 3390 2941 μου
3433 2870 3513 2934 εἰς
3548 2869 3608 2923 τὸ
3644 2869 3834 2940 στόμα

2225 2966 2413 3032 αὑτοῦ,
2443 2966 2536 3020 καὶ
2566 2964 2792 3035 λαλήσει
2822 2965 3006 3026 αὐτοῖς
3045 2963 3184 3016 κατὰ
3228 2963 3408 3016 πάντα
3441 2962 3541 3016 ὅσα
3573 2961 3836 3015 ἐντείλω-

2229 3077 2330 3131 μαι
2372 3058 2541 3130 αὐτῷ.
2583 3076 2602 3110 ι
2639 3057 2762 3110 Ὅτι
2791 3056 2847 3109 δὲ
2881 3054 3092 3126 Καινῆς
3123 3055 3399 3127 Διαθήκης
3435 3054 3667 3123 ἄγγελος
3698 3051 3772 3127 ἦν
3805 3057 3834 3110 6

2228 3150 2484 3223 Χριστὸς,
2537 3152 2794 3220 σαφηνιεϊ
2838 3148 3015 3218 λέγων
3052 3148 3147 3202 καὶ
3193 3150 3221 3202 ὁ
3270 3148 3538 3220 μακάριος
3595 3149 3834 3213 Ἡσαΐας

2229 3245 2359 3314 περὶ
2407 3240 2608 3295 αὐτοῦ·
2670 3259 2689 3292 ι
2747 3241 2872 3293 Ὅτι
2925 3242 3104 3293 πᾶσαν
3153 3239 3346 3311 στολὴν
3383 3240 3835 3311 ἐπισυνηγμένην

538 3349 825 3400 humerum
883 3339 1026 3406 ejus,
1086 3344 1141 3390 et
1190 3341 1416 3386 vocatur
1466 3343 1663 3384 nomen
1721 3324 1839 3394 ejus
1883 3321 2122 3393 Angelus

2229 3335 2385 3404 δόλῳ,
2419 3333 2516 3388 καὶ
2553 3333 2768 3404 ἱμάτιον
2803 3333 2940 3404 μετὰ
2980 3332 3333 3404 καταλλαγῆς
3359 3333 3702 3399 ἀποτίσουσι,
3734 3333 3838 3387 καὶ

528 3433 720 3504 magni
775 3426 1106 3491 consilii“,
1142 3445 1162 3477 r
1230 3423 1351 3477 sine
1415 3421 1580 3474 dubio
1649 3416 1744 3470 Dei
1809 3423 1867 3469 et
1923 3413 2121 3467 Patris.

539 3527 771 3585 Proinde
814 3525 979 3580 etiam
1029 3518 1248 3575 dicebat
1279 3533 1294 3569 :
1329 3532 1349 3566 ι
1383 3515 1426 3566 Α
1497 3511 1709 3579 ineipso
1760 3521 1866 3562 non
1910 3505 2122 3576 loquor,

536 3623 631 3678 sed
681 3619 773 3690 qui
817 3615 968 3672 misit
1013 3627 1099 3667 me
1141 3609 1324 3675 Pater,
1360 3607 1475 3677 ipse
1521 3603 1652 3658 mihi
1703 3599 1961 3670 prince-pit
1996 3597 2126 3667 quid

531 3715 716 3769 dicam
743 3719 801 3766 et
838 3707 970 3780 quid
1003 3704 1196 3776 loquar
1218 3701 1287 3755 “.
1320 3719 1340 3752 ι
1375 3698 1492 3755 Non
1522 3697 1666 3752 enim
1695 3705 1812 3750 erat
1855 3692 2128 3746 humanus

531 3817 717 3860 sermo
745 3795 1074 3860 Salvatoris,
1108 3793 1204 3848 sed
1235 3800 1492 3860 tanquam
1533 3801 1562 3842 a
1593 3783 1706 3841 Deo
1742 3793 1798 3840 et
1834 3781 1998 3837 Patre
2033 3795 2130 3851 per

534 3894 734 3948 Filium
782 3885 1083 3944 naturalem
1126 3883 1192 3938 ad
1225 3896 1322 3937 nos
1362 3881 1546 3934 fiebat.
1590 3876 1826 3933 Verbum
1863 3877 2010 3929 enim
2046 3882 2129 3928 est

535 3986 656 4053 ejus
679 3984 771 4051 qui
805 3978 997 4052 genuit
1024 3978 1236 4047 ipsum;
1269 3983 1323 4028 et
1351 3973 1509 4027 iidem
1535 3973 1698 4026 faciet
1725 3985 1822 4041 per
1848 3966 2126 4031 Davidem,

543 4098 560 4128 ι
591 4076 874 4132 Eructavit
897 4085 996 4127 cor
1022 4084 1200 4124 meum
1227 4066 1473 4132 verbum,
1497 4066 1696 4120 bonum
1717 4061 1784 4114 ⁸⁸.
1818 4081 1837 4114 ›

2231 3426 2577 3498 θελήσουσιν,
2615 3426 2664 3478 εἰ
2704 3425 3040 3495 ἐγενήθησαν
3086 3426 3474 3496 πυρίκαυστοι.
3526 3424 3653 3478 Ὀτι
3701 3443 3840 3479 παι-

2231 3518 2343 3572 δίον
2375 3517 2638 3588 ἐγεννήθη
2679 3519 2835 3587 ήμῖν,
2887 3517 3000 3581 υἱὸς
3051 3518 3147 3571 καὶ
3189 3515 3346 3588 ἐδόθη
3381 3519 3532 3588 ἡμῖν,
3572 3509 3635 3581 εὖ
3683 3517 3838 3588 ἀρχὴ

2233 3609 2471 3683 ἐγενήθη
2496 3611 2587 3664 ἐπὶ
2617 3608 2712 3663 τοῦ
2749 3608 2900 3680 ὤμου
2933 3609 3123 3670 αὐτοῦ,
3158 3611 3247 3663 καὶ
3283 3609 3527 3664 καλεῖται
3554 3608 3614 3662 τὸ
3657 3609 3840 3680 ὄνομα

2235 3701 2401 3756 αὑτοῦ
2437 3701 2679 3773 μεγάλης
2711 3701 2907 3772 βουλῆς
2937 3699 3221 3771 Ἄγγελος,
3267 3719 3285 3754 ι
3320 3701 3478 3773 δῆλον
3507 3701 3562 3755 δὲ
3601 3703 3686 3756 δτι
3731 3702 3840 3771 τῆς

2234 3795 2329 3848 τοῦ
2355 3793 2491 3847 Θεοῦ
2513 3795 2608 3847 καὶ
2639 3793 2872 3865 Πατρός.
2899 3793 3188 3864 Τοιγάρτοι
3213 3795 3309 3848 καὶ
3333 3793 3570 3863 ἔφασκεν
3591 3811 3602 3822 ·
3643 3813 3662 3845 ι
3708 3794 3840 3847 Ἀπ’

2235 3883 2474 3955 ἐμαυτοῦ
2514 3883 2574 3936 οὐ
2608 3882 2777 3947 λαλῶ,
2815 3883 2931 3936 ἀλλ’
2969 3885 2997 3936 6
3034 3883 3254 3954 πέμψας
3304 3901 3370 3954 με
3419 3884 3634 3955 Πατὴρ,
3668 3883 3842 3949 αὑτός

2239 3995 2328 4047 μοι
2358 3977 2583 4049 ἐντολὴν
2621 3977 2822 4031 δέδωκε
2874 3977 2928 4031 τί
2961 3977 3100 4032 εἴπω
3157 3980 3252 4032 καὶ
3296 3978 3346 4031 τί
3377 3977 3612 4048 λαλήσω.
3672 3998 3690 4031 r
3757 3979 3840 4032 Οὐ

2234 4071 2344 4142 γὰρ
2379 4066 2449 4142 ἦν
2483 4070 2824 4142 ἀνθρώπινος
2869 4071 2962 4124 τοῦ
3000 4071 3254 4142 Σωτῆρος
3308 4073 3335 4126 ὁ
3367 4071 3523 4140 λόγος
3545 4086 3558 4099 ο
3607 4073 3724 4126 ἀλλ’
3759 4072 3843 4136 ὡς

535 4171 601 4224 ἑκ
630 4167 764 4222 Θεοῦ
807 4167 902 4220 καὶ
933 4161 1146 4234 Πατρὶς
1179 4161 1245 4214 δι’
1286 4157 1416 4213 Υίοῦ
1448 4159 1543 4212 τοῦ
1571 4157 1714 4213 κατὰ
1745 4158 1906 4228 φύσιν
1935 4159 2126 4230 γέγονε
2164 4163 2302 4234 πρὸς
2356 4164 2524 4237 ἡμᾶς.
2560 4164 2731 4233 Λόγος
2761 4165 2871 4236 γάρ
2906 4165 3021 4218 ἐστι
3084 4163 3179 4218 τοῦ
3216 4164 3610 4236 γεγεννηκότος
3642 4165 3841 4234 αὐτὸν,

536 4264 635 4319 καὶ
659 4260 988 4316 πιστώσεται
1019 4257 1194 4324 λέγων
1218 4254 1305 4308 διὰ
1334 4253 1519 4324 φωνῆς
1541 4252 1636 4305 τοῦ
1667 4251 1831 4306 Δαδίδ
1851 4270 1864 4285 ο
1903 4270 1922 4303 ι
1973 4251 2332 4324 Ἐξηρεύξατο
2360 4260 2393 4329 ἡ
2421 4258 2620 4330 καρδία
2654 4274 2757 4328 μου
2789 4257 2947 4325 λόγον
2980 4254 3203 4325 ἀγαθόν.
3253 4273 3272 4306 ι

613 4355 776 4410 Vens.
816 4352 874 4406 2.
926 4349 1059 4404 Ecce
1096 4352 1254 4415 venit,
1305 4349 1435 4401 dicit
1473 4348 1732 4401 Dominus
1777 4350 2127 4417 omnipotens,

537 4461 584 4505 et
613 4449 732 4519 quis
765 4445 1041 4499 sustinebit
1069 4443 1208 4496 diem
1238 4441 1488 4495 introitus
1518 4441 1674 4510 ejus?
1713 4442 1815 4494 Aut
1851 4442 1969 4508 quis
2005 4442 2131 4496 sub-

538 4547 681 4597 sistet
719 4542 770 4594 in
809 4537 1009 4593 uisione
1035 4535 1190 4603 ejus?

2321 4354 2468 4410 Ἰδοὺ
2497 4354 2758 4423 ἔρχεται,
2795 4351 2956 4421 λέγει
2997 4353 3216 4420 Κύριος
3241 4351 3686 4422 παντοκράτωρ,
3728 4355 3838 4408 καί

2235 4446 2328 4510 τίς
2389 4441 2678 4512 ὑπομενεῖ
2739 4443 2972 4513 ἡμέραν
3031 4443 3275 4498 εἰσόδου
3334 4443 3556 4510 αὑτοῦ;
3613 4445 3691 4499 Ἦ
3743 4449 3844 4514 τίς

2233 4535 2652 4602 ὐποστήσεται
2681 4535 2751 4589 ὲν
2790 4533 2866 4604 τῇ
2909 4535 3170 4602 ὀπτασίᾳ
3197 4534 3424 4600 αὑτοῦ;

609 4631 772 4702 851
822 4625 1060 4683 XXXIII.
1111 4625 1246 4678 Iluic
1295 4623 1473 4678 simile
1521 4634 1577 4678 et
1621 4623 1912 4679 admodum
1962 4625 2122 4682 aﬂine

2304 4627 2426 4682 AI".
2471 4625 2699 4697 Ὅμοιον
2731 4626 2908 4696 τούτῳ
2952 4628 3046 4680 καὶ
3079 4625 3228 4695 μάλα
3268 4626 3614 4698 προσεοικὸς,
3657 4627 3717 4678 τὸ
3744 4625 3843 4681 διὰ

541 4738 624 4781 «st
649 4725 790 4795 quod
824 4723 1022 4792 legitur
1054 4719 1194 4788 apud
1230 4717 1428 4773 Isaiam
1457 4733 1470 4771 :
1507 4735 1526 4767 ι
1557 4715 1974 4783 Confortaminl,
2011 4734 2129 4772 ma-

543 4835 644 4872 nus
682 4817 924 4871 remissae
962 4823 1018 4867 et
1057 4825 1230 4881 genua
1269 4808 1552 4863 dissoluta.
1588 4808 1988 4876 Consolamini,
2027 4825 2127 4880 po-

543 4911 842 4964 sillanimes
888 4914 1088 4972 mente,
1143 4901 1550 4970 confortantini,
1605 4917 1672 4959 ne
1718 4905 1958 4959 timeatis
1992 4903 2036 4936 ⁸⁷
2106 4917 2128 4956 ι

545 5003 612 5057 Et
647 5011 862 5054 rursum
912 4995 1037 5051 alibi
1068 5011 1084 5049 :
1127 5011 1146 5046 ι
1177 4993 1316 5049 Ecce
1338 4992 1478 5049 Deus
1505 5003 1689 5049 noster
1717 5009 1840 5049 cum
1882 4994 2130 5049 domina—

540 5091 808 5155 tione“.o
830 5089 961 5144 Nam
986 5099 1042 5141 ut
1062 5085 1366 5157 planeipsis
1383 5084 1718 5152 adiuturum,
1735 5087 1842 5138 imo
1864 5084 1972 5152 iam
1996 5098 2133 5155 pra:-

544 5193 755 5243 sentem
779 5180 1092 5242 ostendens,
1116 5176 1437 5233 clarissimis
1460 5176 1640 5232 verbis
1659 5176 1974 5244 pronuntiat
1995 5187 2133 5230 tem-

543 5292 645 5347 pus
672 5279 937 5329 adventus
964 5269 1082 5340 ejus
1113 5268 1165 5322 in
1194 5270 1453 5324 mundum
1483 5269 1628 5323 hunc
1649 5281 1755 5321 non
1788 5267 1878 5321 diu
1904 5267 2128 5322 dilatum

544 5370 633 5422 iri.
666 5365 931 5421 Virtutem
955 5368 1135 5415 autem
1171 5359 1494 5414 oeconomiae
1517 5356 1638 5424 ejus
1659 5357 1925 5427 quibusda
1937 5371 1986 5411 nt
2021 5371 2128 5412 non

546 5459 660 5514 fore
699 5451 1106 5524 despicabilem,
1135 5467 1237 5507 nec
1258 5449 1560 5505 incredulis
1583 5449 1946 5517 tolerabilem,
1973 5452 2132 5507 docet

545 5551 660 5602 ita:
697 5563 716 5598 ι
760 5545 827 5599 Et
865 5545 990 5615 quis
1031 5541 1322 5598 sustinebit
1359 5539 1502 5594 diem
1543 5540 1799 5596 introitus
1830 5541 1985 5609 eius?
2026 5543 2133 5598 Aut

546 5639 671 5698 uuis
701 5635 959 5693 subsistet
996 5636 1051 5689 in
1082 5633 1291 5688 visione
1319 5630 1480 5699 eius?
1509 5647 1528 5683 ι
1561 5631 1848 5688 Introitum
1891 5637 2129 5704 appellat

542 5727 823 5800 unigeniti
860 5727 912 5780 in
950 5727 1094 5781 hunc
1128 5723 1388 5779 mundum
1420 5736 1542 5779 cum
1578 5737 1743 5780 carne
1777 5726 2122 5797 ingressum:

2235 4718 2421 4788 φωνῆς
2479 4717 2742 4782 Ἠσαῖαςο
2781 4737 2800 4768 ι
2853 4718 3154 4789 Ἰσχύσατε,
3187 4722 3366 4791 χεῖμς
3408 4719 3697 4789 ἀνειμέναι
3739 4719 3848 4772 καὶ

2235 4812 2440 4880 γόνατα
2475 4809 2918 4881 παραλελυμένα.
2955 4810 3406 4883 Παρακαλέσατε,
3439 4812 3490 4864 ot
3517 4809 3848 4883 ὀλιγόψυχοι

2235 4905 2300 4974 τῇ
2326 4901 2558 4974 διανοίᾳ,
2586 4902 2863 4973 ἰσχύσατε,
2894 4902 2968 4975 μὴ
2993 4899 3267 4973 φοϐεῖσθε.
3292 4923 3309 4955 ι
3349 4902 3458 4958 Καὶ
3482 4898 3603 4956 αὖθ’
3629 4904 3808 4974 ἑτέρα
3831 4921 3845 4934 ο

2235 5013 2262 5069 ,ι
2312 4992 2445 5047 ’ἰδοὺ
2478 4995 2507 5046 6
2541 4993 2674 5058 Θεὸς
2714 4995 2871 5066 ήμῶν
2906 4995 3046 5067 μετὰ
3077 4996 3294 5068 κυρίας.
3333 5015 3351 5048 ι
3399 4995 3491 5059 Ὦς
3518 4994 3629 5067 γάρ
3668 4996 3848 5050 αὐτὸν

2237 5083 2303 5155 δὴ
2353 5091 2498 5155 μαλα
2543 5085 2938 5157 παρεσόμενον,
2976 5085 3176 5158 μᾶλλον
3209 5086 3266 5139 δὲ
3296 5086 3392 5140 καί⁹
3438 5085 3538 5156 ήδη
3585 5083 3847 5156 παρόντα

2235 5177 2472 5243 δεικνὺς,
2510 5178 2870 5248 ἀποφαίνεται
2902 5178 3090 5249 σαφῶς
3121 5180 3202 5232 ὅτι
3233 5178 3326 5233 καὶ
3354 5181 3382 5232 6
3409 5178 3510 5248 τῆς
3536 5178 3846 5249 ἐπιδημίας

2237 5267 2403 5321 αὑτοῦ
2425 5268 2521 5340 τῆς
2546 5270 2604 5323 ὲν
2631 5269 2766 5342 τῷδε
2809 5268 2887 5342 τῷ
2915 5271 3106 5342 κόσμῳ
3131 5272 3323 5342 καιρὸς
3355 5271 3454 5325 οὐκ
3483 5273 3561 5334 είς
3597 5269 3845 5342 ἀνάϐληο

2239 5375 2322 5415 σιν
2352 5361 2505 5417 ἔσται
2539 5364 2777 5435 μακράν.
2815 5363 2938 5417 Ὀτι
2967 5362 3024 5416 δὲ
3053 5363 3149 5434 τῆς
3191 5363 3506 5435 οἰκονομίας
3536 5365 3570 5433 ή
3601 5360 3846 5432 δῦναμις

2234 5451 2334 5505 οὐκ
2374 5453 2856 5526 εὐκαταφρόνητος
2906 5453 3060 5509 ἔσται
3113 5455 3278 5520 τισὶν,
3338 5453 3450 5508 οὐδ’
3505 5453 3572 5508 ἂν
3619 5453 3844 5522 γένοιτο

2233 5547 2347 5611 τοῖς
2381 5546 2702 5601 ἀπειθοῦσιν
2769 5547 2964 5620 οίστὴ,
3024 5547 3269 5602 διδάσκει
3335 5546 3511 5616 λέγων
3570 5562 3586 5579 ο
3648 5561 3668 5598 ι
3722 5546 3842 5600 Καὶ

2233 5638 2319 5702 τίς
2369 5639 2637 5710 ὑπομενεῖ
2687 5639 2900 5711 ἡμέραν
2967 5641 3172 5696 εἰσόδου
3228 5639 3498 5711 αὐτοῦςῆ
3546 5639 3628 5715 τίς
3693 5640 3841 5692 ὕπο-

2239 5730 2500 5800 στήσεται
2545 5731 2603 5782 ὲν
2637 5733 2704 5801 τῇ
2753 5730 2992 5804 ὀπτασίᾳ
3023 5731 3228 5797 αὐτοῦς
3272 5751 3290 5783 r
3327 5733 3438 5786 Καὶ
3482 5728 3687 5782 εἴσοδον
3727 5728 3841 5799 μὲν

650 5860 695 5893 il
731 5857 888 5911 .loatt.
921 5859 1076 5935 xlii.
1148 5855 1408 5935 ‘f_hl_atth.
1441 5858 1635 5935 tv,
1715 5859 1761 5891 “
1800 5861 1955 5918 Dcut.
1993 5880 2122 5919 xutt

2227 5863 2269 5918 3.
2324 5864 2370 5896 “
2401 5865 2506 5921 ιω.
2533 5881 2613 5934 υς,
2638 5864 2688 5932 5,
2723 5864 2774 5924 6.
2829 5866 2872 5898 "
2902 5865 3060 5924 Joan.
3085 5883 3186 5935 xu,
3215 5868 3309 5925 49.
3345 5866 3546 5924 “Psal.
3579 5875 3730 5931 ων,
3759 5860 3829 5918 Ξ.

540 5923 725 5986 δτι-ιι.
757 5927 1036 5992 unﬁt.
1175 5929 1220 5960 “'
1261 5927 1364 5984 Isu.
1411 5923 1505 5998 ιι,
1547 5932 1630 5986 I0.
