4098 6486
257 434 372 496 536

1132 425 1696 490 COMMENTARIUS
1735 432 1802 490 ΙΝ
1845 426 2262 489 MALACHIAM
2301 424 2755 488 PROPHETAM.

3484 419 3590 482 534

256 552 531 627 ὀνομάζει
575 555 673 626 τὴν
726 555 782 608 ὲν
824 552 960 625 τῷδε
1001 553 1080 625 τῷ
1116 556 1310 627 κόσμῳ
1343 555 1482 628 μετὰ
1534 555 1740 630 σαρκὸς
1767 556 1882 609 εἰσ-

1994 552 2261 613 visionem
2295 565 2478 612 autem
2517 553 2665 608 velut
2697 548 3122 622 apparitionem.
3160 548 3297 606 Nam
3333 565 3458 606 cum
3499 567 3590 607 se-

257 648 432 720 6ολὴν
465 641 560 701 τού
590 647 933 717 Μονογενοῦς
959 664 972 678 ·
1020 647 1292 704 ὀπτασίαν
1326 649 1407 714 δὲ,
1441 649 1542 720 τὴν
1565 643 1678 704 οἷον
1701 649 1882 721 έμιρά·

256 759 438 796 νειαν.
489 741 752 812 Ἀὀρατος
787 741 893 812 γὰρ
935 740 1080 794 κατά
1109 741 1272 811 φύσιν
1307 741 1590 812 ὑπάρχων,
1628 741 1705 806 ὡς
1727 741 1882 806 Θεὸς,

257 835 492 904 γέγονεν
518 833 790 906 ἐμφανὴς,
814 832 913 906 τὴν
941 833 1081 904 πρὸς
1107 835 1255 906 ἡμᾶς
1277 833 1538 906 ὁμοίωσιν
1569 832 1880 888 ἀναλαϐών.

260 927 744 1000 Προανακέκραγε
774 927 833 982 δὲ
876 926 1034 981 τοῦτο
1069 927 1263 997 σαφῶς
1295 928 1389 981 καὶ
1436 930 1464 982 6
1513 927 1788 999 Μελῳδὸς,
1826 927 1886 980 έν

263 1021 544 1093 πνεύματι
597 1021 810 1092 λέγων’
850 1041 868 1075 ι
923 1021 981 1077 '0
1023 1021 1158 1086 Θεὸς
1196 1021 1460 1094 ἐμφανῶς
1507 1021 1650 1093 ἥξει,
1687 1023 1715 1076 6
1751 1020 1884 1086 Θεὸς

262 1116 448 1188 ἡμῶν,
479 1115 577 1172 καὶ
600 1116 662 1170 ού
699 1115 1567 1188 παρασιωπήσεται.ι-ιΓέγονε
1601 1115 1710 1187 γὰρ
1745 1115 1884 1188 σὰρξ

260 1209 290 1260 6
315 1207 511 1275 Λόγος,
541 1205 688 1260 καθά
718 1223 885 1277 φησιν
916 1208 944 1260 6
971 1205 1262 1270 Θεσπέσιος
1299 1204 1574 1278 Ἰωάννης,
1598 1207 1694 1260 καὶ
1719 1207 1885 1278 ἐσκή-

259 1314 443 1350 νωσεν
480 1297 540 1349 ὲν
577 1297 733 1367 ἡμῖν,
787 1315 804 1347 ι
842 1300 935 1350 καὶ
969 1297 1027 1349 ὲν
1072 1295 1260 1349 δούλου
1292 1296 1482 1366 γέγονε
1518 1299 1724 1370 μορφῇ.
1773 1297 1886 1352 Καὶ

258 1393 380 1454 τοῖς
423 1389 525 1460 μὲν
558 1388 878 1460 ἠγαπηκόσι
917 1388 1020 1461 τὴν
1059 1389 1390 1457 ἐπιφάνειαν
1420 1389 1586 1443 αὑτοῦ
1626 1389 1885 1463 φορτικὸς

262 1482 368 1553 μὲν
399 1482 660 1553 οὐδαμῶς
682 1498 695 1512 ο
729 1482 922 1552 γέγονε
952 1481 1010 1536 δὲ
1055 1481 1259 1554 μᾶλλον
1282 1483 1448 1554 ἤπιός
1477 1500 1536 1536 τε
1567 1483 1662 1536 καὶ
1684 1485 1882 1555 πρᾶος,

259 1578 361 1630 καί
397 1577 546 1648 ζωῆς
600 1577 700 1648 τῆς
749 1579 829 1642 είς
863 1577 1039 1632 αίῶνα
1075 1577 1263 1650 δοτήρ.
1313 1578 1460 1650 Ἔφη
1498 1577 1555 1631 δέ
1605 1596 1708 1631 που
1755 1579 1885 1652 περὶ

258 1671 435 1724 αὑτοῦ
475 1671 572 1724 καὶ
610 1671 639 1723 6
669 1670 803 1734 Θεὸς
849 1672 944 1725 καὶ
978 1672 1205 1744 Πατήρ·
1245 1691 1262 1725 ι
1319 1672 1452 1728 Ἰδοὺ
1487 1674 1514 1726 6
1549 1674 1683 1736 Παῖς
1719 1689 1822 1744 μου
1859 1675 1885 1728 δ

261 1763 582 1832 ἀγαπητὸς,
613 1764 671 1816 ὲν
772 1764 1075 1836 ηὐδόκησα.
1105 1764 1218 1819 Ούκ
1251 1764 1448 1837 ἐρίσει,
1476 1765 1595 1820 οὐδὲ
1631 1767 1882 1838 κραυγά-

263 1875 371 1923 σει,
410 1858 537 1912 οὐδὲ
573 1859 980 1932 ἀκουσθήσεται
1010 1858 1116 1923 ἔξω
1149 1860 1182 1930 ἡ
1213 1858 1370 1932 φωνὴ
1393 1859 1582 1914 αὑτοῦ.
1618 1860 1886 1932 Κάλαμον

265 1949 749 2022 συντεθλασμένον
780 1952 841 2005 ού
867 1950 1146 2016 κατεάξει,
1182 1951 1278 2006 καὶ
1306 1951 1453 2005 λίνον
1482 1951 1790 2022 τυφόμενον
1821 1951 1880 2005 οὐ

259 2045 496 2099 σϐέσεν
539 2044 657 2098 ἀλλ’
705 2045 785 2108 είς
834 2044 1097 2118 ἀλήθειαν
1147 2044 1348 2111 ἐξοίσει
1397 2044 1602 2116 κρίσιν.
1657 2065 1676 2096 ι
1736 2044 1884 2117 Πλὴν

255 2143 380 2204 τοῖς
415 2136 750 2210 ἀτιμάζουσι
783 2137 880 2210 τὴν
907 2139 974 2192 δι’
1004 2137 1172 2192 αὐτοῦ
1209 2138 1510 2211 σωτηρίαν,
1552 2138 1646 2192 καὶ
1672 2137 1772 2211 τὴν
1795 2138 1885 2193 διὰ

257 2232 515 2296 πίστεως
551 2230 877 2303 καθαίρεσιν
917 2231 979 2284 ού
1029 2232 1417 2306 προσιεμένοις
1452 2231 1654 2303 συνέϐη
1691 2229 1885 2288 παθεῖν

254 2327 333 2381 τά
371 2325 558 2380 πάντα
609 2326 871 2396 αῑσχιστα
919 2323 1028 2379 τῶν
1076 2326 1285 2379 κακῶν.
1333 2322 1632 2378 Διολὼλασι
1679 2325 1787 2398 γάρ
1837 2327 1885 2379 0i

255 2419 526 2483 τάλανες.
569 2419 865 2490 Τοιγάρτοι
905 2417 1003 2472 καὶ
1038 2417 1244 2488 ἔφασκε
1277 2420 1400 2482 ταῖς
1446 2418 1714 2472 Ἰουδαίων
1750 2417 1884 2487 ἀγέο

251 2511 390 2574 λαις
411 2528 426 2542 ο
468 2530 488 2562 ι
537 2510 713 2582 Ἀμὴν
743 2509 888 2579 λέγω
921 2510 1174 2582 Opimam
1212 2510 1309 2565 ἐάν
1333 2509 1410 2582 μὴ
1437 2509 1770 2582 πιστεύσητε
1802 2510 1885 2564 ὃτι

256 2601 384 2673 ἐγώ
428 2606 571 2675 ειμι,
623 2606 680 2657 ὲν
715 2606 836 2668 ταῖς
881 2604 1186 2676 ἁμαρτίαις
1238 2604 1393 2676 ὑμῶν
1436 2603 1823 2659 ἀποθανεῖσθε.
1862 2622 1881 2656 ι

259 2698 421 2768 Ἐςρη
457 2697 517 2751 δέ
551 2714 654 2751 που
693 2696 787 2752 καὶ
816 2699 843 2752 6
889 2697 1144 2770 Ἰωάννης
1166 2712 1178 2722 ·
1211 2716 1229 2748 ι
1286 2699 1346 2751 ’0
1377 2697 1650 2752 πιστεύων
1685 2698 1765 2761 εἰς
1793 2695 1887 2750 τὸν

257 2790 426 2856 Υίὸν,
458 2791 518 2844 οὐ
552 2790 888 2864 κρίνεταιγδ
935 2790 992 2844 δὲ
1031 2791 1107 2864 μὴ
1139 2790 1437 2854 πιστεύων,
1475 2791 1580 2862 ἠδη
1609 2790 1884 2863 κέκριται,

258 2883 351 2936 ὅτι
381 2882 460 2956 μὴ
491 2881 862 2936 πεπίστευκεν
884 2885 965 2946 είς
986 2883 1048 2935 τὸ
1069 2884 1241 2955 ὄνομα
1267 2882 1361 2936 τοῦ
1392 2882 1522 2936 Υἱοῦ
1547 2881 1643 2936 τοῦ
1666 2881 1822 2936 Θεοῦ.
1862 2901 1882 2935 s

260 2975 632 3048 Προσεφώνει
679 2975 736 3029 δὲ
769 2975 864 3029 καὶ
897 2975 1083 3039 αὐτοῖς
1130 2978 1245 3038 τοῖς
1292 2973 1353 3041 ἐξ
1394 2975 1645 3047 Ἰσραήλ·
1686 2994 1704 3026 ι
1747 2974 1888 3046 Ἤδη

259 3070 321 3124 δὲ
363 3073 400 3141 ἡ
437 3070 597 3140 ἀξίνη
626 3069 764 3141 πρὸς
799 3069 900 3139 τὴν
934 3067 1094 3140 ῥίζαν
1124 3068 1234 3123 τῶν
1267 3068 1500 3142 δένδρων
1536 3071 1734 3124 κεῖται.
1771 3067 1888 3122 Πᾶν

259 3161 366 3220 οὖν
419 3165 640 3237 δένδρον
699 3163 776 3235 μὴ
831 3162 1023 3217 ποιοῦν
1071 3162 1286 3236 καρπὸν
1345 3161 1510 3218 καλὸν
1561 3161 1890 3216 ἐκκόπτεται

262 3258 368 3312 καὶ
399 3258 482 3319 εἰς
512 3256 625 3330 πῦρ
662 3254 942 3326 βάλλεται.
986 3273 1006 3307 ι
1043 3253 1258 3308 Οὐκοῦν
1286 3255 1398 3317 τοῖς
1431 3253 1532 3324 μὲν
1569 3251 1890 3307 ἀπειθοῦσιν

264 3352 554 3424 ἀφόρητος
595 3351 690 3404 καὶ
724 3349 784 3403 ού
817 3347 941 3402 λίαν
968 3345 1148 3410 οίστὸς
1181 3346 1282 3417 τῆς
1316 3363 1374 3400 τε
1417 3346 1623 3400 εἰσόδου
1669 3347 1762 3400 καὶ
1792 3347 1892 3418 τῆς

259 3447 544 3511 ὀπτασίας
589 3444 760 3500 αὑτοῦ
799 3445 1027 3514 γέγονεν
1064 3444 1092 3496 6
1133 3441 1348 3513 καιρός.
1397 3441 1720 3513 Ἡλέγχοντο
1758 3441 1892 3513 γὰρ,

263 3540 347 3604 ὡς
412 3538 573 3592 αὐτοὶ
625 3537 728 3600 τὰς
785 3534 938 3604 σφῶν
993 3531 1304 3598 διολλύντες
1353 3531 1566 3604 ψυχὰς,
1620 3534 1714 3588 καί
1775 3537 1898 3598 ταῖς

264 3631 488 3688 ἑαυτῶν
544 3628 848 3703 ἁμαρτίαις
895 3626 1385 3699 ὲντεθνηξόμενοι,
1434 3627 1526 3680 διά
1575 3643 1657 3680 τοι
1704 3625 1766 3679 τὸ
1819 3626 1895 3698 μὴ

265 3724 501 3780 ἑλέσθαι
528 3726 748 3795 φρονεῖν
792 3720 972 3794 ὀρθῶς
1003 3717 1394 3792 προσήκασθαί
1427 3736 1488 3774 τε
1519 3719 1599 3783 είς
1631 3717 1757 3774 νοῦν
1800 3719 1896 3774 καὶ

269 3819 511 3893 καρδίαν
558 3817 660 3890 τὴν
709 3816 800 3872 διά
853 3816 1096 3886 πίστεως
1140 3815 1433 3886 κάθαρσιν.
1491 3833 1511 3868 ι
1569 3816 1666 3880 Τίς
1711 3814 1894 3868 τοίνυν

269 3914 570 3984 ὑπομενεῖ,
603 3911 794 3984 φησὶν,
819 3909 1037 3981 ἡμέραν
1070 3908 1282 3963 εἰσόδου
1314 3907 1517 3973 αύτοῦ;
1547 3908 1621 3961 Ἦ
1646 3907 1732 3972 τίς
1760 3909 1896 3962 ὐπο-

269 4011 546 4078 στήσεται
579 4007 636 4062 ὲν
672 4008 738 4078 τῇ
781 4003 1020 4077 ὀπτασίᾳ
1043 4002 1263 4072 ⁴αὑτοιῇ
1309 4021 1328 4056 ι
1384 4001 1671 4070 Τουτέστι,
1704 4002 1789 4067 τίς
1828 4001 1895 4075 δὴ

268 4103 390 4175 ἄρα
435 4100 698 4156 τοσοῦτον
747 4097 902 4152 ἔσται
955 4096 1128 4162 δεινός
1169 4113 1231 4150 τε
1281 4097 1376 4150 καὶ
1428 4093 1666 4167 ἀπηνὴς,
1713 4095 1790 4157 ὡς
1835 4095 1896 4151 ὲν

268 4193 463 4266 καιρῷ
507 4192 604 4246 καὶ
653 4190 844 4263 ἡμέρᾳ
888 4188 989 4260 τῆς
1042 4190 1122 4254 είς
1171 4188 1376 4259 κόσμον
1423 4185 1677 4257 είσὸολῆς
1726 4184 1893 4240 αὑτοῦ

270 4289 462 4361 (δῆλον
490 4285 548 4340 δὲ
577 4285 661 4339 ὃτι
697 4283 803 4354 τῆς
836 4281 977 4356 μετὰ
1013 4280 1240 4354 σαρκὸς,
1267 4281 1335 4337 δι’
1360 4275 1428 4354 ἧς
1452 4279 1522 4337 ἂν
1554 4280 1769 4350 γένοιτο
1800 4280 1896 4333 καί⁵

1989 650 2230 708 cundum
2273 657 2526 706 naturam
2558 647 2629 704 sit
2658 644 3090 717 inaspectabilis,
3126 654 3184 701 ιιι
3217 645 3382 711 Deus,
3417 647 3590 704 nostri

1986 743 2348 799 similitudine
2378 752 2682 813 assumpta,
2703 740 3056 813 aspectabilis
3079 741 3275 800 evasit.
3311 739 3428 798 Hoc
3459 741 3590 797 item

1983 835 2278 905 perspicue
2329 832 2633 888 Modulator
2679 840 2808 887 ante
2855 830 3242 901 proclamavit,
3289 831 3342 886 iu
3395 830 3591 902 spiritu

1991 928 2218 984 dicens:
2265 946 2284 980 ι
2319 927 2462 982 Deus
2509 925 2804 982 manifeste
2844 926 3046 991 veniet,
3091 926 3232 982 Deus
3277 936 3488 990 noster,
3537 934 3593 980 et

1989 1037 2098 1078 non
2135 1011 2319 1078 silebit
2345 1021 2447 1076 δ’.»
2484 1013 2643 1086 Nam,
2671 1030 2728 1074 ut
2755 1020 2833 1074 ait
2871 1020 3088 1075 divinus
3110 1017 3374 1082 Joannes,
3407 1037 3426 1071 ι
3457 1017 3594 1074 Ver-

1988 1117 2118 1173 bum
2160 1133 2292 1172 caro
2325 1115 2530 1172 factum
2568 1123 2674 1180 est,
2705 1123 2762 1170 et
2800 1113 3065 1169 habitavit
3097 1114 3152 1169 in
3191 1115 3353 1172 nobis
3373 1115 3442 1177 ⁸ο,
3479 1133 3498 1166 ι
3537 1124 3594 1168 et

1986 1212 2196 1268 factum
2221 1222 2306 1267 est
2330 1211 2382 1266 in
2414 1210 2588 1267 forma
2615 1210 2758 1266 servi
2786 1209 2855 1267 ⁸¹.
2882 1209 2962 1265 Ac
2986 1209 3337 1280 diligentibus
3367 1209 3589 1284 quidem

1988 1306 2494 1362 manifestatiouetn
2548 1305 2666 1375 ejus
2711 1303 2938 1360 minime
2989 1318 3294 1371 onerosus;
3340 1304 3592 1375 quinimo

1988 1399 2231 1454 clemens
2271 1407 2326 1454 et
2371 1409 2690 1454 mansuetus
2728 1395 2849 1462 fuit,
2889 1406 2943 1451 et
2977 1397 3143 1452 vitam
3183 1405 3450 1454 atternam
3486 1399 3593 1455 illis

1989 1493 2314 1564 impertivit.
2361 1492 2438 1548 De
2485 1508 2597 1566 quo
2643 1492 2771 1547 item
2815 1491 2956 1548 Deus
3004 1501 3058 1548 et
3115 1491 3279 1546 Pater
3334 1494 3534 1548 alicubi
3576 1511 3591 1548 :

1997 1603 2016 1636 ι
2054 1583 2192 1640 Ecce
2225 1582 2399 1639 Filius
2429 1599 2583 1639 triens
2613 1583 2870 1649 dilectus,
2907 1583 2958 1637 in
2985 1599 3093 1654 quo
3117 1583 3446 1654 complacui.
3475 1585 3594 1640 Non

1987 1678 2303 1744 contendet,
2359 1692 2536 1747 neque
2576 1677 2860 1744 clamabit,
2911 1692 3089 1748 neque
3143 1681 3398 1735 audietur
3453 1678 3594 1736 foris

1991 1786 2096 1826 vox
2123 1769 2262 1840 ejus.
2303 1771 2643 1826 Arundiuem
2679 1782 2998 1840 quassatam
3037 1787 3143 1826 non
3178 1772 3508 1842 confringet,
3538 1785 3595 1828 et

1992 1866 2162 1921 linum
2203 1865 2479 1936 {nauigans
2521 1881 2628 1922 non
2671 1867 3016 1938 exstinguet;
3072 1868 3168 1923 sed
3214 1869 3268 1922 in
3304 1870 3592 1925 Veritatem

1914 1934 1960 1996 Β
1987 1959 2184 2014 educet
2225 1934 2495 2026 judicium
2538 1959 2608 2016 ⁸³.
2643 1977 2664 2012 ι
2699 1959 2772 2016 At
2810 1934 2958 2016 enim
3000 1959 3232 2016 salutem
3274 1975 3371 2028 per
3414 1961 3592 2030 ipsum

1988 2051 2400 2122 adipiscendam
2448 2051 2898 2123 aspernantibus,
2950 2054 3441 2124 purgationemque
3497 2069 3592 2124 per

1991 2146 2154 2202 [idem
2206 2146 2608 2215 rejicicntibus,
2642 2147 2888 2202 omnium
2947 2148 3214 2204 malorum
3281 2149 3590 2205 l'mdissima

1990 2241 2199 2310 perpeti
2263 2241 2514 2312 contigit.
2579 2239 2871 2297 Perierunt
2922 2243 3072 2297 enim
3127 2242 3335 2298 miseri.
3409 2243 3594 2309 Quare

1990 2333 2155 2389 etiam
2196 2332 2512 2390 iudicarunt
2564 2335 2741 2391 turbis
2781 2335 3042 2391 dicebat:
3079 2354 3098 2388 ι
3128 2341 3302 2392 Amen
3332 2339 3456 2393 dico
3500 2353 3591 2392 vo-

1990 2427 2100 2491 bis,
2138 2428 2240 2484 nisi
2288 2429 2640 2488 credideritis
2686 2429 2813 2498 quia
2854 2445 2956 2500 ego
2997 2446 3142 2496 sum,
3185 2432 3494 2486 moriemini
3537 2432 3592 2487 in

1990 2523 2238 2592 peccatis
2262 2523 2459 2579 vestris
2483 2524 2553 2581 ⁸⁸.
2583 2543 2602 2577 ι
2628 2524 2693 2580 Ει
2713 2525 2912 2580 alicubi
2932 2523 3168 2580 Joannes
3195 2541 3210 2580 :
3239 2543 3258 2577 I
3291 2525 3390 2593 Qui
3421 2527 3599 2581 credit

1992 2615 2046 2670 iu
2068 2613 2288 2681 Fllilllll,
2319 2632 2425 2672 non
2451 2617 2760 2687 judicatur;
2791 2617 2884 2688 qui
2911 2627 3092 2674 autem
3119 2635 3226 2673 non
3252 2621 3451 2686 credit,
3477 2619 3596 2687 jam

1985 2711 2267 2778 judicatus
2293 2721 2401 2778 est,
2432 2713 2562 2782 quia
2587 2728 2692 2767 non
2723 2714 2958 2769 credidit
2992 2713 3046 2768 iu
3083 2715 3305 2769 nomine
3331 2715 3596 2786 unigeniti

1991 2803 2034 2860 Ε
2036 2807 2116 2861 iiii
2151 2806 2248 2860 Dei
2272 2805 2340 2860 “.
2377 2824 2402 2860 ,ι
2435 2806 2584 2861 Dixit
2610 2805 2875 2862 Israelitis
2901 2822 3121 2877 quoque
3147 2827 3160 2862 :
3191 2827 3209 2859 ι
3237 2807 3358 2864 lam
3384 2809 3600 2863 securis

1993 2899 2064 2954 ad
2107 2899 2348 2955 radicem
2379 2901 2638 2956 arborum
2670 2902 2846 2970 posita
2881 2911 2988 2956 est.
3027 2900 3223 2958 Omnis
3256 2903 3402 2955 enim
3430 2901 3598 2956 arbor

1993 3010 2118 3066 qua:
2163 3010 2271 3051 non
2319 2995 2451 3052 facit
2502 2996 2741 3051 fructum
2804 2996 3032 3058 bonum,
3083 2997 3370 3052 excidetur
3425 3006 3480 3052 et
3543 2998 3595 3051 in

1996 3091 2176 3162 ignem
2203 3092 2452 3146 mittetur
2471 3093 2542 3148 ⁸⁵.
2573 3109 2592 3145 ι
2615 3093 2916 3148 Incredulis
2940 3108 3073 3163 ergo
3097 3102 3314 3163 tempus
3334 3093 3596 3148 introitus

1994 3195 2051 3239 et
2101 3184 2330 3240 visionis
2371 3183 2491 3252 ejus
2543 3183 2884 3240 intolerabile
2935 3195 2990 3240 et
3046 3199 3239 3255 parum
3311 3183 3598 3240 ferendum

1919 3305 1962 3364 ρ
1999 3278 2218 3334 accidit.
2278 3278 2844 3347 Repreln-ndebantur
2891 3279 3070 3342 enim,
3117 3287 3304 3348 utpote
3359 3279 3451 3348 qui
3501 3277 3603 3350 ipsi

1998 3389 2130 3428 suas
2161 3373 2378 3427 animas
2405 3373 2718 3442 perderent,
2748 3381 2804 3426 et
2831 3373 2882 3425 in
2918 3371 3158 3442 peccatis
3190 3372 3302 3426 suis
3326 3372 3603 3438 morituri,

1999 3466 2127 3535 quia
2159 3465 2297 3521 bene
2322 3479 2538 3534 sapere,
2569 3474 2626 3520 et
2657 3464 2711 3518 in
2743 3465 2987 3518 animum
3014 3471 3176 3533 atque
3197 3479 3296 3519 cor
3322 3465 3602 3534 purgatio-

2001 3573 2125 3615 nem
2163 3574 2260 3628 per
2287 3560 2447 3612 tidem
2475 3558 2767 3614 admittere
2789 3560 3184 3613 detrectarent.
3217 3557 3386 3628 852
3421 3577 3439 3610 ι
3467 3559 3604 3625 Quis

2001 3652 2168 3722 igitur
2201 3651 2514 3717 sustinebit,
2557 3651 2758 3722 inquit,
2813 3653 2957 3707 diem
2993 3655 3262 3706 adventus
3305 3651 3461 3721 ejus?
3498 3653 3607 3706 Aut

2002 3747 2126 3816 quis
2153 3746 2447 3801 sustinebit
2480 3745 2532 3799 in
2562 3746 2775 3800 visione
2799 3743 2958 3813 ejus?
2991 3765 3010 3796 ι
3037 3745 3150 3800 Hoc
3176 3754 3280 3808 est,
3311 3746 3436 3814 quis
3469 3747 3606 3801 adeo

2000 3837 2174 3893 durus
2198 3847 2256 3892 et
2281 3837 2526 3901 immitis,
2559 3847 2618 3890 ut
2643 3847 2886 3907 tempore
2908 3848 2961 3893 et
2983 3838 3074 3894 die
3106 3837 3224 3908 ejus
3254 3839 3305 3892 in
3341 3840 3603 3893 mundum

2005 3930 2284 4002 ingressus
2317 3932 2473 4003 (cum
2507 3947 2675 3987 carne
2711 3933 2984 3994 videlicet,
3031 3948 3128 4002 per
3158 3946 3321 4002 quam
3366 3941 3422 3987 et
3456 3935 3604 4002 tangi

2005 4039 2102 4078 seu
2136 4026 2308 4080 videri
2333 4027 2546 4097 possit)
2578 4025 2884 4082 subsistere
2926 4025 3162 4081 infracto
3193 4027 3377 4082 animo
3401 4028 3609 4096 queat?

2003 4115 2270 4172 Punietur
2317 4119 2504 4188 itaque
2545 4119 2900 4180 omnimodis,
2957 4127 3014 4174 et
3058 4117 3290 4174 acerbas
3337 4118 3608 4174 vecordiae

2003 4222 2116 4262 sua:
2139 4221 2332 4278 patrias
2367 4207 2498 4263 luet.

267 4379 482 4443 ἁπτὸς,
508 4377 682 4448 ἠγουν
725 4373 945 4447 ὁρατὸς)
987 4373 1292 4444 ὑποστῆναί
1321 4390 1382 4427 τε
1431 4373 1530 4427 καὶ
1574 4371 1900 4444 ἁθραύστως
1939 4371 2114 4446 ἔχεινς
2148 4375 2564 4447 Κολασθήσεται
2633 4373 2728 4430 οὖν
2772 4375 2950 4446 πάντη
3014 4392 3076 4430 τε
3116 4377 3208 4430 καὶ
3239 4375 3480 4440 πάντως,
3516 4375 3610 4428 καὶ

266 4472 490 4542 πικρὰς
517 4469 619 4539 τῆς
653 4466 918 4528 ἀπονοίας
958 4467 1176 4519 ἀποτιεϊ
1211 4465 1386 4529 δίκας.

347 4523 515 4617 43.5};
553 4523 741 4625 ἀύτὸς
767 4559 1184 4637 εἰσπορεύεται
1223 4559 1312 4626 ὠς-
1336 4559 1458 4629 πῦρ
1483 4523 1899 4630 χωνευιτηρίου

2084 4557 2249 4612 γης.
2286 4557 2340 4611 3.
2377 4553 2518 4622 Quia
2557 4554 2668 4624 ipse
2691 4553 3018 4624 ingredietur
3038 4555 3195 4621 quasi
3222 4556 3359 4622 ignis
3404 4525 3608 4627 conﬂa-

269 4657 383 4711 καὶ
415 4655 498 4722 ὠς
530 4655 652 4708 πόα
699 4652 1085 4706 πλυνόντων.
1129 4651 1432 4707 Καθιεῖται
1469 4653 1756 4722 χωνεύων
1799 4647 1900 4704 καὶ

267 4745 638 4819 καθαρίζων,
685 4745 768 4812 ὠς
801 4742 870 4798 τὸ
908 4745 1198 4815 ἀργύριον
1243 4747 1343 4799 καὶ
1375 4745 1458 4811 ὡς
1497 4743 1565 4800 τὸ
1615 4743 1897 4815 χρυσίον,

269 4841 384 4897 καὶ
438 4838 758 4907 καθαρίσει
792 4835 938 4902 τοὺς
976 4835 1152 4903 υἱοὺς
1187 4838 1355 4900 Δευῒ,
1386 4837 1487 4892 καὶ
1519 4836 1650 4910 χεεῖ
1673 4835 1898 4903 αὐτοὺς
1919 4871 1932 4882 .

268 4936 496 5003 ὥσπερ
525 4934 592 4986 τὸ
626 4932 890 5001 χρυσίον
920 4931 1019 4986 καὶ
1050 4929 1118 4986 τὸ
1152 4932 1458 5004 ἀργύριον.

349 5029 483 5083 AA'.
529 5024 835 5096 Πεποίηται
873 5021 974 5094 μὲν
1009 5025 1068 5081 ὲν
1113 5025 1328 5090 τούτοις
1359 5026 1437 5090 ὡς
1477 5025 1538 5092 ἐξ
1581 5029 1902 5101 ὁμοιότητος

276 5121 396 5175 τῶν
448 5116 575 5171 καθ’
622 5118 770 5189 ἡμᾶς
803 5116 1150 5188 πραγμάτων
1201 5119 1231 5170 ὁ
1279 5117 1460 5186 λόγος,
1491 5119 1808 5194 ἀπόρρητον
1845 5120 1904 5176 δι

281 5209 600 5286 μυστηρίου
627 5209 864 5284 δήλωσιν
895 5209 1268 5281 είσκομίσειεν
1310 5211 1382 5265 ἂν
1409 5214 1523 5278 τοῖς
1553 5213 1905 5286 νουνεχεστέ-

277 5324 431 5382 ροις.
473 5304 745 5379 Ἀργύρου
781 5304 880 5377 μὲν
912 5304 1024 5376 γὰρ
1055 5305 1151 5359 καὶ
1176 5303 1408 5377 χρυσίου
1441 5306 1725 5363 ποιοῦνται
1753 5307 1902 5363 δοκι-

277 5405 506 5478 μασίαν
531 5406 584 5458 οἱ
615 5401 791 5458 ταῦτα
818 5403 996 5472 σοφοὶ,
1027 5401 1163 5474 πυρὶ
1193 5401 1605 5474 κατατήκονςες
1631 5404 1745 5458 πᾶν
1779 5404 1904 5458 ὅσον

270 5503 344 5566 ,ὲν
376 5498 570 5560 αὐτοῖς
600 5498 718 5550 ἐστι
745 5492 1002 5565 κίϐδηλόν
1027 5509 1091 5548 τε
1123 5493 1219 5547 καὶ
1247 5492 1672 5562 ἀκαλλέστερον.
1697 5493 1820 5566 Πῦρ
1846 5493 1906 5548 δὲ

273 5592 348 5647 τὸ
381 5589 532 5644 θεῖον
576 5585 670 5642 καὶ
719 5584 1036 5659 οὐρανόθεν,
1085 5582 1360 5650 τουτέστι,
1390 5584 1424 5654 ἡ
1475 5583 1564 5636 διὰ
1604 5581 1696 5638 cui
1747 5583 1907 5651 ἁγίου

276 5686 622 5759 Πνεύματος
668 5685 853 5757 χάρις,
905 5682 1030 5738 καθ’
1072 5683 1140 5746 ἣν
1176 5683 1256 5747 ,ἂν
1306 5681 1520 5751 γένοιτο
1559 5682 1652 5740 καὶ
1693 5681 1906 5748 ζῶντας

360 5889 414 5919 *τ’
453 5884 600 5940 Psztl.
629 5899 779 5956 κιιιι,
807 5883 910 5956 ἵκῃ
940 5882 993 5956 ff
1020 5879 1179 5956 Joan.
1226 5880 1392 5956 1,,[4.
1456 5883 1498 5916 ⁸⁸
1528 5882 1760 5956 Philipp.
1798 5900 1855 5950 ιι,
1889 5883 1942 5937 7.

283 5960 338 5996 ⁸⁸
366 5957 544 6016 Juan.’
574 5972 656 6021 ιιι,
687 5953 773 6007 i8.
866 5953 912 5985 "
940 5951 1126 6007 Matth.
1162 5968 1247 6013 ιιι.
1279 5952 1368 6008 10.

2008 4654 2132 4708 torii
2175 4662 2225 4708 et
2269 4652 2419 4724 quasi
2455 4651 2617 4706 herba
2661 4650 2984 4712 lavantium.
3037 4647 3250 4709 Sedebit
3292 4651 3529 4718 can/Iam
3562 4661 3613 4705 ct

2008 4748 2330 4811 emundans,
2363 4747 2504 4801 sicut
2531 4756 2808 4815 argentum
2838 4753 2886 4798 et
2909 4744 3047 4800 sicut
3073 4760 3265 4797 aurum
3291 4758 3308 4796 .'
3347 4753 3395 4798 et
3427 4761 3604 4814 ξιιιιιιι·

2007 4839 2154 4893 dabit
2199 4839 2342 4908 ﬁlios
2379 4836 2532 4902 Levi,
2573 4848 2620 4891 et
2644 4835 2880 4906 eﬂ'undet
2916 4852 3005 4891 eos
3035 4837 3170 4890 sicut
3206 4852 3400 4889 aurum
3433 4845 3481 4889 et
3521 4853 3612 4889 ar-

2002 4944 2236 5002 gemam.

2080 5022 2325 5080 XXXIV.
2369 5023 2446 5080 Ex
2475 5021 2838 5078 similitudine
2863 5034 3043 5075 rerum
3073 5032 3389 5078 nostrarum
3428 5035 3614 5084 sermo

2009 5120 2270 5187 'rahitur,
2307 5127 2364 5172 et
2404 5115 2594 5172 arcani
2635 5114 2921 5185 cujusdam
2967 5116 3216 5188 mysterii
3249 5117 3613 5188 signiﬁcatio-

2008 5229 2136 5270 nem
2167 5211 2570 5284 complectitur,
2605 5211 2652 5266 si
2682 5211 2807 5281 quis
2839 5211 2984 5268 dicta
3027 5211 3327 5281 prudenter
3356 5222 3617 5268 excutere

2011 5309 2176 5366 norit.
2219 5307 2524 5379 Argentum
2559 5305 2710 5362 enim
2747 5313 2805 5360 et
2842 5319 3037 5360 aurum
3074 5305 3308 5374 probant
3343 5317 3440 5358 seu
3483 5317 3614 5358 sxa.

2015 5404 2229 5458 mittant
2253 5415 2436 5456 rerum
2471 5400 2698 5455 istarum
2723 5397 2884 5468 periti
2911 5383 3178 5463 artiﬁces,
3202 5395 3328 5467 igne
3349 5395 3614 5465 collique-

2014 5497 2281 5552 facientes
2319 5508 2373 5551 et
2397 5502 2796 5552 constituentes
2833 5491 3100 5562 quidquid
3137 5493 3190 5546 in
3232 5490 3364 5561 ipsis
3400 5487 3616 5552 adulto,

2015 5592 2195 5645 riuum
2237 5601 2292 5645 et
2332 5589 2614 5644 sordidum
2651 5596 2756 5642 est.
2805 5585 3030 5640 Divinus
3060 5593 3242 5639 autem
3286 5592 3344 5642 et
3375 5579 3645 5644 caelestis

2015 5685 2184 5755 ignis,
2230 5683 2335 5740 hoc
2371 5692 2477 5748 est,
2523 5681 2701 5753 gratia
2746 5695 2844 5750 per
2878 5679 3144 5748 Spiritum
3195 5687 3468 5741 sanctum,
3509 5690 3616 5746 qua

2050 5887 2094 5924 ι’
2127 5882 2225 5941 Isa.
2258 5897 2396 5954 aut,
2425 5881 2550 5946 1-5;
2585 5879 2780 5936 Matth.
2810 5895 2909 5943 xu,
2945 5879 3036 5935 18.
3109 5879 3157 5912 ⁸³
3183 5879 3338 5935 Joau.
3369 5887 3486 5946 vui,
3521 5879 3616 5934 ιιι.
