4098 6466
502 405 608 485 ssi

1538 423 1596 482 S.
1639 423 1916 481 CYlllLLl
1958 424 2434 484 ALEXANDle
2473 430 2799 486 ARClllE-P.

3695 433 3804 489 τεο

502 551 775 624 possimus
805 549 971 606 etiam
1007 549 1252 606 viventes
1278 562 1377 605 nos
1408 548 1460 604 iu
1484 549 1678 622 spiritu
1703 554 2098 618 consummari,

2209 554 2352 624 ἡμᾶς
2383 554 2766 609 ἀποτελεῖσθαι
2799 553 2876 626 τῷ
2912 553 3212 626 Πνεύματι,
3237 553 3367 608 ὅταν
3394 554 3474 620 είς
3507 553 3634 609 νοῦν
3667 558 3804 610 x26-

502 644 575 707 si,
595 643 813 700 Christo
833 641 1104 698 immitten
1115 652 1186 708 te,
1206 641 1259 696 in
1279 649 1516 696 mentem
1539 651 1705 712 atque
1721 655 1817 697 cor
1833 651 2104 712 penetret,

503 750 659 805 tunc,
710 736 991 802 nimirum,
1044 744 1174 791 tunc
1215 749 1434 790 omnem
1487 735 1700 806 peccati
1752 735 1990 791 scoriam
2039 751 2102 789 es

505 829 800 898 praeteritis
848 827 1094 898 lapsibus
1150 834 1496 882 contractam
1537 827 1756 882 deterit.
1794 827 1974 896 Atque
2029 825 2105 880 ita

492 917 772 993 purgatos
801 921 969 977 etiam
1000 919 1420 992 probatissimos
1448 919 1651 985 reddit,
1675 928 1727 974 ct
1755 929 1964 973 tantum
1997 933 2104 972 non

505 1015 778 1085 spirituali
829 1013 1066 1086 quodam
1117 1013 1280 1068 modo
1328 1011 1490 1066 aliter
1523 1009 1593 1066 ad
1642 1010 1940 1065 novitatem
1984 1009 2107 1065 vitae

506 1109 753 1175 tabricat,
791 1119 847 1164 et
881 1122 1007 1161 vasa
1039 1105 1298 1175 deinceps
1330 1104 1564 1174 insignia
1593 1113 1648 1158 et
1681 1101 2018 1158 sanctiﬁcata
2051 1109 2108 1158 et

503 1201 560 1256 in
601 1200 864 1255 honorem
905 1206 1222 1267 comparata
1261 1205 1316 1250 et
1361 1211 1574 1268 magna:
1625 1195 1842 1262 domui,
1880 1195 1984 1250 hoc
2025 1202 2108 1252 est

503 1294 782 1358 Ecclesiae,
813 1293 974 1348 utilia
1013 1290 1177 1347 ellicit
1204 1290 1273 1345 ".
1306 1308 1324 1341 ι
1368 1288 1508 1346 Hinc
1538 1290 1748 1345 scilicet
1777 1289 2020 1344 divinum
2054 1297 2110 1344 et

503 1387 604 1442 sub
629 1385 1051 1457 intelligentiam
1082 1385 1369 1440 cadentem
1403 1383 1583 1454 ignem
1615 1392 1840 1437 sanctus
1866 1381 2106 1437 Joannes

503 1481 854 1553 signiﬁcavit,
882 1495 1002 1534 cum
1025 1481 1230 1535 diceret
1254 1497 1270 1536 :
1303 1497 1322 1530 ι
1353 1479 1467 1550 Ego
1494 1478 1712 1547 baptizo
1739 1493 1836 1533 vos
1863 1477 1916 1531 in
1941 1493 2103 1548 aqua.

503 1571 633 1626 Post
676 1584 764 1625 me
805 1568 987 1624 veniet
1024 1569 1122 1633 vir,
1166 1567 1325 1637 cujus
1365 1583 1471 1622 non
1499 1582 1620 1622 sum
1652 1567 1848 1637 dignus
1885 1577 1941 1621 ut
1975 1581 2106 1636 pro-

505 1665 773 1720 cumbens
803 1662 1012 1717 solvam
1051 1661 1344 1730 corrigiam
1391 1660 1747 1716 calceamenti
1794 1660 1932 1730 ejus.
1991 1657 2109 1728 Ipse

501 1771 600 1812 vos
623 1755 920 1826 haptizabit
939 1755 989 1808 in
1011 1753 1216 1824 Spiritu
1236 1763 1427 1809 sancto
1445 1765 1498 1808 et
1518 1754 1703 1823 igni".
1720 1773 1738 1806 ι
1764 1752 2108 1807 Meminimus

503 1861 558 1905 et
580 1849 854 1905 Christqu
881 1849 1062 1903 dicere
1091 1869 1101 1902 :
1138 1867 1156 1899 ι
1188 1847 1372 1919 lguem
1402 1849 1524 1904 veni
1550 1849 1768 1903 mittere
1792 1848 1845 1902 in
1874 1857 2098 1912 terram,

2209 647 2379 699 ίκοιτο
2413 645 2508 700 καὶ
2555 647 2806 717 καρδίαν,
2840 647 3074 710 ὲνιέντος
3115 647 3376 719 Χριστοῦ,
3403 647 3524 702 τότε
3562 649 3648 721 δὴ,
3680 651 3805 705 τότε

2203 737 2386 792 πάντα
2415 738 2515 808 μὲν
2542 739 2636 792 τὸν
2662 738 2720 804 ἐξ
2751 739 3026 810 ἁμαρτίας
3053 741 3348 812 διασμήχει
3376 739 3566 812 ῥύπον,
3591 743 3684 794 καὶ
3714 742 3808 796 τὸν

2207 830 2269 883 ἐκ
2298 829 2406 883 τῶν
2447 831 2546 902 ᾖδη
2582 832 3072 904 προεπταισμένων
3093 831 3311 904 δαπανᾷ
3348 832 3647 904 μολυσμόν.
3694 835 3807 886 Κε-

2203 921 2588 993 καθσρμενους
2612 940 2671 977 τε
2697 923 2840 978 οὕτω
2867 925 2962 978 καὶ
2987 924 3395 996 δοκιμωτάτους
3419 927 3548 990 τοὺς
3577 926 3805 998 ἔχοντας

2205 1015 2479 1081 ἀποτελεῖ,
2523 1015 2616 1068 καὶ
2663 1014 2944 1085 μονονουχὶ
2977 1015 3374 1086 μεταχαλκεύει
3412 1017 3618 1086 νοητῶς
3664 1019 3804 1089 πρὸς

2205 1108 2536 1179 καινοτάτην
2567 1107 2733 1178 ζωὴν,
2763 1108 2857 1160 καὶ
2899 1107 3068 1178 σκεύη
3102 1108 3288 1161 λοιπὸν
3332 1109 3626 1179 ἀποφαίνει
3659 1109 3805 1179 λαμο

2209 1199 2324 1269 πρὰ
2367 1201 2461 1253 καὶ
2494 1199 2806 1271 ἡγιασμένα
2843 1200 2940 1252 καὶ
2978 1203 3058 1264 εἰς
3105 1201 3272 1272 τιμὴν
3317 1203 3806 1273 κατεσκευασμένα

2205 1295 2349 1364 οἰκίᾳ
2382 1309 2443 1347 τε
2478 1295 2545 1362 τῆ
2592 1294 2805 1367 μεγάλῃ
2843 1296 3114 1366 χρήσιμα,
3144 1297 3429 1350 τουτέστιν
3459 1300 3525 1368 τῇ
3568 1297 3806 1369 Ἐκκλη-

2209 1383 2321 1456 σίᾳ.
2354 1386 2526 1439 Τούτο
2549 1385 2612 1456 δὴ
2644 1385 2704 1439 τὸ
2726 1385 2865 1439 θεῖόν
2894 1403 2954 1440 τε
2982 1389 3074 1440 καὶ
3105 1389 3296 1458 νοητὸν
3321 1391 3669 1458 κατεσήμανε
3693 1389 3807 1461 πῦρ

2206 1477 2235 1528 6
2264 1477 2552 1542 θεσπέσιος
2588 1478 2863 1550 Ἰωάννης,
2893 1479 3067 1548 λέγων
3089 1496 3102 1509 ·
3139 1499 3158 1532 ι
3212 1479 3353 1549 Ἐγὼ
3381 1481 3628 1552 βαπτίζω
3658 1483 3807 1552 ὑμᾶς

2207 1571 2266 1623 ὲν
2315 1569 2489 1626 ὕδατι.
2551 1572 2756 1625 Ὀπίσω
2812 1589 2914 1644 μου
2957 1573 3178 1645 ἔρχεται
3223 1574 3384 1646 ἀνὴρ,
3431 1570 3492 1629 οὗ
3543 1576 3645 1628 οὐκ
3689 1577 3805 1646 εἰμὶ

2211 1661 2394 1725 ἱκανὸς
2423 1663 2509 1715 ἵνα
2541 1663 2719 1732 κύψας
2755 1662 2905 1717 λύσω
2933 1665 3023 1718 τὸν
3049 1666 3248 1734 ἱμάντα
3288 1666 3397 1719 τῶν
3439 1667 3806 1738 ὑποδημάτων

2207 1754 2396 1810 αὐτοῦ.
2430 1756 2604 1819 Αὐτὸς
2644 1757 2789 1827 ὑμᾶς
2831 1757 3086 1826 βαπτίσει
3123 1759 3179 1810 ὲν
3211 1758 3492 1829 Πνεύματι
3525 1759 3664 1830 ἁγίῳ
3709 1761 3806 1812 καὶ

2209 1849 2363 1916 πυρί.
2403 1867 2421 1900 ι
2456 1847 2801 1918 Μεμνὴμεθα
2829 1848 2886 1901 δὲ
2921 1852 3014 1902 καὶ
3040 1849 3205 1902 αὑτοῦ
3245 1850 3496 1919 λέγοντος
3535 1853 3629 1905 τοῦ
3670 1853 3808 1924 Χρι⁴

505 1953 560 1997 et
587 1941 720 2014 quid
757 1940 906 2005 volo,
947 1941 1056 1996 nisi
1097 1951 1154 1995 ut
1191 1939 1525 1996 accendatur
1549 1939 1632 1993 "‘l
1662 1959 1682 1992 ι
1725 1940 1931 2010 Itaque,
1969 1955 2104 2009 quo-

2209 1939 2337 1992 στοῦ
2360 1956 2372 1967 ·
2411 1958 2427 1991 ι
2465 1939 2584 2009 Πῦρ
2606 1935 2769 2010 ἦλθον
2794 1938 3009 2008 βάλλειν
3041 1941 3133 1993 ἐπὶ
3161 1941 3259 2012 τὴν
3290 1940 3417 2010 γῆν,
3445 1941 3539 1993 καὶ
3560 1941 3612 1993 τί
3641 1941 3806 2003 θέλω,

504 2037 649 2091 niam
676 2035 938 2091 Israelita
976 2034 1291 2090 Levitarum
1324 2033 1722 2088 immunditiam
1753 2033 1869 2088 sive
1896 2033 2098 2102 iniqui-

503 2139 664 2184 tatem
697 2142 803 2182 non
827 2125 944 2181 leve
975 2123 1392 2180 fundamentqu
1416 2123 1718 2193 ponebant,
1738 2122 1847 2177 imo
1865 2121 2098 2192 perillos

499 2223 880 2277 universorum
915 2219 1084 2275 Deum
1122 2219 1341 2272 irritare
1373 2232 1480 2272 non
1517 2216 1864 2281 desinebant,
1901 2226 2100 2270 contu-

501 2315 724 2371 meliose
766 2313 1054 2380 loquentes
1079 2319 1136 2365 et
1158 2309 1344 2364 dicere
1383 2322 1492 2363 non
1520 2317 1773 2362 verentes
1805 2323 1820 2360 :
1856 2325 1877 2357 s
1911 2305 2100 2362 Omnis

499 2409 591 2479 qui
626 2406 760 2462 facit
792 2403 1018 2468 malum,
1052 2403 1255 2458 bonum
1293 2415 1480 2455 coram
1516 2398 1632 2464 illo,
1673 2407 1727 2453 et
1756 2399 1808 2452 in
1849 2398 1956 2455 illis
1983 2398 2101 2469 ipse

500 2500 605 2556 sibi
625 2495 981 2568 complacuit,
998 2507 1054 2549 et
1074 2492 1164 2548 ubi
1191 2502 1275 2548 est
1297 2493 1439 2547 Deus
1451 2491 1780 2561 iustitiae"?
1804 2511 1822 2543 ι
1855 2491 2100 2561 ριωᾶὶοἱι

501 2591 706 2647 utiliter
750 2589 987 2660 quodam
1025 2596 1270 2657 tempore
1299 2584 1622 2640 aﬂ'ulsurum
1670 2584 1971 2649 Christum,
2007 2583 2098 2654 qui

503 2691 784 2753 peccatum
831 2693 994 2736 omne
1041 2688 1288 2732 nostrum
1331 2692 1366 2732 e
1408 2675 1587 2731 medio
1631 2674 1789 2739 tollit,
1839 2673 2006 2744 853
2047 2682 2100 2728 et

501 2773 815 2830 sacerdotes
844 2785 978 2828 suos
1011 2769 1343 2840 purissimos
1371 2767 1566 2832 reddit,
1599 2781 1803 2838 eosque
1823 2774 1882 2820 ut
1908 2782 2100 2820 aurum

500 2879 595 2922 aut
611 2875 894 2938 argentum
914 2866 967 2918 in
990 2864 1112 2934 igne
1131 2862 1348 2932 probat,
1370 2861 1488 2916 sive
1501 2862 1764 2930 probatos
1785 2869 1841 2915 et
1865 2859 2101 2914 illustres

505 2961 685 3018 reddit
719 2960 788 3016 ⁸⁸.
834 2957 988 3014 Tales
1026 2957 1172 3012 enim
1209 2953 1466 3010 Ecclesia:
1506 2955 1822 3008 sacerdotes
1859 2951 2100 3006 utiiversi

501 3055 704 3111 debent
728 3065 873 3116 esse,
891 3047 1403 3122 quibusliceatjure
1434 3047 1639 3116 optimo
1667 3059 1937 3116 usurpare
1966 3043 2100 3098 illud

505 3146 856 3201 Davidieum:
890 3163 910 3196 s
938 3141 1188 3199 Prohasti
1223 3155 1342 3208 uos,
1384 3139 1559 3206 Deus;
1599 3140 1722 3210 igne
1754 3154 1853 3194 nos
1887 3137 2098 3192 exami-

503 3240 645 3296 nasti
679 3250 737 3294 ut
767 3235 1073 3291 examinari
1103 3234 1240 3290 solet
1260 3244 1546 3305 argentum
1577 3234 1679 3288 σι.»
1707 3231 1858 3287 Filiis
1881 3232 2100 3302 quidem

2207 2031 2256 2082 εί
2291 2029 2390 2102 ἤδη
2427 2029 2678 2102 ἁνήφθη;
2721 2050 2738 2083 ι
2774 2030 3004 2096 Οὐκοῦν,
3038 2032 3268 2104 ἐπείπερ
3296 2034 3345 2085 οἱ
3369 2033 3426 2098 ἐξ
3455 2034 3687 2103 αἵματος
3709 2034 3809 2086 τοῦ

2208 2122 2266 2190 ἐξ
2311 2122 2529 2194 Ἰσραὴλ
2552 2125 2652 2194 τῆς
2691 2122 2802 2176 τῶν
2826 2124 3068 2177 Λευῖτῶν
3097 2126 3463 2197 ἀκαθαρσίας,
3491 2128 3657 2198 ἧγουν
3685 2129 3808 2181 duit-

2208 2215 2357 2279 κίας,
2387 2213 2449 2266 ού
2482 2215 2710 2285 μετρίαν
2731 2214 3012 2268 ἐποιοῦντο
3036 2215 3136 2286 τὴν
3162 2215 3489 2286 καταϐολὴν,
3517 2217 3719 2285 μᾶλλον
3750 2217 3809 2270 δὲ

2206 2307 2274 2361 δι’
2309 2307 2553 2372 ἐκείνους
2588 2307 3024 2380 παροτρύνοντες
3072 2308 3341 2362 διετέλουν
3386 2309 3477 2362 τὸν
3509 2310 3616 2363 τῶν
3666 2310 3810 2363 ὅλων

2207 2394 2362 2459 Θεὸν,
2396 2395 2732 2468 παλίμφημά
2765 2414 2825 2449 τε
2855 2397 3148 2462 λαλοῦντές
3171 2416 3293 2454 τινα
3331 2400 3424 2453 καὶ
3451 2399 3812 2470 ἀποτολμῶν·

2207 2502 2298 2552 τες
2335 2487 2517 2558 λέγειν
2543 2505 2558 2520 ο
2611 2508 2630 2542 ι
2680 2490 2796 2554 Πᾶς
2840 2491 3008 2545 ποιῶν
3053 2492 3308 2564 πονηρὸν,
3360 2493 3524 2548 καλὸν
3574 2493 3810 2547 ἐνώπιον

2208 2580 2396 2644 αὑτοῦ,
2439 2581 2535 2634 καὶ
2559 2583 2618 2635 ὲν
2663 2583 2849 2647 αὐτοῖς
2875 2583 3040 2648 αὐτὸς
3064 2585 3354 2655 ηὐδόκησε,
3395 2587 3490 2640 καὶ
3521 2586 3620 2640 ποῦ
3658 2589 3808 2640 ἔστιν

2207 2672 2236 2724 6
2269 2672 2400 2737 Θεὸς
2448 2673 2547 2744 τῆς
2596 2673 2984 2746 δικαιοσύνης;
3039 2695 3057 2727 ι
3111 2677 3482 2748 προαγορεύε(
3517 2679 3810 2749 χρησίμως

2207 2765 2290 2820 ὃτι
2324 2767 2468 2823 κατὰ
2496 2768 2721 2840 καιροὺς
2751 2767 3053 2840 ὲπιλάμψει
3076 2769 3332 2840 Χριστὸς,
3363 2771 3391 2822 6
3437 2772 3616 2824 πᾶσαν
3646 2773 3810 2842 ἡμῶν

2207 2861 2307 2930 τὴν
2340 2861 2617 2932 ἁμαρτίαν
2649 2862 2713 2914 ὲκ
2753 2862 2920 2932 μέσου
2955 2861 3146 2926 τιθεὶς,
3181 2863 3274 2916 καὶ
3308 2864 3617 2933 πανάγνους
3660 2866 3808 2917 ἁπο-

2207 2951 2379 3007 τελῶν
2429 2953 2554 3015 τοὺς
2602 2953 2762 3015 ἰδίους
2814 2954 3166 3025 ἱερουργοὺς,
3218 2955 3310 3006 καὶ
3359 2948 3470 3008 οἷον
3527 2958 3728 3026 χρυσὸν
3773 2955 3808 3026 ἢ

2208 3046 2449 3117 ἄργυρον
2489 3046 2548 3099 ἐν
2580 3047 2714 3118 πυρὶ
2754 3045 3069 3116 δοκιμάζων
3116 3048 3334 3110 αὐτοὺς,
3381 3048 3500 3120 ἤτοι
3544 3049 3810 3119 δοκίμους

2209 3137 2492 3191 ἀποτελῶν
2543 3138 2638 3192 καὶ
2692 3137 3241 3211 λελαμπρυσμένους.
3291 3139 3534 3192 Τοιοῦτοι
3584 3142 3693 3209 γὰρ
3727 3143 3810 3204 ὼς

2210 3230 2414 3283 ἐπίπαν
2443 3231 2545 3299 τῆς
2586 3230 2915 3301 Ἐκκλησίας
2961 3233 3010 3284 οἱ
3052 3231 3378 3303 λειτουργοῒ,
3408 3227 3488 3295 οἷς
3535 3231 3598 3286 ἂν
3625 3235 3810 3304 ἁρμό.

503 3333 686 3386 Aaron
738 3338 1016 3398 gestamen
1054 3337 1173 3381 erat
1221 3326 1359 3381 stola
1409 3325 1621 3395 legibus
1664 3324 1983 3395 praescripta
2034 3325 2100 3378 ".

2210 3338 2344 3388 σειε,
2379 3322 2474 3376 καὶ
2518 3322 2664 3393 μάλα
2693 3325 2940 3388 εἰκότως,
2980 3326 3159 3377 ἐκεῖνο
3191 3327 3368 3379 εἰπεῖν
3397 3326 3459 3379 τὸ
3501 3325 3590 3379 διὰ
3618 3328 3774 3394 φωνῆ
3783 3344 3809 3390 ς

507 3422 742 3478 Seleetis
787 3430 968 3475 autem
1010 3419 1064 3474 in
1100 3417 1326 3473 Christo
1351 3426 1406 3473 et
1443 3416 1752 3472 sacerdotio
1795 3416 2100 3482 destinatis,

506 3518 884 3581 indumentum
932 3511 1314 3582 splendidum,
1341 3509 1682 3565 sacerdotale
1725 3518 1781 3563 et
1821 3517 2099 3575 sanctum,

505 3606 760 3662 Christus
792 3605 929 3674 ipse.
967 3601 1338 3670 Quamobrem
1379 3610 1434 3656 et
1463 3615 1560 3670 per
1601 3601 1772 3669 lyram
1813 3599 2102 3656 Psallentis

507 3703 648 3756 licus
704 3708 759 3753 et
815 3695 980 3751 Pater
1035 3694 1102 3750 dc
1159 3693 1405 3749 Ecclesia
1452 3707 1516 3747 es
1566 3691 1818 3762 gentibus
1877 3691 2100 3746 aiebat:

508 3816 528 3844 ι
562 3791 889 3848 Sacerdotes
922 3789 1040 3858 ejus
1085 3787 1306 3842 induam
1355 3785 1620 3853 salutem,
1661 3795 1714 3840 et
1765 3785 1939 3841 sancti
1985 3785 2105 3856 ejus

506 3885 869 3941 exsultatione
915 3879 1273 3937 exsultabant
1315 3877 1386 3931 ⁸³.
1422 3896 1442 3930 ι
1474 3877 1808 3933 Sanctorum
1839 3877 1985 3932 enim
2013 3892 2104 3931 sa-

505 3979 787 4032 cerdotum
817 3973 966 4028 salus
997 3979 1053 4028 et
1090 3971 1467 4025 indumentum
1499 3969 1820 4024 admirabile
1855 3969 2107 4024 Christus

506 4081 622 4136 est;
670 4069 780 4124 imo
810 4067 1009 4122 decens
1051 4063 1285 4118 amictus
1325 4063 1565 4118 omnium
1617 4062 1880 4116 ﬁdelium.
1933 4060 2108 4128 tQui-

506 4176 721 4232 cunque
775 4160 946 4222 enim,
1006 4156 1208 4224 inquit,
1259 4155 1312 4209 in
1368 4153 1593 4210 Christo
1641 4153 1902 4224 baptizati
1953 4155 2104 4223 eatis,

505 4254 784 4310 Christum
817 4250 1067 4305 intluistis
1099 4249 1164 4301 “.
1199 4265 1218 4298 ι

2209 3415 2305 3470 τοῦ
2337 3416 2523 3480 Δαδὶδ,
2554 3417 2636 3470 ὅτι
2667 3435 2686 3468 ι
2735 3419 3101 3490 Ἐδοκίμασας
3127 3419 3297 3490 ἡμᾶς,
3329 3421 3357 3473 6
3385 3419 3538 3483 Θεὸς,
3583 3421 3812 3492 ὲπύρω-

2213 3525 2312 3573 σας
2345 3510 2490 3580 ἡμᾶς
2523 3510 2600 3572 ὡς
2631 3509 2899 3582 πυροῦται
2949 3511 3011 3564 τὸ
3060 3511 3343 3584 ἀργύριον.
3387 3531 3404 3564 ι
3437 3513 3663 3583 Φόρημα
3707 3514 3809 3582 μὲν

2211 3600 2321 3672 γὰρ
2352 3603 2466 3664 τοῖς
2517 3601 2578 3668 ἐξ
2633 3601 2846 3674 Ἀαρὼν
2892 3605 2924 3676 ἡ
2975 3604 3117 3658 κατὰ
3161 3605 3325 3675 νόμον
3360 3603 3543 3674 στολή.
3583 3604 3708 3667 Τοῖς
3740 3621 3804 3670 γε

2213 3691 2320 3762 μὴν
2358 3691 2682 3757 ἀπολέκτοις
2731 3695 2790 3746 ιν
2833 3693 3052 3766 Χριστῷ
3097 3695 3191 3748 καὶ
3218 3695 3573 3765 τεταγμένοις
3614 3695 3694 3757 είς
3729 3694 3811 3744 ι’-

2209 3785 2472 3856 ρουργίαν
2516 3784 2722 3855 ἄμφιόν
2763 3787 2880 3838 ἐστι
2927 3785 3200 3859 λαμπρὸν,
3234 3787 3561 3858 ίεροπρεπές
3605 3805 3664 3841 τε
3713 3791 3810 3841 καὶ

2209 3877 2556 3946 ᾶγιον,αύτὸς
2583 3881 2612 3932 6
2633 3879 2890 3950 Χριστός.
2923 3878 3213 3952 Τοιγάρτοι
3239 3881 3332 3934 καὶ
3361 3880 3563 3950 ἔφασκε
3593 3881 3682 3934 διὰ
3706 3880 3808 3950 τῆς

2206 3970 2301 4023 τοῦ
2342 3971 2637 4041 ψάλλοντος
2671 3970 2840 4043 λύρας
2864 3971 2892 4023 6
2923 3972 3055 4036 Θεὸς
3087 3974 3180 4025 καὶ
3211 3973 3403 4044 Πατὴρ
3444 3973 3571 4041 περὶ
3599 3972 3698 4041 τῆς
3742 3966 3806 4030 ἐξ

2207 4060 2377 4116 ἐθνῶν
2429 4063 2759 4135 Ἐκκλησίας
2779 4079 2793 4090 ⁸
2831 4083 2850 4116 ι
2898 4063 3037 4128 Τοὺς
3066 4066 3233 4135 ἱερεῖς
3259 4065 3429 4136 αὐτῆς
3464 4063 3671 4117 ἐνδύσω
3700 4081 3806 4115 σω-

2205 4155 2430 4226 τηρίαν,
2480 4157 2576 4211 καὶ
2624 4159 2672 4211 οἱ
2707 4159 2843 4211 ὅσιοι
2874 4158 3046 4229 αύτῆς
3083 4157 3403 4225 ἀγαλλιάσει
3443 4157 3806 4226 ἀγαλλιάσον-

2205 4266 2316 4302 ται.
2355 4269 2372 4301 ι
2407 4251 2662 4322 Σωτηρία
2681 4250 2792 4322 γὰρ
2839 4245 3002 4315 αὐτὸς
3042 4255 3071 4306 ὁ
3115 4253 3349 4322 Χριστὸς
3389 4251 3498 4303 τῶν
3527 4251 3701 4318 ἁγίων
3733 4253 3809 4302 ἱε-

509 4346 780 4419 ρουργῶν,
804 4344 1010 4416 ἄμφιον
1037 4341 1098 4394 τὸ
1125 4339 1477 4408 ἀξιάγαστον,
1511 4337 1714 4409 μᾶλλον
1737 4338 1793 4391 δὲ
1819 4340 1911 4391 καὶ
1938 4337 2150 4410 πρέπον
2185 4342 2294 4396 τῶν
2344 4344 2808 4398 πεπιστευκότων.
2839 4365 2856 4394 ι
2896 4345 3053 4397 Ὅσοι
3079 4346 3208 4418 γὰρ,
3238 4346 3420 4416 φησὶν,
3456 4345 3537 4408 εἰς
3566 4343 3811 4416 Χριστὸν

509 4438 894 4510 ἐϐαπτίσθητε,
929 4434 1166 4506 Χριστὸν
1198 4430 1546 4486 ἐνεδύσασθε.
1590 4450 1611 4483 ι

577 4534 744 4589 Vsus.
778 4533 832 4588 4.
874 4529 946 4584 Ει
989 4537 1142 4584 erunt
1177 4526 1407 4582 Domino
1453 4525 1730 4594 offerentes
1775 4524 2102 4594 sacriﬁcium

2279 4521 2391 4576 Καὶ
2419 4521 2667 4575 ἔσονται
2696 4521 2775 4587 τῷ
2812 4522 3002 4591 Κιτίῳ
3033 4522 3444 4592 προσάγοντες
3477 4527 3702 4580 θυσίαν
3739 4531 3810 4582 ἐτ-

509 4627 820 4698 injustitia.
854 4625 919 4678 Et
943 4620 1170 4691 placebit
1213 4617 1441 4672 Domino
1471 4616 1796 4685 sacri/icium
1827 4618 1974 4672 Jnda
1994 4661 2007 4684 ,
2053 4630 2104 4672 et

507 4719 803 4774 Jerusalem
829 4719 962 4772 sicut
989 4717 1101 4768 dies
1139 4711 1322 4767 scrc-ull
1347 4722 1393 4765 et
1426 4712 1562 4766 sicut
1586 4713 1713 4766 armi
1743 4715 1964 4781 priores.

583 4899 802 4955 XXXV.
845 4897 1347 4962 Consecrnbuulnr,
1379 4896 1574 4967 inquit,
1618 4894 1776 4950 Deo:
1820 4897 1922 4950 hoc
1958 4896 2101 4949 enim
2175 4937 2178 4942 .

510 5007 640 5066 puto
657 4994 758 5049 sibi
791 4991 944 5057 velle,
974 5007 994 5044 ι
1020 4992 1193 5047 Erunt
1213 4991 1323 5046 Deo
1351 4989 1666 5046 oﬂhrentes.
1695 5009 1716 5042 ι
1748 4989 2106 5044 Consecrahi-

510 5103 633 5145 mur
672 5087 806 5154 Deo,
846 5086 890 5142 si
924 5085 1156 5156 amplius
1198 5085 1356 5139 nobis
1389 5099 1495 5137 non
1529 5083 1801 5146 vivamus,
1843 5089 1898 5135 et
1929 5082 2107 5136 modis

511 5180 767 5234 erunibus
796 5178 1124 5233 ebaritatcm
1150 5191 1278 5243 erga
1313 5175 1463 5230 illum
1496 5172 1834 5238 escolamus,
1870 5172 2107 5242 totisque

511 5273 720 5328 viribus
781 5272 947 5340 probe
999 5280 1263 5342 praestare
1324 5267 1615 5335 cupiamus
1671 5277 1794 5331 qua
1838 5263 1928 5319 ille
1968 5266 2105 5322 vult.

511 5365 645 5420 Tale
666 5365 794 5434 quid
819 5365 986 5421 etiam
1010 5365 1229 5420 divinus
1257 5358 1459 5414 Paulus
1481 5355 1547 5411 de
1576 5355 1818 5410 omnium
1853 5365 2104 5412 nostrum

511 5453 799 5514 Batlvatore
819 5454 1040 5511 Christo
1073 5474 1084 5510 :
1119 5471 1137 5503 I
1175 5447 1331 5506 Urius
1361 5444 1508 5500 enim
1535 5455 1636 5514 pro
1663 5443 1918 5500 omnibus
1950 5457 2102 5498 mor-

515 5559 640 5601 tuus
667 5556 768 5608 est.
799 5556 858 5600 ut
891 5557 947 5600 et
974 5546 1064 5615 qui
1101 5545 1293 5595 vivunt
1317 5539 1430 5606 iam
1478 5548 1585 5590 non
1621 5534 1725 5589 sibi
1762 5537 1969 5601 vivant,
2006 5536 2102 5590 sed

515 5639 566 5692 ci
601 5639 692 5709 qui
729 5652 826 5708 pro
857 5637 989 5707 ipsis
1021 5639 1270 5688 mortuus
1299 5633 1463 5683 estet
1497 5626 1796 5684 resurrexit
1822 5627 1890 5682 ".
1919 5644 1940 5679 ι
1980 5625 2106 5684 Sua

2207 4613 2591 4681 δικαιοσύνῃ.
2625 4615 2728 4668 Kal
2770 4615 2975 4682 ἀρέσει
3012 4615 3092 4680 τῷ
3131 4615 3325 4682 Κυρίῳ
3355 4618 3540 4669 θυσία
3584 4619 3808 4681 Ἰούδα,

2209 4709 2308 4763 καὶ
2347 4707 2746 4778 ’Ῐερσυσαλὴμ
2775 4707 2968 4774 καθὼς
3001 4712 3060 4762 αἱ
3084 4708 3296 4777 ἡμέραι
3332 4708 3436 4763 τοῦ
3465 4708 3682 4778 αἰῶνος
3705 4716 3808 4768 καί

2210 4797 2406 4865 καθὼς
2436 4799 2508 4853 τὰ
2536 4799 2642 4867 ἐτη
2671 4801 2742 4852 τὰ
2777 4799 3138 4868 ἔμπροσθεν.

2281 4892 2405 4946 AE'.
2462 4891 2888 4956 Ἀνακείσονται,
2948 4895 3101 4963 φησι,
3281 4889 3642 4965 Θεῷ·’τοῦτο
3700 4899 3814 4970 γὰρ

2207 4983 2360 5056 οἶμαι
2387 4987 2471 5045 τὸ,
2499 5004 2517 5036 ι
2552 4987 2808 5040 Ἔσονται
2838 4987 2916 5058 τῷ
2943 4987 3132 5058 Κυρίῳ
3159 4989 3550 5060 προσάγοντες.
3587 5008 3606 5039 ι
3645 4980 3810 5044 Ἀνα-

2215 5076 2514 5149 κεισόμεθα
2564 5076 2622 5131 δὲ
2667 5076 2746 5148 τῷ
2790 5076 2932 5148 Θεῷ,
2969 5077 3172 5142 ζῶντες
3205 5079 3304 5148 μὲν
3345 5080 3557 5145 ἑαυτοῖς
3596 5081 3807 5148 οὐκέτι,

2215 5167 2604 5238 προσκείμενοι
2628 5167 2686 5221 δὲ
2708 5167 3019 5238 ὸλοτρόπως
3056 5169 3149 5222 καί⁵
3184 5171 3250 5241 τῇ
3291 5171 3371 5232 είς
3397 5170 3561 5224 αὐτὸν
3591 5171 3806 5244 ἀγάπῃ,

2215 5257 2307 5310 καὶ
2361 5258 2524 5312 παντὶ
2571 5258 2638 5329 δὴ
2690 5257 2868 5312 σθένει
2919 5257 3222 5329 κατορθοῦν
3277 5260 3544 5333 ᾑρημένοι
3585 5262 3656 5316 τὰ
3695 5266 3809 5326 τοῖς

2223 5345 2385 5412 θείοις
2429 5346 2596 5403 αὐτοῦ
2640 5347 2904 5405 δοκοῦντα
2948 5349 3236 5420 νεύμασιν.
3286 5352 3430 5424 Ἔφη
3469 5368 3524 5407 τι
3563 5351 3808 5408 τοιοῦτον

2218 5443 2314 5496 καὶ
2337 5443 2364 5495 ὁ
2394 5439 2680 5506 θεσπέσιος
2711 5440 2921 5507 Παῦλος
2961 5444 3092 5515 περὶ
3116 5443 3212 5497 τοῦ
3240 5445 3460 5500 πάντων
3489 5446 3647 5519 ἡμῶν
3689 5447 3808 5501 Σωο

2220 5536 2382 5606 τῆρος
2429 5534 2704 5607 Χριστοῦο
2745 5553 2764 5586 ι
2801 5530 2897 5599 Εἷς
2937 5537 3046 5609 γὰρ
3077 5537 3219 5609 ὑπὲρ
3259 5538 3481 5592 πάντων
3510 5540 3804 5602 ἁπέθαιην,

2218 5625 2308 5682 ῖνα
2337 5629 2387 5682 οι
2434 5626 2636 5693 ζῶντος
2676 5627 2874 5700 μηκέτι
2913 5630 3126 5694 ἑαυτοῖς
3161 5629 3348 5699 ζῶσιν,
3385 5632 3519 5686 ἀλλὰ
3553 5631 3632 5703 τῷ
3665 5634 3808 5704 ὑπὲρ

619 5837 666 5868 ss
699 5834 859 5888 Rom.
893 5848 968 5893 Is,
995 5827 1084 5889 91,
1112 5826 1204 5882 22.
1281 5827 1326 5858 ⁸⁷
1349 5823 1539 5880 Μηιιίι.
1564 5842 1644 5886 Ill,
1677 5825 1765 5880 Η.
1841 5827 1889 5860 ⁸⁸
1910 5825 2042 5883 an.
2080 5841 2104 5881 1

2209 5826 2295 5881 ιιι.
2373 5825 2420 5858 ⁸⁸
2445 5824 2677 5881 Μςιῐοειι.
2713 5843 2770 5889 ιι,
2799 5826 2882 5879 l7.
2962 5827 3006 5858 "
3041 5826 3272 5885 Zachar.
3298 5846 3422 5897 xm,
3460 5829 3512 5884 9.
3551 5831 3632 5888 .‘i
3658 5829 3803 5890 Pard.

514 5925 640 5970 μς,
676 5906 764 5959 ω,
843 5902 886 5930 επ
916 5900 1083 5953 Lent.
1121 5913 1228 5962 λιι,
1269 5897 1355 5950 32.
1437 5897 1482 5928 θ’
1516 5897 1658 5952 l‘sal.
1689 5913 1874 5965 cum,
1913 5900 1997 5953 lii.

2073 5899 2120 5930 σε
2167 5899 2342 5954 Calai.
2379 5913 2460 5962 In,
2487 5898 2575 5951 27.
2658 5899 2700 5930 ⁸⁸
2729 5899 2771 5951 ll
2807 5900 2931 5952 (lor.
2973 5915 3022 5968 ν,
3071 5899 3153 5958 l3.
