4098 6468
168 584 213 601 ‘l‘

332 368 461 425 337
1177 371 1736 435 COMMENTARIUS
1772 370 1840 435 IN
1882 380 2297 437 HALACHIAM
2338 378 2795 436 PROPHETAM.

330 484 527 539 αὐτῶν
555 483 886 540 ἀποθανόντι
933 486 1033 541 καὶ
1059 488 1363 560 ἐγερθέντι.
1409 514 1429 547 ι
1471 486 1860 568 Κατοῖγράςιςων
1895 499 1951 554 δὲ

2059 510 2240 558 autem
2274 498 2710 556 conversationis
2747 495 3075 566 bonitatem,
3099 503 3154 552 et
3178 497 3287 557 vim
3309 512 3376 554 ac
3404 499 3665 553 virtutem

331 579 478 647 ημῖν
506 577 703 650 ὥσπερ
730 577 835 649 τῆς
868 578 1067 634 ἑαυτοῦ
1097 580 1375 648 πολιτείας
1394 585 1457 639 τὸ
1485 587 1706 653 κάλλος,
1737 591 1834 644 καὶ
1850 590 1951 645 τοῦ

2057 592 2309 666 mysterii
2365 591 2568 649 Christi
2630 588 3035 659 quodammodo
3094 590 3258 649 nobis
3318 590 3673 655 describens,

324 670 486 724 κατὰ
536 670 779 742 Χριστὸν
815 674 1119 745 μυστηρίου
1168 676 1270 747 τὴν
1294 676 1524 751 δύναμιν
1557 680 1796 755 ὲμιρανῆῗ⁸
1816 685 1953 738 καθ-

2057 701 2274 741 rursum
2307 685 2525 756 inquit:
2570 703 2592 739 ι
2630 683 2851 740 Christo
2882 682 3130 739 conﬁxus
3173 699 3295 739 sum
3326 682 3497 739 cruci.
3527 681 3661 737 Vivo

334 762 538 827 ιστὰς,
575 763 683 835 ἔφη
745 763 952 818 πάλιν·
996 783 1017 818 ι
1067 767 1294 841 Χριστῷ
1343 775 1820 847 συνεσταύρωμαι.
1867 779 1956 833 Ζῶ

2057 787 2239 832 autem
2263 776 2377 846 jam
2408 776 2513 832 nuit
2542 792 2662 847 ego,
2698 779 2833 832 vivit
2853 792 2985 832 vero
3008 776 3061 832 in
3096 790 3181 831 me
3206 773 3479 831 Christus.
3506 774 3661 843 Quod

325 855 394 909 δὲ
427 854 621 909 οὐκέτι
646 854 779 925 ἐγὼ,
812 856 880 928 ζῇ
906 856 965 911 δὲ
999 859 1059 913 ἐν
1093 861 1218 932 ἐμοὶ
1248 864 1505 934 Χριστὸς.
1554 868 1620 921 Ὅ
1652 867 1709 922 δὲ
1744 868 1840 923 νῦν
1876 868 1955 935 ζῶ

2057 878 2238 924 autem
2283 882 2428 923 nunc
2473 868 2596 923 vivo
2640 867 2695 922 in
2735 882 2923 933 carne,
2956 867 3014 923 in
3055 866 3161 922 ﬁde
3206 866 3330 923 vivo
3374 865 3497 921 Filii
3540 865 3660 928 Dei,

330 949 397 1000 ἐν
428 951 621 1019 σαρκὶ,
652 947 711 1004 έν
744 952 931 1006 πίστει
975 952 1055 1018 ζῶ
1080 956 1147 1027 τῇ
1187 955 1285 1010 τοῦ
1328 958 1459 1012 Υἱοῦ
1494 960 1652 1026 Θεοῦ,
1688 963 1782 1018 τοῦ
1813 966 1955 1033 ἀγα-

2057 959 2148 1030 qui
2183 960 2375 1016 dilexit
2404 976 2492 1016 me
2522 969 2577 1015 et
2612 959 2838 1014 tradidit
2869 960 3226 1029 semetipsum
3272 973 3373 1031 pro
3404 973 3511 1014 me.
3540 954 3662 1014 Non

3552 379 3667 435 ὁδᾶ

333 1042 621 1113 πήσαντός
650 1061 720 1125 με
756 1045 853 1099 καὶ
876 1046 1212 1119 παραδόντος
1238 1051 1435 1105 ἑαυτὸν
1464 1052 1610 1125 ὑπὲρ
1634 1054 1795 1125 ἐμοῦ.
1836 1058 1952 1111 Οὐκ

332 1132 523 1188 ἀθετῶ
546 1136 648 1208 τὴν
662 1122 824 1208 χάριν
848 1137 946 1192 τοῦ
975 1138 1131 1194 Θεοῦ.
1148 1143 1545 1199 ι-ιἜσονται
1653 1122 1768 1214 οὖν,
1792 1151 1949 1220 φησι,

334 1229 719 1298 προσάγοντες
740 1230 821 1300 τῷ
844 1231 1054 1303 Κυρίῳ,
1089 1254 1110 1287 ι
1147 1236 1418 1302 τουτέστι,
1448 1240 1559 1302 τοῖς
1590 1241 1757 1295 αὐτοῦ
1790 1241 1951 1315 θελή-

334 1337 489 1392 9.1m.-
523 1323 933 1390 ἁνακείσονται,
978 1325 1040 1378 οὐ
1083 1325 1155 1379 τά
1200 1326 1420 1397 ἐπίγεια
1473 1330 1832 1401 φρονοῦντες,
1887 1336 1951 1388 οὐ

328 1412 468 1476 τοὺς
491 1411 557 1465 ὲκ
578 1413 681 1482 τῆς
702 1413 920 1478 ἀδικίας
943 1414 1268 1484 ἀγαπῶντες
1305 1417 1638 1490 μολυσμοὺς,
1672 1422 1733 1474 οὐ
1760 1424 1951 1478 πλεον-

328 1503 496 1571 εξίαν
539 1504 640 1576 τὴν
679 1506 825 1560 κατά
861 1525 1025 1563 τινων
1064 1511 1231 1581 τιμᾷν
1258 1511 1550 1583 ᾑρημένοι,
1582 1515 1949 1586 προσάγοντες

328 1597 398 1651 δὲ
428 1597 632 1668 μᾶλλον
668 1597 860 1664 θυσίας
894 1600 1266 1675 δικαιοσύνης.
1305 1604 1416 1658 Καί
1454 1622 1546 1676 μοι
1591 1604 1742 1660 δοκεῖ
1770 1608 1951 1678 σοφῶς

327 1689 404 1760 δὴ
434 1690 561 1744 λίαν
590 1692 620 1744 ὁ
651 1691 867 1758 Παῦλος
898 1695 1078 1749 εἰπεῖν
1097 1712 1111 1726 ’
1151 1713 1169 1747 ι
1220 1696 1671 1771 Μετατιθεμένης
1701 1700 1812 1776 γάρ
1848 1704 1950 1776 τῆς

334 1783 670 1855 ἱερωσύνης,
694 1784 756 1850 ἐξ
770 1786 1020 1858 ἀνάγκης
1042 1787 1135 1841 καὶ
1155 1788 1321 1860 νόμου
1349 1791 1640 1861 μετάθεσις
1660 1794 1893 1861 γίνεται.
1922 1815 1944 1849 ι

331 1851 655 1946 Προσίεμεν
680 1877 795 1950 γὰρ
830 1851 1232 1952 οίνὲνΧριστῶ
1260 1851 1593 1954 κεκλημένοι
1610 1851 1946 1958 ῖερουργίας,
1982 1851 2027 1910 Β

327 1963 405 2018 δι’
435 1966 693 2035 αἱμάτων
716 1970 818 2038 μὲν
844 1968 1028 2024 οὐκέτι
1055 1971 1150 2025 καὶ
1179 1973 1428 2038 καπνῶν,
1453 1972 1577 2029 οὐτε
1607 1975 1717 2049 μὴν
1743 1979 1951 2049 ἀμνούς

327 2056 367 2127 ἢ
421 2056 650 2128 ἐρίφους
699 2062 1153 2135 προσκομίζομεν
1203 2065 1284 2135 τῷ
1332 2065 1474 2138 Θεῷ,
1527 2066 1847 2140 πληροῦμεν
1892 2069 1951 2124 δὲ

330 2148 553 2219 μᾶλλον
584 2152 643 2204 έν
690 2151 994 2227 Ἐκκλησία
1032 2156 1130 2229 τὴν
1171 2158 1230 2213 ὲν
1258 2157 1484 2232 Χριστῷ
1525 2160 1827 2233 νοουμένην
1860 2161 1955 2217 θυ-

328 2241 494 2307 σίαν,
529 2243 629 2315 τὴν
657 2244 824 2313 ἁγίαν
856 2247 952 2300 κα)¹
981 2249 1382 2323 πνευματικὴν,
1407 2252 1502 2306 καὶ¹
1529 2253 1693 2307 αὐτὸν
1721 2254 1953 2326 προθέν-

327 2349 436 2396 τες
487 2334 569 2397 εις
603 2334 879 2407 ἁγιασμὸν
911 2337 1007 2392 καὶ⁵
1043 2338 1231 2409 μέντοι
1260 2342 1356 2397 καὶ
1395 2344 1477 2409 είς
1521 2344 1825 2417 μετάληψιν
1852 2347 1953 2416 τῆς

327 2424 388 2477 εί
402 2442 423 2484 ;
448 2422 626 2483 αἰῶνα
656 2423 823 2495 ζωῆς,
840 2426 1095 2499 καθάπερ
1129 2429 1407 2503 ἐξαίρετόν
1424 2450 1474 2489 τι
1502 2434 1757 2506 θυμίαμα
1772 2435 1872 2502 τὰς
1894 2437 1955 2504 ἐξ

328 2514 531 2586 ἔργων
563 2516 787 2585 ἀγαθῶν
838 2521 1282 2594 προσκομίζομεν
1314 2525 1565 2591 εὐωδίας.
1600 2528 1710 2581 Καὶ
1732 2527 1954 2595 θύοντες

328 2606 500 2678 αὐτῷ
535 2608 633 2679 τὴν
664 2608 1039 2684 δικαιοσύνην,
1086 2616 1169 2668 ὅτι
1211 2616 1308 2670 καὶ
1354 2617 1597 2688 ἐσόμεθα
1639 2619 1820 2674 δεκτοὶ
1860 2637 1953 2674 τε-

332 2702 736 2773 θαρσήκαμεν.
763 2704 1086 2776 Γέγραπται
1115 2707 1246 2781 γὰρ,
1272 2709 1354 2763 ὅτι
1388 2730 1405 2762 ι
1441 2712 1591 2783 Τίμα
1621 2713 1712 2768 τὸν
1748 2714 1955 2787 Κύριον

332 2792 458 2848 ἀπὸ
484 2794 597 2847 σῶν
629 2793 855 2850 δικαίων
878 2797 1077 2863 πόνων,
1122 2801 1217 2854 καὶ
1242 2802 1496 2875 ἀπάρχου
1523 2806 1672 2877 αὐτῷ
1704 2806 1814 2862 ἀπὸ
1844 2794 1955 2864 σῶν

334 2879 583 2968 καρπῶν
621 2881 991 2956 δικαιοσύνης.
1037 2907 1057 2939 ι
1098 2887 1489 2960 Εὐαρεστεῖται
1535 2894 1644 2967 γάρ
1692 2897 1792 2968 οὐχ
1837 2898 1956 2951 ἑτέ-

336 2987 493 3040 ραις,
536 2967 713 3042 οἶμαι,
747 2973 963 3039 θυσίαις
997 2975 1138 3047 πλὴν
1174 2979 1256 3034 ὃτι
1292 2980 1572 3047 τοιαύταις
1614 2987 1643 3038 ὀ
1674 2984 1785 3039 τῶν
1815 2986 1956 3042 ὅλων

333 3062 503 3126 Θεὸς.
543 3063 690 3136 Ἔφη
720 3064 903 3146 τοίνυν
951 3069 1084 3142 περὶ
1114 3069 1221 3124 τῶν
1268 3074 1327 3127 ὲν
1354 3075 1575 3147 Χριστῷ
1602 3078 1957 3151 κεκλημένων

2055 1053 2255 1121 abjicio
2307 1052 2539 1125 gratiam
2580 1052 2673 1109 Dei
2724 1054 2792 1109 “.
2826 1073 2845 1104 ι
2895 1053 2981 1107 Ait
3031 1052 3217 1124 igitur,
3279 1072 3299 1105 t
3330 1052 3506 1108 Erunt
3549 1052 3663 1108 Deo

2056 1144 2369 1210 oll‘erentes,
2391 1164 2409 1198 ι
2453 1146 2556 1202 bar
2586 1153 2673 1201 est
2698 1146 2819 1215 ejus
2863 1144 3133 1201 voluntati
3168 1144 3661 1201 consecrabantur.

2054 1236 2172 1293 Non
2213 1246 2431 1294 terrena
2475 1237 2757 1307 sapientes
2795 1237 2875 1305 ";
2911 1252 3020 1292 non
3057 1251 3128 1292 ex
3163 1235 3447 1306 iniquitate
3476 1236 3659 1306 inqui-

2053 1340 2314 1386 namenta
2371 1330 2701 1401 diligentes,
2776 1346 2887 1385 non
2951 1330 3281 1401 quibusdam
3345 1328 3661 1399 pracellero

2054 1423 2396 1488 aﬂectautes,
2430 1424 2525 1479 sed
2559 1421 2835 1479 sacriﬁcia
2868 1423 3051 1494 potius
3085 1422 3312 1494 iustitiae
3339 1421 3657 1479 oll‘erentes.

2051 1516 2133 1573 Ac
2151 1517 2279 1572 mihi
2301 1516 2522 1588 quidem
2540 1516 2948 1588 sapientissime
2961 1517 3164 1573 Paulus
3180 1518 3385 1573 dixisse
3403 1517 3656 1574 videtur:

2061 1628 2080 1665 t
2112 1609 2400 1666 Translato
2453 1611 2599 1666 enim
2650 1612 2993 1678 sacerdotio,
3056 1611 3372 1668 necessario
3420 1622 3478 1666 et
3529 1610 3664 1680 legis

2056 1701 2345 1758 translatio
2369 1701 2517 1759 ﬁt“.
2556 1722 2576 1755 ι
2604 1702 2741 1758 Nam
2776 1704 2868 1774 qui
2895 1703 2949 1759 in
2981 1702 3207 1759 Christo
3234 1703 3415 1759 vocati
3449 1717 3660 1771 sumus,

2054 1795 2307 1867 quamvis
2347 1794 2678 1851 sacrificium
2723 1810 2820 1866 per
2857 1796 3180 1867 sanguinem
3215 1805 3271 1852 et
3300 1794 3510 1851 fumum
3553 1810 3660 1849 non

2054 1887 2432 1953 admittamus,
2471 1886 2641 1961 854
2670 1903 2769 1943 nec
2805 1903 2977 1955 agnos
3002 1897 3098 1943 aut
3134 1889 3317 1944 hircos
3341 1887 3663 1953 oﬂ‘eramus,

2056 1989 2238 2037 tamen
2272 1981 2329 2035 in
2363 1980 2604 2036 Ecclesia
2629 1980 2925 2044 sacrificio,
2952 1984 3098 2051 quod
3122 1981 3176 2036 in
3209 1981 3431 2038 Christo
3461 1980 3662 2036 intelli-

2053 2075 2221 2146 gitur,
2258 2083 2453 2131 sancto
2468 2083 2530 2130 et
2556 2074 2825 2145 spirituali
2859 2075 3163 2146 fungimur,
3198 2084 3255 2131 et
3293 2076 3469 2145 ipsum
3505 2075 3661 2130 nobis

2055 2166 2125 2222 ad
2186 2166 2679 2223 sanctiﬁcationem
2736 2176 2797 2223 et
2861 2167 2929 2221 ad
2993 2167 3468 2238 participationem
3537 2166 3662 2222 vitae

2054 2266 2275 2314 sclerum
2318 2268 2709 2328 proponentes,
2743 2258 2895 2317 telut
2926 2269 3194 2331 praestans
3230 2260 3504 2331 quoddam
3540 2261 3664 2332 thy-

2055 2349 2259 2405 miama
2302 2349 2574 2406 bonorum
2619 2365 2847 2420 operum
2893 2351 3225 2419 fragrantias
3252 2349 3554 2407 oderimus.
3595 2351 3667 2407 Et

2049 2441 2330 2514 juStitiam
2356 2442 2406 2497 ei
2435 2441 2837 2509 sacriﬁcantes,
2874 2458 2974 2498 nos
3005 2452 3263 2514 acceptos
3295 2442 3415 2499 fore
3443 2442 3665 2500 conﬁdi-

2054 2549 2202 2602 mus.
2241 2530 2521 2603 Scriptum
2555 2543 2637 2591 est
2677 2536 2826 2592 enim
2868 2556 2885 2594 :
2940 2556 2958 2589 t
3006 2534 3227 2593 Honora
3271 2539 3559 2595 Dominum
3598 2539 3667 2595 de

2059 2626 2169 2683 tuis
2225 2626 2392 2697 justis
2443 2627 2749 2697 laboribus,
2795 2638 2851 2685 et
2891 2630 3164 2701 primitias
3223 2632 3291 2688 da
3346 2631 3397 2688 ei
3441 2632 3513 2688 de
3558 2635 3670 2688 tuis

2059 2719 2333 2776 fructibus
2365 2720 2599 2789 iustitia:
2631 2721 2697 2778 ”.
2735 2740 2755 2775 ι
2790 2722 2847 2777 In
2897 2722 3063 2778 nullis
3096 2722 3265 2791 enim,
3295 2724 3512 2794 opinor,
3544 2724 3667 2780 aliis

2058 2829 2220 2880 quam
2243 2814 2296 2869 in
2318 2815 2437 2870 istis
2457 2815 2748 2872 sacriﬁciis
2769 2815 3149 2872 universorum
3171 2816 3315 2873 Deus
3338 2818 3665 2888 acquiescit.

2061 2905 2244 2975 Quare
2277 2906 2346 2962 de
2381 2908 2466 2963 bis
2505 2908 2600 2977 qui
2631 2908 2685 2962 in
2718 2907 2941 2964 Christo
2969 2908 3037 2964 ad
3075 2911 3448 2966 sacerdotium
3485 2912 3668 2967 vocati

2060 3007 2210 3067 sunt,
2234 2999 2488 3057 meliores
2508 3000 2624 3058 fore
2646 3003 2723 3057 ait
2740 3001 3016 3070 prioribus
3036 3021 3053 3071 ;
3073 3018 3184 3059 non
3206 3019 3336 3061 oves
3362 3012 3669 3064 mactantes

2060 3101 2121 3148 ut
2162 3092 2266 3158 illi,
2297 3108 2400 3151 nec
2446 3094 2627 3152 altare
2667 3094 3111 3152 contaminantes
3159 3096 3434 3155 oblatione
3461 3113 3666 3170 panum

332 3157 428 3219 εἰς
456 3156 798 3228 ἱερουργίαν,
825 3158 901 3225 ὡς
932 3161 1191 3232 ἀμείνους
1222 3163 1432 3220 ἔσονται
1467 3168 1577 3222 τῶν
1607 3170 1862 3242 πρῶτων,
1892 3172 1953 3226 οὐ

2062 3186 2425 3258 pollutorum;
2477 3188 2573 3246 sed
2617 3199 2679 3245 ut
2732 3206 2831 3262 pro
2861 3190 3236 3261 thymiamatis
3283 3193 3400 3248 sive
3430 3193 3669 3251 incensis

337 3247 844 3319 μηλοσφαγοῦντες
874 3257 997 3307 κατ’
1015 3255 1281 3324 ἐκείνους,
1303 3258 1426 3313 οὔτε
1461 3261 1567 3332 μὴν

332 3341 403 3394 τὸ
445 3339 837 3413 θυσιαστήριον
872 3343 963 3398 διά
988 3345 1050 3400 τὸ
1090 3348 1391 3418 προσάγειν
1425 3350 1622 3423 ἄρτους
1653 3354 1958 3428 ηλισγημέ-

334 3447 476 3497 νους
497 3449 512 3462 ·
562 3432 681 3487 ἁλλ’
711 3434 786 3498 ὠς
815 3436 875 3489 ὲν
900 3438 1055 3504 τάξει
1082 3439 1450 3511 θυμιαμάτων
1491 3447 1957 3518 προσκομίζοντες

331 3523 422 3595 τῷ
459 3523 581 3595 θεῷ
632 3526 722 3597 τὴν
752 3526 1103 3599 δικαιοσύνην
1137 3532 1231 3584 καὶ
1264 3533 1362 3604 τῆς
1393 3536 1760 3610 εὐαγγελικῆς
1805 3539 1959 3595 πολι-

332 3616 501 3679 τείας
529 3616 628 3688 τὴν
658 3618 856 3690 νοητὴν
888 3620 1209 3692 εὐκοσμίαν.
1242 3625 1665 3698 Εὐπαράδεκτον
1696 3631 1754 3684 δὲ
1783 3631 1958 3698 οὕτως

335 3709 731 3771 ὲπιτελέσουσι
766 3714 867 3785 τὴν
898 3713 1179 3786 λατρείαν,
1220 3717 1299 3782 ὡς
1330 3720 1472 3775 κατὰ
1520 3722 1728 3794 μηδένα
1757 3727 1959 3798 τρόπον

334 3798 600 3855 ἀπωθεῖν
630 3802 801 3873 αὐτὴν
830 3802 939 3858 τῶν
972 3806 1302 3875 πρεπουσῶν
1332 3808 1534 3865 θυσιῶν
1566 3816 1690 3879 ταῖς
1718 3817 1959 3889 ἡμέραις

332 3895 444 3950 τοῦ
474 3896 693 3963 αἰῶνος,
723 3899 1025 3963 τουτέστιν,
1058 3905 1125 3974 τῇ
1157 3901 1268 3975 ξωῇ
1299 3904 1407 3958 τῶν
1431 3906 1490 3959 ὲν
1510 3909 1760 3981 οὐρανοῖς
1785 3913 1959 3983 ἁγίων

335 3988 709 4057 πνευμάτων,
732 3989 781 4045 οἳ
804 3991 1075 4062 διηνεκεῖς
1095 3996 1189 4048 καὶ
1207 3997 1429 4068 μακρὰς
1455 3999 1702 4070 τρίϐουσι
1718 4005 1955 4075 ἡμέρας,

333 4083 473 4153 ἦτοι
504 4084 754 4153 χρόνους.
790 4084 1200 4156 Περισσοῦσθαι
1223 4089 1279 4143 δὲ
1304 4091 1551 4157 καὶτοὺς
1582 4095 1811 4166 χρόνους
1830 4101 1959 4164 τοὺς

340 4176 693 4246 ἔμπροσθεν,
746 4179 1016 4246 τουτέστι,
1071 4182 1170 4247 τὰς
1219 4184 1331 4237 τῶν
1376 4184 1549 4255 ἁγίων
1600 4188 1882 4262 λατρείας,
1903 4193 1959 4247 αἱ

344 4268 507 4324 κατὰ
541 4270 766 4341 χρόνους
795 4273 1055 4342 γεγόνασι
1087 4277 1214 4340 τοὺς
1252 4276 1584 4350 ἔμπροσθεν.
1623 4281 1819 4354 Γέγονε
1849 4286 1960 4359 γάρ

341 4365 410 4415 ἐν
475 4362 692 4435 ὑπακοῇ
746 4365 858 4428 τοῖς
906 4366 1286 4439 ἀρχαιοτέροις
1339 4371 1709 4446 εὐδοκίμησις.
1773 4376 1962 4443 Οὕτως

1594 3261 1954 3355 βεδηλοῦντες
1995 3261 2030 3268 “
2064 3280 2174 3336 Deo
2210 3279 2481 3349 justitiam
2530 3290 2584 3339 et
2616 3261 2952 3355 evangelicae.
3007 3283 3484 3350 conversationis,
3542 3299 3668 3354 qua:

2061 3371 2285 3442 intelligi
2318 3374 2493 3442 magis
2522 3389 2688 3445 quam
2713 3376 2888 3433 oculis
2909 3375 3059 3433 cerni
3087 3386 3291 3444 potest.
3324 3377 3666 3433 moderatio-

2061 3480 2187 3520 nem
2219 3464 2534 3523 oﬂ‘erentes.
2567 3466 2682 3535 Qua
2719 3469 2941 3539 quidem
2979 3470 3193 3526 ratione
3238 3470 3446 3527 cultum
3494 3482 3658 3524 acce-

2061 3558 2322 3628 ptabilem
2352 3557 2612 3625 cﬂieicnt,
2657 3569 2716 3615 ut
2745 3562 2897 3617 nullo
2926 3562 3091 3619 modo
3116 3563 3284 3620 distet
3312 3578 3344 3618 a
3371 3562 3666 3619 sacriﬁciis

2060 3664 2185 3719 quas
2222 3650 2419 3707 decent
2451 3652 2569 3708 dies
2609 3653 2819 3719 saeculi,
2861 3655 2966 3711 hoc
2995 3664 3100 3725 est,
3132 3671 3162 3711 ι
3202 3656 3315 3712 vita
3359 3656 3667 3713 ctelestium

2061 3749 2486 3813 sanctorumque
2523 3743 2840 3812 spirituum,
2893 3746 2985 3814 qui
3037 3755 3331 3817 perpetuos
3373 3757 3430 3801 et
3474 3745 3666 3819 longos

2062 3832 2180 3889 dies
2218 3833 2336 3890 sive
2378 3844 2621 3906 tempora
2665 3836 2892 3908 degunt.
2933 3837 3370 3895 Redituravitem
3420 3846 3667 3906 tempora

2060 3942 2181 3997 quae
2208 3925 2413 3982 fuerint
2447 3938 2574 3983 ante
2606 3927 2749 3994 illos,
2778 3930 2883 3985 hoc
2912 3938 3019 3994 est.
3045 3931 3227 3987 cultus
3253 3945 3318 3986 ac
3344 3929 3664 4002 religionem

2062 4032 2092 4072 a
2147 4018 2353 4073 sanctis
2405 4017 2536 4073 olim
2597 4018 2709 4075 Deo
2757 4020 3083 4076 exhibilam.
3137 4021 3452 4077 Priscorum
3515 4023 3664 4077 enim

2063 4107 2235 4178 gloria
2275 4118 2331 4163 et
2361 4108 2652 4164 celebritas
2687 4109 2786 4164 fuit
2823 4111 2880 4165 in
2903 4110 3236 4167 obedientia.
3269 4109 3361 4167 Sic
3386 4111 3664 4168 Abraham
3706 4160 3709 4163 λ

2062 4199 2261 4254 obtulit
2309 4200 2479 4255 lilium
2530 4201 2662 4268 Deo,
2703 4220 2723 4254 ι
2762 4201 2829 4257 Ει
2877 4213 3132 4275 reputata
3172 4212 3259 4259 est
3303 4204 3355 4260 ei
3410 4204 3548 4260 ﬁdes
3595 4204 3665 4260 atl

2057 4290 2327 4360 justitiam
2367 4293 2437 4360 '°,
2469 4312 2488 4347 ι
2523 4303 2579 4349 et
2618 4295 2830 4350 amicus
2865 4295 2961 4351 Dei
2998 4295 3302 4369 appellatus
3332 4304 3436 4352 est.
3474 4295 3565 4353 Sic
3612 4307 3668 4351 et

2062 4381 2178 4437 Noe
2211 4399 2395 4439 arcam
2446 4384 2738 4444 fabricavit
2775 4390 2842 4445 ad
2891 4388 3126 4445 salutem
3179 4391 3373 4446 domus
3423 4405 3558 4457 suae,
3607 4401 3669 4444 ut

347 4450 623 4522 Ἀὄραὰμ
654 4454 1024 4526 προσεκόμιζε
1063 4458 1158 4512 τὸν
1194 4459 1311 4513 υίδν
1336 4461 1416 4533 τῷ
1446 4461 1587 4535 Θεῷ,
1634 4484 1654 4517 ι
1701 4467 1814 4522 Καὶ
1849 4468 1956 4523 ὲλοη

2064 4471 2292 4530 Litteris
2333 4477 2609 4547 proditum
2651 4487 2738 4534 est
2766 4479 2834 4538 ".
2879 4500 2897 4533 t
2926 4479 3115 4550 Itaque
3161 4481 3418 4552 placebit,
3468 4450 3667 4551 inquit,

331 4545 517 4616 γίσθη
549 4543 766 4619 αὐτῷή
810 4546 995 4614 πίστις
1036 4553 1118 4615 είς
1160 4551 1535 4626 δικαιοσύνην,
1591 4576 1611 4609 ι
1663 4558 1759 4612 καὶ
1804 4560 1956 4629 φίλος

2062 4543 2398 4622 sacriﬁcium
2423 4565 2584 4638 Juda,
2622 4572 2726 4627 hoc
2751 4579 2859 4636 est.
2895 4543 3081 4644 populi
3126 4543 3178 4626 in
3203 4573 3368 4628 corde
3389 4543 3444 4628 et
3468 4543 3664 4642 spiritu

332 4637 561 4709 ἐκλήθη
592 4639 752 4695 Θεοῦ.
788 4640 950 4694 Οὕτω
996 4643 1092 4696 καὶ
1141 4644 1268 4699 Νῶε
1319 4648 1694 4704 κατεσκεύασε
1732 4651 1834 4722 τὴν
1873 4671 1959 4708 κι-

332 4733 530 4789 ϐωτὸν
573 4734 655 4794 είς
685 4736 962 4808 σωτηρίαν
987 4735 1083 4790 τοῦ
1114 4736 1267 4791 οἴκου
1304 4738 1493 4807 αὐτοῦ,
1519 4739 1706 4805 καθὼς
1747 4743 1957 4815 γέγρα⁴

2061 4659 2538 4718 circumcisiouem
2563 4664 3094 4734 circumferentis";
3117 4665 3247 4736 quin
3265 4677 3318 4721 et
3337 4664 3664 4730 Jerusalem,

2061 4768 2228 4823 quant
2269 4770 2422 4810 mens
2474 4756 2737 4825 intuetur,
2798 4758 2851 4814 id
2899 4768 2987 4814 est
3042 4757 3303 4814 Ecclesiae
3355 4779 3368 4815 :
3420 4758 3564 4813 sicut
3612 4768 3666 4812 et

333 4844 510 4883 πται.
551 4847 571 4880 ι
621 4829 834 4883 Οὐκοῦν
862 4831 1076 4901 ἁρέσει,
1105 4833 1291 4902 φησὶν,
1318 4833 1352 4904 ἡ
1380 4831 1541 4889 θυσία
1566 4834 1662 4889 τοῦ
1697 4836 1890 4901 Ἰούδα,
1932 4857 1951 4891 ι

2059 4847 2387 4904 sacriﬁcium
2430 4850 2825 4917 possidentium
2855 4852 2974 4908 dies
3001 4853 3184 4911 saeculi
3205 4892 3237 4922 ,_
3259 4863 3313 4909 et
3344 4864 3660 4912 sanctorum

330 4919 629 4983 τουτέστι,
675 4921 770 4975 τοῦ
809 4921 942 4975 λαοῦ
980 4921 1084 4995 τὴν
1113 4924 1171 4976 ὲν
1208 4923 1408 4995 καρδίᾳ
1445 4925 1540 4979 καὶ
1587 4926 1645 4979 ὲν
1682 4925 1956 4997 πνεύματι

2066 4937 2159 5005 qui
2192 4940 2567 5008 superioribus
2609 4944 2869 4997 natatibus
2897 4943 2949 4998 in
2996 4944 3108 4998 vita
3159 4919 3402 5012 fuerunt,
3441 4943 3533 5015 qui
3568 4960 3673 5014 per.

334 5014 667 5083 περιτομὴν
692 5015 1110 5085 περιφέροντος,
1137 5014 1231 5069 καὶ
1264 5016 1449 5086 μέντοι
1468 5017 1569 5089 τῆς
1601 5017 1956 5092 Ἰερουσαλὴμ

2067 5028 2433 5086 obedientiam
2456 5042 2509 5086 ct
2537 5031 2698 5088 ﬁdem
2730 5032 2846 5090 Deo
2874 5034 3222 5104 placuerunt.
3251 5014 3548 5097 Enumerat
3567 5051 3665 5090 eos

334 5108 444 5177 τῆ,
481 5107 701 5177 νοητῆς,
738 5107 988 5162 τουτέστι
1017 5108 1116 5178 τῆς
1169 5107 1535 5178 Ἐκκλησίας’
1578 5110 1765 5175 καθὼς
1802 5113 1956 5185 καὶὴ

2067 5132 2285 5190 quoque
2309 5120 2528 5178 divinus
2557 5122 2758 5182 Paulus
2782 5124 2835 5180 in
2863 5124 3104 5193 Epistola
3137 5127 3205 5183 ad
3248 5125 3663 5195 llebrmosﬁdo

336 5199 465 5253 τῶν
492 5200 731 5270 ἐχόντων
762 5200 862 5264 τάς
886 5201 1102 5272 ἡμέρας
1128 5199 1221 5253 τοῦ
1250 5200 1467 5265 αἰῶνος,
1504 5202 1599 5255 καὶ⁵
1622 5204 1656 5274 ἠ
1684 5202 1796 5257 τῶν
1817 5205 1956 5261 κατὰ

2070 5210 2618 5279 multosjnstiﬂcatos
2647 5229 2770 5272 esse
2796 5218 3099 5275 testilicans
3124 5218 3190 5273 ⁷³.

334 5296 483 5358 τοὺς
515 5293 831 5389 ἔμπροσθεν
899 5293 1124 5389 χρόνους
1187 5295 1495 5389 γ-εγονδτων
1533 5294 1726 5364 ἁγίων,
1773 5298 1824 5353 οἳ
1892 5300 2155 5371 γεγόνασι
2200 5305 2488 5377 εὐάρεστοι
2542 5308 2613 5371 δι’
2661 5311 2913 5389 ὑπακοῆς
2946 5312 3040 5366 καὶ
3111 5314 3370 5378 πίστεως.
3438 5313 3665 5382 ’Λπαρι-

316 5387 580 5462 ’θμεῖται
621 5386 680 5441 δὲ
724 5388 823 5441 καὶ
866 5387 1090 5452 τούτους
1136 5390 1165 5443 ό
1212 5386 1498 5453 θεσπέσιοξ
1538 5388 1756 5455 Παῦλος
1801 5392 1858 5445 ὲν
1887 5394 1954 5473 τῇ
1995 5395 2134 5468 πρὸς
2172 5397 2458 5472 Ἐϐραίους
2497 5402 2813 5483 Ἐπιστολῇ,
2880 5386 3063 5460 πίστει
3118 5403 3293 5477 λέγων
3318 5403 3659 5461 δικαιοῦσθαι

328 5479 594 5543 πολλούς

422 5569 548 5627 Kal
575 5571 864 5641 προσὰξω
895 5574 1046 5644 πρὸς
1077 5565 1232 5644 ὑμᾶς
1270 5575 1342 5627 ἐν
1365 5577 1582 5645 κρίσει,
1614 5578 1715 5632 καί
1746 5577 1956 5648 ἔσομαι

2145 5582 2309 5639 VElts.
2357 5583 2410 5642 5.
2463 5585 2529 5640 Et
2576 5588 2823 5642 accedam
2869 5589 2939 5643 ad
2975 5604 3063 5643 vos
3113 5589 3168 5642 in
3204 5587 3433 5657 judicio,
3481 5603 3528 5644 et
3568 5608 3661 5645 cro

421 5772 479 5845 ’ξ
509 5771 689 5845 Gulat.
718 5789 779 5837 tt,
814 5771 1000 5837 19,2l.
1079 5773 1391 5845 "_P|tilipp.
1426 5792 1507 5841 Ill,
1541 5776 1625 5830 l9.
1706 5777 1751 5810 ⁸⁸
1785 5775 1948 5832 "chr.
1979 5796 2070 5841 vn,
2110 5780 2192 5834 ΙΞ.

421 5782 479 5804 ὀ
509 5782 689 5824 ιὶιιιιιι.
718 5789 779 5837 tt,
814 5782 1000 5837 19,1“.
1079 5782 1124 5804 ⁶⁷
1161 5782 1391 5845 Philipp.
1426 5792 1507 5841 Ill,
1541 5782 1625 5830 l9.
1706 5782 1751 5810 "
1785 5782 1948 5832 lleltr.

334 5845 389 5879 "
431 5843 578 5899 Gen.
628 5843 684 5910 6,
725 5846 739 5896 l
806 5859 960 5913 seqq.
1038 5846 1083 5877 τ’
1115 5843 1273 5905 Itoni.
1313 5862 1368 5901 ιι.
1412 5846 1503 5902 29.
1581 5847 1626 5879 ’⁸
1665 5846 1828 5911 Hebr.
1874 5866 1943 5913 ιιι

2057 5822 2070 5841 ,
2110 5782 2192 5834 12.
2270 5784 2344 5827 ."-'
2373 5782 2533 5840 Ριον.
2571 5800 2652 5850 ιιι,
2686 5786 2735 5841 9.

2066 5851 2153 5909 40.

2819 5787 2861 5817 ’⁸
2892 5785 3032 5843 Gen.
3067 5804 3152 5857 sv,
3181 5788 3249 5858 6;
3280 5787 3457 5845 Galal.
3496 5808 3571 5860 tu,
3603 5791 3655 5849 ϐ.
