4098 6468
519 390 625 450 559

1552 394 1609 451 S.
1648 390 1929 452 CYDILIJ
1966 390 2442 447 ALEXANDIHNI
2481 384 2805 445 ARCIIIEP.
2860 416 2869 421 -
2974 378 2979 385 ’

3699 376 3809 436 με

515 511 664 567 testis
688 508 841 567 uelox
862 528 1019 583 super
1041 515 1302 584 veneﬁcis,
1322 523 1370 570 et
1395 531 1553 580 super
1573 516 1864 581 adulteras,
1887 520 1937 566 et
1954 522 2094 579 supet

2208 508 2444 579 μάρτυς
2485 507 2676 578 ταχὺς
2717 504 2820 560 ἐπὶ
2866 500 2974 569 τὰς
3002 498 3378 572 φαρμακοῦς,
3429 497 3526 553 real
3557 496 3658 552 dati
3694 497 3811 563 τὰς

412 612 431 625 ‘
512 618 602 659 eos
634 605 725 678 qui
747 605 937 675 jurant
960 605 1013 660 in
1049 607 1256 661 nomine
1281 621 1395 661 meo
1432 606 1489 661 in
1527 604 1821 667 mendacio,
1866 613 1912 657 et
1950 614 2094 670 super

2200 597 2584 669 μοιχαλίδος,
2620 598 2719 652 καὶ
2756 592 2855 650 ἐπὶ
2887 592 3031 660 τοὺς
3062 590 3400 661 ὀμνύοντας
3440 586 3523 656 τῷ
3554 587 3808 659 ὀνόματι

512 712 600 750 eos
646 700 739 769 qui
783 700 987 766 privent
1022 699 1257 754 mercede
1285 700 1691 764 mercenariam,
1731 706 1778 753 et
1810 695 1900 767 qui
1929 693 2108 764 oppri.

515 801 662 844 munt
696 807 791 860 per
820 793 1084 861 potentias
1120 793 1352 857 videant,
1386 804 1434 848 et
1470 795 1564 865 qui
1603 809 1778 865 pugno
1802 793 2105 864 percutiunt

511 885 763 951 pupillos,
802 896 848 939 et
879 887 969 956 qui
1005 897 1302 956 pervertunt
1341 888 1608 960 judicium
1650 888 1887 950 adveuw,
1935 883 2103 959 855

508 984 558 1029 et
582 978 671 1046 qui
695 994 797 1031 non
822 979 999 1033 timent
1026 994 1126 1047 me,
1153 981 1278 1035 dicit
1307 980 1563 1038 Dominus
1587 982 1933 1050 omnipotens.

582 1150 822 1210 XXXVI.
864 1151 930 1211 Et
968 1154 1085 1212 haec
1131 1152 1521 1213 convenienter
1560 1171 1730 1227 scopo
1778 1170 1960 1211 rcrutn
2015 1155 2103 1211 di-

508 1255 728 1301 cuntur.
750 1246 845 1303 Sic
873 1247 1017 1304 enim
1056 1248 1421 1318 loquebantur
1456 1249 1771 1317 ignorantes
1796 1245 2098 1302 lsraelitm:

512 1355 531 1390 ι
564 1337 756 1407 Omnis
801 1342 892 1411 qui
922 1338 1064 1397 'facit
1096 1342 1328 1407 malum,
1364 1342 1563 1397 bonum
1597 1350 1681 1397 est
1726 1354 1912 1396 coram
1956 1339 2099 1410 ipso,

506 1441 560 1487 et
601 1433 653 1487 in
700 1434 834 1504 ipsis
880 1434 998 1507 ipse
1031 1435 1359 1506 complacuit
1413 1435 1537 1492 sibi.
1585 1432 1652 1490 Et
1689 1433 1778 1490 ubi
1826 1444 1910 1489 est
1956 1431 2102 1488 Deus

501 1524 729 1593 iustitia:
752 1527 836 1580 "‘i
860 1544 880 1580 ι
912 1526 1044 1595 Quae
1071 1529 1289 1584 occasio
1318 1527 1481 1597 huius
1529 1518 1683 1583 verbi
1714 1535 1826 1583 tam
1855 1524 2098 1597 protervi

508 1615 691 1683 fuerit,
716 1616 827 1689 iam
862 1619 1254 1691 explicavimus
1284 1638 1299 1676 :
1331 1619 1686 1675 nihilominus
1714 1620 1894 1674 denuo
1926 1616 2101 1687 expli-

504 1709 773 1765 cabimus.
806 1709 940 1765 Cum
968 1712 1283 1766 sacerdotes
1313 1709 1533 1780 quidam
1562 1718 1617 1765 et
1649 1708 1741 1779 qui
1770 1706 2100 1763 claritudine

506 1803 773 1857 honorum
821 1802 1057 1875 fastigiis
1100 1817 1263 1870 supra
1292 1804 1428 1860 alios
1464 1802 1802 1867 eminebant,
1842 1797 2098 1858 licentius

2198 709 2320 763 μου
2352 682 2452 745 an
2480 688 2713 760 ψεύδει,
2748 687 2845 743 καὶ
2870 685 2970 741 ἐπὶ
3011 683 3156 753 τοὺς
3186 680 3683 750 ἀποστεροῦντας
3707 697 3808 751 μι-

2203 781 2360 838 σθόν
2411 780 2721 854 μισθωτοῦ
2742 823 2757 849 ,
2808 779 2910 834 καὶ
2961 776 3105 843 τοὺς
3158 773 3807 838 καταδυτάστεύοντας

2204 876 2429 947 χήραν,
2471 875 2567 929 καὶ
2614 874 2757 941 τοὺς
2808 868 3275 934 κονδυλίζοντας
3323 865 3651 936 ὀρφανοὺς,
3699 862 3807 919 καὶ

2205 969 2347 1035 τοὺς
2376 967 2779 1051 ἐκκλίνοντας
2805 965 3011 1033 κρίσιν
3049 961 3464 1031 προσηλύτου,
3510 959 3609 1012 καὶ
3646 956 3806 1051 τοὺς

2197 1060 2285 1130 μὴ
2331 1049 2746 1131 φοϐουμένους
2770 1074 2868 1128 με,
2902 1056 3068 1126 λέγει
3104 1055 3322 1123 Κύριος
3350 1049 3801 1119 παντοκράτωρ.

2278 1155 2416 1222 ΜΤ.
2468 1153 2623 1208 Κατὰ
2659 1153 2865 1207 σκοπὸν
2917 1150 3028 1205 τῶν
3067 1148 3412 1221 πραγμάτων
3470 1145 3685 1217 πρόεισι
3734 1143 3805 1216 δὴ

2200 1245 2369 1300 πάλιν
2390 1246 2483 1298 καὶ
2509 1247 2567 1298 ἐν
2596 1245 2809 1309 τούτοις
2829 1245 2964 1314 ἡμῖν
2993 1245 3021 1296 6
3042 1241 3221 1311 λόγος.
3250 1239 3532 1301 Ἐφασκον
3561 1237 3661 1308 μὲν
3690 1236 3805 1306 γὰρ

2201 1332 2602 1409 ἀμαθαίνοντες
2640 1336 2689 1390 οἱ
2735 1336 2793 1403 ἐξ
2835 1335 3072 1407 Ἰσραήλο
3112 1354 3130 1385 ι
3168 1334 3285 1396 Πᾶς
3337 1331 3508 1385 ποιῶν
3536 1329 3804 1401 πονηρὸν,

2210 1446 2295 1484 ια’.
2324 1429 2490 1489 καλὸν
2523 1432 2756 1484 ἐνώπιον
2780 1427 2967 1490 αὑτοῦ,
3000 1430 3097 1482 καὶ
3141 1427 3199 1480 ὲν
3244 1426 3430 1489 αὐτοῖς
3458 1423 3620 1488 αὐτὸς
3642 1420 3813 1493 ηὑόόῗ

2202 1538 2362 1596 κησε.
2399 1522 2510 1577 Kal.
2544 1521 2645 1575 ποῦ
2686 1521 2834 1575 ἔστιν
2864 1523 2894 1576 6
2919 1520 3055 1584 Θεὸς
3102 1518 3204 1589 τῆς
3234 1514 3620 1586 δικαιοσύνηςς
3646 1533 3663 1564 ι
3690 1513 3805 1568 Καὶ

2201 1617 2285 1677 τίς
2322 1617 2356 1687 ἠ
2410 1614 2689 1686 πρόφασις
2748 1613 2849 1684 τῆς
2914 1613 3059 1667 οὕτω
3129 1611 3311 1681 δεινῆς
3372 1608 3801 1682 ἀθυροστομίας,

2201 1711 2421 1782 εἴρηται
2456 1709 2556 1780 μὲν
2583 1708 2709 1780 ἤδη·
2741 1706 2884 1778 πλὴν
2912 1707 3196 1777 εἰρήσεται
3221 1703 3403 1759 πάλιν.
3441 1700 3658 1773 Ἐπειδὴ
3688 1702 3805 1772 γὰρ
3834 1778 3839 1788 δ

2202 1802 2532 1874 ἀφυλάκτως
2561 1802 2707 1864 τινὲς
2730 1800 2840 1855 τῶν
2870 1796 3195 1871 ἱερουργῶν,
3231 1797 3327 1851 καὶ
3360 1795 3544 1867 μέντοι
3572 1794 3685 1847 τῶν
3707 1792 3839 1874 ﬁlo:

505 1894 572 1951 ad
613 1911 775 1952 mune
814 1911 986 1968 genus
1034 1898 1413 1967 perversitatis
1455 1906 1511 1953 et
1548 1896 1790 1952 audacite
1839 1909 1960 1951 sese
1996 1894 2094 1952 da-

2204 1858 2332 1959 λων,
2366 1894 2416 1947 οἳ
2466 1858 2880 1961 διαφανέῠστεροε
2924 1858 2996 1942 ’τε
3025 1858 3298 1960 ἦσαν’καὶ
3340 1858 3463 1950 ταῖς
3496 1858 3842 1948 ἀνωτάταιςί

505 1997 656 2051 rent.
703 1998 758 2044 et
792 1990 1070 2047 videretur
1118 1990 1259 2047 Deus
1301 1991 1421 2062 plus
1459 2004 1617 2061 aequo
1652 2005 1780 2060 erga
1830 1989 1950 2045 illos
2000 2005 2097 2060 pa-

502 2083 645 2139 tiens
689 2082 796 2155 (est
828 2086 974 2140 enim
1014 2086 1209 2149 bonus,
1252 2084 1517 2152 clemens,
1560 2091 1616 2140 et
1660 2081 1819 2150 lenis,
1850 2090 1907 2139 et
1948 2081 2102 2137 beni-

502 2173 700 2245 guns),
754 2175 875 2230 ideo
921 2177 1146 2245 quidam
1199 2189 1430 2232 summa:
1480 2173 1878 2245 desperationis
1933 2176 2098 2229 verba

501 2261 840 2319 eﬂ‘utiebant.
867 2263 1140 2320 Caeterum
1179 2264 1473 2337 aliquando
1512 2266 1827 2321 sacerdotes
1864 2264 1980 2319 fore
2015 2264 2099 2318 in-

506 2355 803 2425 tcgriores,
839 2365 1243 2414 trausmutante
1291 2374 1387 2416 eos
1425 2358 1643 2415 Christo
1692 2359 1745 2413 in
1799 2357 2098 2413 novitatem

504 2447 653 2515 vitae,
684 2454 741 2502 et
773 2448 843 2503 ad
888 2449 1237 2519 disciplinam
1279 2450 1566 2507 honestam
1612 2461 1665 2506 et
1694 2453 1761 2507 ad
1810 2465 1991 2507 mores
2022 2453 2101 2504 vi-

506 2545 727 2605 tamque
769 2536 1097 2595 laudabilem
1138 2538 1527 2605 transferente,
1574 2539 1810 2595 dilucide
1855 2554 2099 2595 comme-

503 2630 704 2687 morat.
734 2627 986 2686 Asseclas
1028 2640 1211 2686 autem
1246 2630 1501 2702 nequitiae
1541 2643 1670 2687 tunc
1703 2646 1808 2687 non
1852 2642 2101 2701 receptu-

504 2733 655 2786 rum,
700 2732 801 2776 nec
848 2719 1100 2779 laudibus
1146 2721 1523 2793 dignaturum,
1559 2736 1654 2779 aut
1695 2738 1883 2780 eorum
1926 2724 2097 2779 ratio-

500 2824 625 2865 nem
671 2811 978 2867 habiturum
1009 2832 1025 2869 :
1054 2814 1184 2884 quin
1222 2814 1593 2886 iudicaturum
1635 2816 1835 2887 potius,
1882 2827 1938 2872 et
1974 2817 2099 2873 vitae

499 2914 783 2975 perperam
832 2915 971 2961 actm
1029 2918 1219 2976 poenas
1275 2916 1633 2973 exacturum,
1684 2908 1927 2964 declarat
1973 2921 2097 2963 cum

500 2992 668 3052 dicit:
710 3015 732 3051 ι
761 2995 829 3053 Ει
859 3000 1117 3054 accedam
1148 2997 1216 3054 ad
1263 3012 1361 3055 vos
1416 2999 1469 3053 in
1515 2999 1743 3070 indicio,
1772 3015 1791 3051 ι
1830 2999 1935 3055 Ιιοο
1980 3009 2095 3065 est,

494 3087 658 3158 iudex
689 3090 968 3156 accedam,
1007 3108 1029 3143 ι
1060 3090 1126 3147 Et
1160 3104 1261 3147 ero
1293 3092 1451 3146 testis
1487 3092 1669 3161 Velox,
1696 3111 1714 3144 ι
1750 3102 1946 3163 sponte
1975 3106 2095 3147 mea

2200 1989 2391 2059 τιμαῖς
2422 1985 2818 2058 ὲμπρέποντες,
2870 1983 2965 2037 ἐπὶ
3014 1982 3195 2037 πάντα
3223 1982 3426 2053 τρόπον
3478 1978 3810 2049 σκαιότητος

2202 2080 2297 2135 καὶ
2334 2076 2756 2150 ἐγχειρημάτων
2805 2076 2978 2147 ᾔεσαν
2998 2116 3012 2139 ,
3046 2075 3299 2145 ἐφαίνετο
3326 2073 3382 2128 δὲ
3416 2073 3560 2147 πέρα
3590 2072 3802 2144 μέτρου

2201 2170 2337 2235 Θεὸς
2390 2169 2790 2241 ἀνεξικακήσας
2828 2169 3014 2232 αὐτοῖς
3061 2165 3353 2238 (ἔστιγὰρ
3389 2164 3612 2235 ἀγαθὸς,
3656 2181 3805 2237 χρη-

2204 2264 2348 2329 στος,
2382 2264 2478 2317 καὶ
2526 2261 2796 2332 ἐπιεικὴς,
2857 2261 2953 2315 καὶ
3000 2258 3453 2332 φιλάνθρωπος),
3509 2256 3679 2330 ταύτῃ
3714 2273 3806 2312 τοι.

2201 2357 2347 2421 τινὲς
2362 2357 2487 2420 τοὺς
2516 2354 2574 2422 ἐξ
2602 2354 2842 2426 ἀκράτου
2871 2353 3240 2425 μικροψυχίας
3260 2350 3559 2424 ὴρεύγοντο
3579 2351 3797 2419 λόγους.

2215 2448 2355 2503 Ἀλλ’
2387 2449 2469 2501 ὅτι
2507 2446 2607 2517 μὲν
2637 2445 2788 2498 ἔσται
2834 2445 2976 2499 κατά
3015 2445 3239 2515 καιροὺς
3290 2444 3683 2515 μεταφοίτησις
3718 2443 3801 2507 εἰς

2200 2541 2260 2597 τὸ
2291 2540 2513 2612 ἄμεινον
2569 2537 2679 2592 τῶν
2736 2537 3089 2609 τεταγμένων
3132 2538 3212 2601 εἰς
3265 2535 3597 2607 ἱερουργίαν,
3633 2551 3806 2606 μετα-

2200 2634 2529 2696 πλάττοντος
2562 2632 2760 2695 αὐτοὺς
2789 2631 2870 2694 εἰς
2909 2629 3208 2699 καινότητα
3239 2627 3385 2697 ζωῆς
3407 2625 3503 2681 τοῦ
3533 2625 3800 2699 Χριστοῦ,

2200 2727 2294 2781 καὶ
2327 2723 2713 2798 μετατιθέντος
2750 2725 2831 2787 εἰς
2854 2721 3157 2793 εὐκοσμίαν
3184 2720 3281 2776 καὶ
3309 2720 3614 2785 εἰςιεύκλεᾶ
3642 2717 3802 2773 πολι-

2198 2817 2348 2875 τείαν
2375 2817 2470 2873 καὶ
2496 2816 2660 2888 ζωὴν,
2689 2816 3103 2888 διαμεμήνυκεν
3129 2813 3399 2887 ἐναργῶς.
3430 2813 3553 2866 ὐτι
3590 2812 3647 2866 δὲ
3670 2814 3804 2876 τοὺς

2198 2912 2299 2983 τῆς
2323 2911 2657 2981 φαυλότητος
2696 2908 3056 2979 ὲπιτηδευτὰς
3090 2909 3189 2962 οὐκ
3216 2907 3283 2963 ἂν
3314 2906 3626 2975 ἀποδέξοιτο
3653 2908 3806 2973 τότε,

2155 3003 2309 3059 ,οὐδ’
2352 3003 2420 3058 ἂν
2471 3000 2758 3069 ἀξιώσειεν
2792 3000 3033 3054 ἐπαίνων
3083 3000 3264 3053 τεκαὶ
3312 2999 3494 3069 λόγου,
3543 3001 3726 3070 κρινεῖ
3746 2998 3810 3053 δὲ

2201 3096 2402 3170 μᾶλλον
2431 3095 2651 3160 αὐτοὺς,
2671 3093 2768 3147 καὶ
2798 3092 2906 3147 τῶν
2936 3092 3181 3158 ἐκτόπως
3209 3091 3560 3163 βεϐιωμένων
3587 3090 3814 3166 ἐξαιτή-

497 3189 555 3235 et
605 3195 634 3235 a
685 3182 905 3238 nemine
961 3182 1282 3239 advocatus.
1332 3181 1613 3254 Improbos
1653 3185 1799 3240 enim
1841 3185 1909 3239 ad
1961 3198 2093 3254 sup-

2201 3206 2283 3243 σει
2343 3187 2517 3252 δίκας,
2554 3187 2834 3258 διατρανοῖ
2869 3185 3064 3254 λέγων·
3135 3203 3152 3236 ι
3188 3185 3301 3239 Καὶ
3354 3183 3613 3257 προσάξω
3659 3184 3809 3256 πρὸς

499 3272 661 3343 plicia
693 3276 970 3332 sententia
1019 3289 1137 3332 mea
1172 3278 1567 3336 condemnabo.
1601 3276 1667 3335 Et
1698 3277 1965 3349 judicium
1998 3295 2094 3334 su-

498 3374 596 3434 per
625 3365 758 3435 ipsis
792 3364 1087 3437 Proferam,
1122 3383 1227 3424 non
1265 3369 1373 3425 alio
1415 3371 1670 3439 quopiam
1715 3385 1905 3425 eorum
1957 3370 2091 3425 vitia

498 3460 787 3529 detegente
817 3477 830 3514 :
868 3460 963 3515 sed
1000 3461 1183 3517 sciens
1217 3460 1342 3527 illa,
1386 3471 1448 3516 ut
1486 3460 1651 3528 Dens,
1708 3460 2001 3518 manifesta
2038 3471 2095 3519 et

495 3550 734 3617 occulta,
775 3560 831 3607 et
870 3551 999 3609 hinc
1045 3552 1269 3610 cuilibet
1321 3553 1592 3611 scelerum
1640 3570 1865 3611 suorum
1913 3554 2089 3611 testis.

493 3645 697 3702 Paulus
743 3660 959 3717 quoque
994 3647 1185 3704 scribit
1237 3647 1531 3718 aliquando
1581 3645 1993 3703 manifestatum
2026 3646 2092 3702 iri

494 3750 623 3795 ante
659 3740 905 3796 tribunal
938 3740 1139 3810 iudicis
1180 3741 1439 3797 mortales
1482 3755 1582 3813 per
1626 3740 1818 3796 orbem
1866 3742 2090 3796 univer-

494 3848 587 3889 sus
607 3833 677 3899 ’⁸,
724 3834 958 3891 invicem
1006 3852 1027 3887 ι
1060 3834 1485 3906 cogitationibus
1540 3836 1950 3902 accusantibus,
1996 3844 2093 3891 aut

492 3926 660 3983 etiam
696 3927 1138 3995 defendentibus,
1178 3929 1232 3984 in
1264 3929 1351 3987 die
1389 3945 1496 4003 qua
1532 3928 1802 4002 iudicabit
1828 3929 1975 3986 Deus
2002 3945 2094 3987 oc-

493 4019 637 4075 culta
682 4020 986 4089 hominum,
1018 4022 1315 4077 secundum
1358 4023 1742 4094 Evangelium,
1781 4039 1878 4097 per
1904 4023 2090 4081 Iesum

492 4109 770 4166 Christum
796 4109 866 4165 ’⁸.
898 4130 917 4163 s
970 4103 1248 4184 Perp‘ende
1294 4117 1568 4183 quomodo
1613 4116 1818 4185 quique
1854 4115 2089 4181 occulte,

490 4203 693 4274 quique
734 4202 1024 4259 manifeste
1070 4212 1468 4274 peccaverunt,
1510 4203 1563 4260 in
1604 4204 1872 4274 judicium
1920 4205 2093 4262 addu-

492 4306 639 4353 ctum
676 4295 743 4351 iri
785 4304 1034 4354 testatur.
1062 4294 1306 4352 Primum
1347 4299 1565 4368 quidem
1603 4298 1876 4354 veneficas
1908 4307 1962 4355 et
1994 4299 2092 4354 ad-

491 4387 699 4442 ulteras
745 4386 1013 4441 nominat.
1048 4384 1255 4443 Deinde
1302 4387 1551 4457 iurantes
1586 4389 1640 4443 in
1672 4389 1960 4446 mendacio
1991 4406 2087 4447 seu

491 4477 761 4549 periuros.
791 4476 895 4532 ista
929 4477 1143 4533 occulta
1172 4489 1299 4535 sunt
1326 4488 1380 4535 et
1413 4479 1552 4536 clam
1589 4489 1921 4550 perpetrata.
1954 4480 2088 4548 Quis

489 4570 637 4625 enim
688 4569 904 4624 tandem
953 4568 1130 4640 palam
1167 4570 1430 4627 venelicia
1483 4570 1774 4627 exerceat?
1819 4582 1911 4626 aut
1948 4588 2086 4644 quo-

2200 3281 2345 3353 ὑμᾶς
2372 3282 2433 3333 ὲν
2465 3279 2647 3350 κρίσει
2669 3319 2684 3343 ,
2712 3298 2730 3330 ι
2765 3277 3067 3344 τουτέστιν,
3092 3276 3167 3340 ὡς
3198 3277 3393 3350 κριτὴς
3426 3276 3809 3350 προσενεχθή-

2199 3391 2384 3446 σομαι,
2422 3392 2441 3425 ι
2483 3373 2577 3426 καὶ
2599 3371 2793 3443 ἔσομαι
2840 3372 3053 3444 μάρτυς
3098 3372 3289 3443 ταχὺς,
3328 3393 3346 3426 s
3378 3372 3673 3443 αὐτόμολος
3703 3372 3811 3445 δη-

2195 3466 2370 3522 λονότι
2396 3466 2491 3521 καὶ
2543 3464 2635 3521 ὑπ’
2660 3465 2876 3531 οὐδενὸς
2911 3465 3274 3536 κεκλημένος.
3328 3464 3810 3537 Καταψηφιοῦμαι

2196 3557 2306 3630 γὰρ
2344 3557 2452 3612 τῶν
2500 3556 2753 3631 πονηρῶν
2779 3556 2878 3630 τὴν
2930 3558 3106 3631 δίκην.
3139 3558 3252 3613 Καὶ
3284 3558 3345 3611 τὸ
3376 3559 3473 3630 μὲν
3501 3558 3587 3612 ἐπ’
3614 3560 3810 3625 αὐτοῖς

2195 3651 2392 3720 ἐξοίσω
2412 3648 2473 3704 τὸ
2504 3653 2700 3723 κρῖμα,
2723 3649 2823 3721 οὐχ
2854 3651 3044 3723 ἐτέρου
3074 3650 3221 3715 τινὸς
3241 3650 3310 3705 τὰ
3333 3652 3391 3704 ὲν
3414 3651 3598 3713 αὐτοῖς
3629 3651 3808 3717 ἐγκα-

2196 3741 2513 3807 λύπτοντος,
2543 3740 2661 3796 ἀλλ’
2694 3739 2871 3806 εἰδὼς,
2901 3739 2977 3806 ὡς
3031 3741 3183 3806 Θεὸς,
3217 3741 3435 3812 ἔμφανῆ
3461 3757 3521 3794 τε
3573 3741 3670 3794 καὶ
3702 3758 3808 3794 κε-

2195 3834 2513 3908 κρυμμένα,
2550 3833 2647 3888 καὶ
2704 3832 2793 3888 διὰ
2838 3832 2933 3888 τοῦ
2999 3835 3305 3898 συνειδότος
3352 3834 3809 3905 καταμαρτυρῶν

2196 3929 2429 3984 ἑκάστου
2460 3926 2569 3981 τῶν
2598 3926 3023 3999 ἡμαρτηκότων.
3053 3928 3197 3999 Ἔφη
3221 3926 3278 3982 δέ
3303 3945 3407 3981 που
3428 3927 3525 3981 καὶ
3556 3929 3584 3981 6
3606 3925 3811 3981 θεσπί-

2196 4042 2313 4089 σιος
2346 4022 2581 4088 Παῦλος,
2620 4019 3072 4095 παραστήσεσθαι
3102 4019 3246 4074 κατὰ
3277 4019 3504 4090 καιροὺς
3528 4018 3606 4090 τῷ
3629 4022 3808 4093 κριτῇ

2193 4114 2320 4177 τοὺς
2344 4112 2448 4166 ἀνὰ
2473 4113 2654 4166 πᾶσαν
2687 4110 2787 4180 τὴν
2833 4112 2957 4182 γῆν,
3002 4110 3207 4182 μεταξὺ
3242 4107 3487 4181 ἀλλήλων
3520 4128 3540 4162 ι
3570 4109 3678 4162 τῶν
3704 4108 3811 4163 λο-

2194 4202 2411 4275 γισμῶν
2468 4200 2946 4275 κατηγορούντων,
3004 4199 3036 4272 ἢ
3090 4200 3188 4254 καὶ
3236 4199 3696 4272 ἀπολογουμένων
3740 4201 3810 4258 ἐν

2194 4296 2378 4368 ἡμέρᾳ
2470 4296 2650 4367 κρινεῖ
2704 4297 2733 4349 6
2771 4294 2906 4359 Θεὸς
2956 4292 3026 4348 τὰ
3057 4292 3280 4366 κρυπτὰ
3322 4293 3432 4347 τῶν
3461 4292 3806 4368 ἀνθρώπων,

2196 4387 2338 4442 κατὰ
2386 4387 2449 4440 τὸ
2500 4385 2835 4456 Εὗαγγέλιόν
2883 4404 3011 4458 μου,
3069 4385 3159 4445 διὰ
3222 4385 3398 4457 Ἰησοῦ
3462 4385 3726 4455 Χριστοῦ.
3785 4405 3807 4439 s

2198 4475 2391 4549 Ἀθρει
2418 4475 2476 4530 δὲ
2503 4474 2653 4540 ὅπως
2677 4473 2804 4541 τούς
2835 4493 2891 4530 τε
2948 4474 3017 4530 τὰ
3064 4475 3285 4548 κρυπτά
3312 4475 3407 4529 καὶ⁵
3446 4475 3667 4547 ἐμφανῆ
3701 4492 3812 4529 πε-

2194 4567 2662 4641 πλημμεληκότας
2706 4567 3214 4641 παρενεχθήσεσθαι
3246 4585 3412 4641 φησιν
3452 4570 3529 4634 εἰς
3585 4569 3809 4641 κρίσιν.

492 4663 653 4717 modo
695 4661 1021 4718 adulterium
1048 4662 1399 4719 committens
1430 4663 1600 4734 aspici
1643 4664 1712 4719 ab
1747 4663 1930 4734 aliquo
1960 4679 2085 4721 sus-

2197 4652 2429 4733 Πρώτας
2470 4660 2568 4730 μὲν
2590 4658 2700 4728 γὰρ
2733 4659 2990 4732 ὀνομάζει
3038 4660 3364 4732 φαρμακοὺς
3403 4659 3497 4713 καὶ
3549 4659 3813 4731 μοιχαλία

493 4750 700 4808 tiueati
734 4753 1001 4809 Existimo
1059 4763 1241 4809 autem
1301 4755 1465 4810 etiam
1521 4767 1830 4826 peierantes
1897 4756 2087 4811 conari

489 4847 679 4899 latere.
709 4843 869 4901 Tales
903 4853 963 4900 ut
994 4846 1192 4903 stultos
1244 4847 1597 4918 reprehendit
1632 4850 1826 4905 beatus
1867 4848 2035 4903 David
2071 4866 2084 4902 :

494 4957 513 4989 ι
536 4937 840 5007 Inlelligite,
868 4940 1185 5009 insipientes
1206 4941 1258 4996 in
1284 4940 1572 5012 populo,et
1594 4942 1767 5009 stulti,
1796 4941 2089 5011 aliquando

487 5029 683 5098 sapite.
721 5027 891 5103 856
937 5029 1041 5098 Qui
1086 5030 1348 5102 plantavit
1376 5047 1589 5098 aurem,
1631 5048 1734 5086 non
1777 5030 1965 5086 audit?
1992 5037 2089 5085 aut

488 5123 579 5193 qui
606 5122 762 5179 ﬁnxit
786 5120 1024 5193 oculum,
1055 5141 1162 5181 non
1181 5123 1592 5181 considerat"?
1616 5144 1635 5178 ι
1664 5123 1807 5181 Nihil
1832 5133 1916 5179 est
1938 5123 2084 5185 enim

488 5215 716 5272 omnino
748 5217 893 5286 quod
925 5216 1068 5275 Deus
1100 5232 1206 5274 non
1260 5218 1462 5282 videat,
1495 5226 1550 5273 et
1581 5216 1732 5272 solus
1762 5215 1977 5272 occulta
2028 5222 2085 5271 et

490 5321 677 5381 aperta
722 5320 941 5383 peccata
982 5312 1170 5368 videt:
1206 5314 1300 5369 sed
1351 5310 1443 5366 illa
1494 5310 1712 5379 quidem
1748 5309 2091 5366 clandestine

491 5416 546 5460 et
575 5405 730 5475 quasi
764 5405 816 5461 in
850 5407 1092 5462 tenebris
1124 5405 1433 5475 designata.
1461 5401 1721 5473 Adiungit
1750 5404 1945 5458 deinde
1978 5400 2086 5458 illis

494 5494 782 5551 manifesta
846 5511 1096 5567 quoque.
1153 5494 1401 5566 privare,
1463 5494 1719 5562 inquam,
1771 5492 2086 5564 operarium
2136 5528 2141 5533 -

494 5586 775 5654 mercede;
811 5588 1105 5641 avaritiam
1148 5592 1204 5640 et
1252 5583 1629 5655 tyrannidem,
1665 5599 1828 5655 quam
1864 5585 2082 5654 quidem

493 5675 754 5733 adversus
809 5675 1217 5741 imbecilliores,
1255 5675 1443 5731 viduas
1496 5683 1622 5745 puta
1671 5683 1727 5730 et
1783 5676 2081 5744 orphanos,

2196 4751 2326 4816 δας,
2354 4749 2471 4807 εἶτα
2496 4751 2623 4815 τοὺς
2654 4751 2957 4823 ὀμνύοντας
3012 4752 3107 4805 ἐπὶ
3165 4749 3373 4822 ψεύδει.
3416 4751 3815 4822 Κεκρυμμένα

2196 4842 2255 4899 δὲ
2278 4842 2452 4898 ταῦτα
2474 4844 2568 4897 καὶ
2608 4842 2913 4915 λεληθότως
2967 4843 3243 4917 δρώμενα.
3270 4844 3367 4909 Τίς
3408 4843 3517 4916 γὰρ
3546 4843 3613 4899 ἂν
3656 4844 3815 4912 ὅλως

2196 4936 2547 5009 γοητεύσειεν
2598 4937 2893 5009 ὲμφανῶς;
2943 4936 2976 5010 ἢ
3029 4937 3147 5003 πῶς
3203 4937 3271 4992 ἂν
3316 4937 3491 4991 ἕλοιτο
3543 4937 3814 5009 μοιχαλὶς

2195 5029 2427 5103 ὁρᾶσθαι
2454 5030 2589 5103 πρός
2612 5048 2783 5097 τινος;
2821 5031 2910 5084 Ἐν
2935 5030 3140 5101 σπουδῇ
3200 5029 3278 5095 δὲ,
3314 5024 3489 5100 οἶμαι,
3525 5029 3588 5083 τὸ
3607 5028 3812 5083 λαθεῖν

2194 5121 2423 5186 καὶτοῖς
2440 5121 2760 5195 ψευδορκεῖν
2785 5122 3105 5194 ᾑρημένοις.
3135 5121 3556 5183 Ἀσυνετοῦντας
3575 5119 3633 5175 δὲ
3663 5120 3809 5186 τοὺς

2191 5213 2470 5281 τοιούτους
2500 5213 3007 5286 ἀπελέγχει-λέγων
3033 5216 3061 5269 6
3093 5214 3361 5286 μακάριος
3398 5202 3583 5267 Ᾱαείδ·
3612 5232 3631 5265 ι
3653 5213 3801 5267 Σύν-

2192 5324 2283 5362 ετε
2308 5309 2394 5381 δὴ,
2449 5309 2682 5382 ἄφρονες
2712 5311 2767 5363 ἐν
2796 5308 2872 5379 τῷ
2893 5307 3030 5381 λαῷ,
3073 5309 3166 5364 καὶ
3201 5308 3397 5380 μωροὶ,
3425 5309 3554 5362 ποτὲ
3584 5310 3803 5380 φρονή-

2193 5419 2344 5459 σατε.
2392 5405 2448 5459 Ὀ
2475 5403 2752 5474 φυτεύσας
2779 5402 2842 5458 τὸ
2867 5398 2980 5467 οὖς,
3024 5403 3147 5474 ούχὶ
3185 5402 3413 5469 ἀκούεις
3447 5401 3479 5473 ἢ
3514 5404 3542 5456 6
3572 5401 3804 5467 πλάσας

2191 5496 2491 5569 ὀφθαλμὸν,
2554 5497 2678 5568 οὐχὶ
2714 5499 3006 5562 κατανοεῖ;
3042 5515 3061 5548 s
3097 5496 3379 5551 Ἀποπτον
3407 5495 3517 5569 γὰρ
3540 5495 3620 5566 τῷ
3668 5495 3799 5565 Θεῷ

2192 5588 2472 5653 παντελῶς
2506 5588 2681 5651 οὐδὲν,
2719 5586 2829 5641 οἶδε
2854 5587 2911 5641 δὲ
2939 5587 3102 5658 μόνος
3123 5587 3192 5642 τά
3219 5587 3582 5659 κεκρυμμένα
3605 5584 3699 5639 xal
3719 5584 3800 5638 τὰ

2190 5680 2409 5753 ἐμφανῆ
2446 5678 2556 5735 τῶν
2583 5678 2793 5735 κακῶνο-
2825 5679 2939 5735 ἀλλ’
2984 5683 3169 5737 ἐκεῖνα
3227 5681 3326 5753 μὲν
3366 5680 3436 5736 τὰ
3483 5677 3794 5753 λεληθότως

574 5845 612 5887 ⁷⁵
640 5848 872 5913 Mal-ach.
905 5868 963 5920 tt,
997 5854 1080 5911 l7.
1160 5855 1204 5888 "
1238 5851 1280 5906 Il
1316 5851 1442 5910 Cor.
1471 5868 1520 5922 v,
1558 5851 1640 5910 l0.
1722 5853 1767 5886 "
1798 5852 1959 5912 Rom.
1985 5868 2047 5922 tt,
2082 5854 2094 5907 1

2209 5851 2294 5909 16.
2373 5854 2414 5887 ⁷⁷
2445 5852 2588 5910 Psal.
2630 5870 2782 5922 xcm,
2821 5854 2874 5926 8,
2903 5855 2956 5913 9.
