4098 6490
381 340 501 400 341
638 384 647 392 .
1244 335 1814 397 COMMENTARIUS
1853 337 1923 396 IN
1964 341 1999 396 11

2117 338 2384 399 ACHIAH
2421 324 2901 421 PROPHE'I‘AM.’
3620 334 3732 421 “ﬁt

387 456 594 524 καὶάκ
626 456 685 511 ἐν
716 456 903 511 σκότει
932 454 1210 528 δρώμενα.
1261 459 1613 530 Προσεπάγει
1658 477 1722 530 γε
1762 461 1871 534 μὴν
1924 460 2005 516 αὖ·

2128 462 2481 521 adbibercnt.
2506 460 2606 518 His
2642 460 2794 518 addit
2828 458 2996 516 etiam
3028 464 3411 528 pervertentes
3449 465 3601 516 recte
3639 458 3730 527 je-

386 554 510 617 τοῖς
542 551 638 606 καὶ
666 551 737 606 τά
766 548 1011 621 ἐμφανῆ,
1059 551 1122 605 τὸ
1163 550 1545 625 ἀποστερῆσαι
1565 595 1580 619 ,
1614 554 1785 626 φημὶ,
1820 551 2004 626 μισθὸν

2121 557 2283 625 dicia,
2316 566 2374 614 et
2415 572 2523 613 non
2555 556 2817 612 timentes
2844 568 2991 611 eum.
3027 551 3188 610 Tales
3219 559 3384 611 erunt
3425 550 3518 623 qui
3557 549 3737 607 etiam

392 644 704 718 μισθωτοῦ,
730 642 1048 710 πλεονεξίαν
1073 662 1134 699 τε
1177 644 1273 699 καὶ
1326 647 1816 714 καταδυναστείαν,
1853 650 1920 722 ἦν
1947 647 2010 703 ἂν

2122 649 2232 704 alio
2285 647 2446 705 modo
2488 661 2653 718 quam
2697 660 2844 701 nunc
2885 644 3233 703 ostendimus
3275 642 3445 698 Deum
3497 640 3725 698 violant.

387 739 643 795 ποιοῖντό
688 756 837 804 τινες
888 739 1031 795 κατὰ
1054 739 1165 794 τῶν
1215 741 1652 817 ἀσθενεστέρων,
1706 743 1891 817 χηρῶν
1925 744 2005 817 δὴ,

2121 742 2215 798 Ait
2246 755 2416 813 ergo:
2449 739 2558 796 Ero
2577 739 2771 809 judex,
2803 748 2859 795 et
2889 737 3048 794 testis
3086 736 3272 803 velox,
3297 743 3353 791 et
3384 733 3729 790 voluntarius

387 833 572 902 λέγω,
601 831 700 886 καὶ
720 832 999 904 ὀρφανῶν.
1038 832 1378 906 Προστίθησι
1422 835 1481 890 δὲ
1509 836 1724 903 τούτοις
1766 837 1859 894 καὶ
1888 838 2005 904 τοὺς

2124 847 2291 905 super
2322 831 2602 889 veneﬁcas
2629 838 2686 888 et
2719 830 3062 899 libidinosas,
3100 836 3564 900 peccatorumque
3594 824 3728 881 alio-

388 924 833 998 διαστρέφοντας
862 926 930 980 τά
958 925 1097 999 ὀρθά
1130 927 1241 983 τῶν
1272 929 1583 1001 χριμάτων,
1639 930 1735 987 καὶ
1775 933 1904 995 τοὺς
1942 934 2006 1005 μὶ

2124 943 2245 984 rum
2282 928 2581 1001 studiosos.
2633 926 2926 984 Probabile
2958 933 3045 983 est
3083 938 3220 982 sane
3269 921 3584 993 huiusmodi
3633 919 3732 975 ila-

388 1016 774 1090 φοσουμένους
809 1018 994 1072 αὐτόν.
1021 1011 1180 1073 Οὗτοι
1208 1018 1254 1073 δ’
1297 1018 1364 1074 ἂν
1393 1017 1505 1075 εἷεν
1536 1022 1632 1077 καὶ
1661 1026 1712 1077 οἰ
1738 1023 1863 1079 καθ’
1887 1023 2006 1079 ἓτε-

2124 1021 2257 1093 gitia
2302 1021 2568 1092 quosdam
2608 1018 2700 1074 illa
2749 1026 2913 1074 aetate
2962 1032 3130 1074 ausos
3163 1016 3473 1087 suscipere,
3517 1021 3574 1071 et
3607 1026 3733 1081 pro-

391 1109 492 1181 ρόν
518 1126 643 1164 τινα
664 1110 871 1182 τρόπον
905 1111 1060 1184 παρά
1086 1128 1152 1182 γε
1206 1114 1336 1178 τοὺς
1360 1113 1567 1185 ἀρτίως
1613 1116 1751 1187 ἡμῖν
1780 1114 2009 1190 εἰρημέι

1613 1116 1751 1187 ἡμῖν
1780 1114 2010 1190 εἰρημέ-
2124 1121 2249 1184 pter
2280 1113 2428 1184 ipsos
2460 1112 2664 1169 multos
2699 1111 2809 1169 Deo
2850 1109 3220 1166 maledixisse.

386 1218 521 1266 νους
547 1199 849 1266 λυποῦντες
892 1201 1045 1257 Θεόν.
1086 1202 1324 1276 Ἐσομαι
1358 1204 1561 1272 τοίνυν,
1586 1208 1763 1280 ,φησίη
1796 1207 2015 1280 κριτὴς,
2057 1204 2154 1260 καὶ
2222 1205 2439 1278 μάρτυς
2477 1207 2672 1276 ταχὺς,
2732 1204 2830 1259 καὶ
2892 1201 3196 1275 αὐτόμολος
3254 1200 3348 1257 ἐπὶ
3402 1198 3736 1273 φαρμακοὺς

384 1297 490 1351 καὶ
523 1294 870 1368 μοιχαλίδας,
898 1296 1155 1361 καὶτοὺς
1191 1296 1301 1351 τῶν
1327 1298 1537 1371 ἐτέρων
1586 1300 1775 1356 κακῶν
1844 1300 2227 1373 ὲπιτηδευτάς.
2271 1302 2436 1366 Εἰκὸς
2483 1300 2542 1355 δὲ
2606 1299 2671 1372 δὴ
2730 1299 2914 1354 τοιάδε
2982 1298 3106 1353 κατ’
3141 1297 3322 1351 ἐκεῖνο
3381 1292 3579 1368 καιροῦ
3605 1293 3733 1349 τολ-

389 1388 612 1462 μᾶσθαι
649 1387 806 1462 παρά
827 1405 960 1453 τισι,
983 1389 1079 1443 καὶ
1100 1390 1187 1444 ἐπ’
1209 1390 1395 1456 αὐτοῖς
1421 1392 1675 1461 γενέσθαι
1701 1394 1846 1450 κατά
1868 1392 2005 1450 Θεοῦ
2042 1392 2145 1466 τὴν
2169 1393 2281 1449 τῶν
2302 1393 2515 1450 πολλῶν
2538 1390 2943 1464 γλωσσαλγίαν.
3320 1460 3323 1463 _

467 1485 568 1537 Δεῖ
596 1482 664 1554 δὴ
688 1477 785 1538 οῦν
808 1483 920 1556 ἄρα
943 1482 1109 1538 παντὶ
1142 1483 1323 1540 σθένει
1380 1487 1776 1560 παραιτεῖσθαι
1812 1488 1883 1544 τά
1916 1504 2017 1545 πο-

2230 1489 2468 1558 [uocirca
2516 1502 2656 1558 opus
2704 1496 2791 1542 est
2832 1485 2984 1543 omni
3015 1487 3369 1544 contentione
3410 1482 3660 1553 refugere
3704 1498 3734 1537 ιι
3844 1552 3848 1557 _

387 1575 565 1651 νηρά,
585 1577 682 1631 καὶ
702 1579 820 1642 τοῖς
847 1577 1130 1648 ἀμείνοσιν
1153 1578 1487 1652 ἐπιτρέχειν,
1506 1582 1605 1637 καὶ
1621 1581 1804 1637 ἀποπε
1813 1583 2005 1656 ραίνειι

2122 1580 2309 1654 pravis
2342 1577 2623 1651 operibus,
2666 1588 2723 1635 et
2768 1579 2836 1635 ad
2885 1579 3054 1650 proba
3088 1577 3376 1642 festinare,
3417 1582 3474 1631 et
3505 1574 3639 1630 eniti
3669 1588 3734 1629 ea

386 1670 724 1740 ιπείγεσθαι
755 1669 827 1725 τὰ
849 1670 917 1724 δι’
942 1663 1018 1725 ὧν
1054 1670 1122 1726 ἂν
1153 1670 1366 1743 γένοιτό
1413 1691 1500 1740 τις
1544 1675 1772 1731 ἐπαίνου
1814 1677 2004 1743 παντὸς

2126 1682 2391 1746 praestare
2423 1687 2518 1743 per
2555 1686 2679 1743 quae
2725 1671 2851 1743 quis
2901 1670 3053 1727 omni
3089 1679 3148 1726 et
3189 1670 3436 1726 bonitate
3466 1676 3527 1724 et
3574 1665 3736 1722 laude

388 1762 493 1819 καὶ
524 1763 839 1828 ἐπιεικείας
884 1761 1162 1834 ἔμπλεως.
1211 1750 1535 1839 Ἀμοιρήσει
1568 1767 1678 1840 γὰρ
1731 1767 1877 1823 οὕτω
1921 1770 2006 1851 καί

2127 1765 2457 1821 cumuletur.
2488 1761 2583 1820 Sic
2620 1763 2768 1820 enim
2813 1763 3011 1821 evadet
3064 1760 3332 1834 supplicia
3386 1775 3509 1832 quae
3547 1775 3579 1815 a
3624 1760 3737 1816 Deo

386 1856 509 1911 τῶν
569 1856 638 1911 ὲκ
697 1856 851 1921 θείας
892 1856 1070 1930 ὀργῆς
1112 1857 1597 1930 ὲποισθησομένων
1633 1862 1749 1926 τοῖς
1799 1848 2004 1916 εἰωθόσι

2127 1856 2270 1913 irato
2305 1854 2688 1928 peccatoribus
2740 1853 3083 1927 inﬂiguntur.
3135 1853 3331 1926 Capiet
3383 1862 3567 1910 autem
3616 1850 3735 1925 glo-

387 1948 771 2021 πλημμελεῑν.
803 1949 999 2004 Ἔσται
1023 1950 1082 2005 δὲ
1111 1950 1222 2006 ἔσω
1250 1952 1346 2007 καὶ
1370 1951 1553 2026 γερῶν
1583 1953 1681 2009 καὶ
1713 1954 1896 2029 δόξης,
1941 1947 2005 2011 ὧι

2129 1948 2265 2005 riam
2321 1956 2375 2005 et
2406 1947 2630 2020 praemia
2676 1947 2878 2020 quibus
2914 1947 3059 2006 Deus
3101 1962 3164 2004 se
3219 1946 3512 2019 diligentes
3545 1962 3736 2005 mune-

388 2042 466 2098 ἃν
494 2042 713 2114 ἐπιδοίη
740 2041 877 2109 Θεὸς
908 2046 1020 2108 τοῖς
1041 2043 1333 2114 ἀγαπῶσιν
1362 2045 1549 2102 αὐτόν.
2126 2051 2310 2100 ratur.
2562 2116 2567 2123 η

470 2137 633 2191 Διότι
666 2135 784 2208 ἐγὼ
836 2137 1056 2208 Κύριος
1085 2140 1119 2193 ό
1154 2136 1299 2206 Θεὸς
1336 2137 1544 2209 ὑμῶν,
1610 2140 1712 2199 καὶ
1769 2142 1883 2198 οὐκ
1910 2142 2017 2198 ἁλι

2200 2134 2366 2193 Vses.
2399 2135 2455 2193 6.
2504 2135 2772 2205 Quoniam
2804 2152 2900 2208 ego
2949 2135 3210 2193 Dominus
3262 2133 3400 2191 Deus
3449 2142 3639 2197 uester,
3686 2141 3734 2188 et

382 2229 704 2301 λαιοῦμαι.
753 2229 867 2284 Καὶ
922 2229 1115 2301 ὑμεῖς,
1155 2233 1211 2287 ol
1265 2233 1385 2286 υἱοὶ
1439 2232 1677 2299 Ἰακὼϐ,
1733 2235 1847 2290 οὐκ
1906 2234 2000 2290 ἀπε

2129 2246 2232 2285 non
2259 2241 2457 2286 mutor.
2488 2228 2555 2284 Et
2604 2246 2724 2298 vos,
2760 2228 2863 2300 ﬁlii
2904 2227 3096 2295 Jacob,
3148 2245 3258 2284 non
3291 2227 3641 2282 abstinebam
3670 2226 3744 2286 ab.

383 2323 621 2397 ἔχεσθε
651 2321 774 2379 ἀπὸ
805 2321 926 2378 τῶν
946 2321 1198 2379 ἀδικιῶν
1230 2321 1349 2378 τῶν
1370 2324 1647 2396 πατέρων
1665 2324 1855 2397 ὑμῶν.
1884 2327 2001 2396 Ἑξι

2128 2325 2501 2397 iniquitatibus
2539 2334 2757 2392 patrum
2797 2333 3114 2379 uestrorum.
3158 2320 3484 2379 Decliuastis
3530 2337 3566 2375 ιι
3607 2319 3738 2391 legi;-

384 2417 686 2472 εκλίνατε
729 2413 954 2486 νόμιμὰ
971 2433 1116 2495 μου,
1159 2417 1257 2472 καί
1283 2417 1395 2473 οὐκ
1433 2417 1848 2488 ἐφυλάξασθε.

1433 2417 1848 2488 ἐφυλάξασθε.
2129 2419 2276 2475 timis
2305 2419 2458 2483 meis,
2486 2428 2534 2472 et
2575 2433 2680 2472 non
2711 2416 3038 2471 custodistis.

469 2509 601 2566 AZ'.
656 2507 936 2581 Ἐξίστησι
966 2510 1133 2575 πάλιν
1156 2512 1356 2577 αὐτοὺς
1387 2509 1623 2567 ἀνοσίων
1678 2513 1899 2569 ἐννοιῶν
1926 2514 2024 2572 καὶ

2203 2509 2468 2568 XXXVII.
2511 2510 2701 2566 Denuo
2734 2509 2882 2579 ipsos
2908 2508 2979 2564 ab
3012 2507 3194 2580 impiis
3227 2504 3659 2579 cogitationibus
3683 2513 3740 2559 et

389 2602 634 2678 προσέτι
687 2604 980 2677 ῥημάτων.
1038 2606 1113 2659 Τὸ
1150 2605 1260 2678 γὰρ
1312 2606 1525 2662 οἴεσθαί
1572 2626 1693 2674 πως
1728 2608 2007 2682 ἢμετατε-

2128 2606 2314 2663 verbis
2343 2604 2653 2674 detorquet.
2699 2600 2839 2658 Nam
2876 2601 3197 2658 existimare
3224 2613 3348 2657 esse
3388 2600 3737 2655 immutatum

386 2696 650 2770 τράφθαι
690 2699 784 2752 τὸν
832 2697 947 2752 τῶν
989 2698 1130 2755 ὅλων
1174 2698 1310 2755 Θεὸν
1339 2701 1451 2756 ἀπό
1504 2718 1571 2771 γε
1611 2702 1708 2758 τοῦ
1739 2702 1920 2758 θέλειν
1951 2703 2004 2758 τε

2133 2699 2518 2755 universorum
2554 2697 2725 2753 Deum
2749 2712 2781 2751 a
2813 2695 3093 2752 voluntate
3119 2695 3248 2752 boni
3280 2695 3335 2750 in
3372 2694 3751 2757 contrarium,

388 2788 590 2861 ἀγαθά
625 2788 764 2862 πρὸς
789 2789 852 2843 τὸ
874 2788 1141 2856 ἐναντίον,
1198 2790 1293 2844 καὶ
1325 2790 1549 2864 ἀγαπᾷν
1569 2791 1666 2864 μὲν
1688 2791 1874 2848 οὐκέτι
1918 2793 2006 2864 τὴι

2130 2806 2235 2848 nec
2271 2792 2339 2847 de
2381 2800 2581 2847 caetero
2625 2789 2852 2862 diligere
2877 2789 3173 2861 justitiam,
3208 2786 3511 2858 {avareque
3540 2802 3734 2844 conse-

389 2882 781 2956 δικαιοσύνην,
833 2881 1199 2955 ἀποδέχεσθαι
1242 2882 1299 2938 δὲ
1348 2884 1474 2949 τοὺς
1530 2885 1630 2956 τῆς
1684 2885 2007 2958 φαυλότητος

2130 2881 2434 2942 ctatoribus
2478 2882 2882 2952 improbitatis,
2927 2882 3207 2954 quomodo
3263 2897 3370 2938 non
3419 2880 3736 2952 imperitiae,

392 2977 673 3050 ἐραστὰς,
725 2976 847 3043 πῶς
880 2978 983 3032 οὐκ
1033 2977 1269 3050 ἀμαθὲς,
1333 2978 1537 3050 μᾶλλον
1573 2979 1632 3033 δὲ
1686 2979 1900 3052 ἀπηχὲς
1926 2980 2010 3035 καί

2132 2976 2241 3033 imo
2279 2976 2629 3041 absurditati,
2665 2985 2719 3031 et
2750 2990 2967 3032 summo
3000 2974 3221 3044 sceleri,
3247 2984 3302 3030 et
3338 2988 3599 3031 extremae
3630 2975 3738 3030 im-

364 3070 631 3126 ’ἁνόσιον
674 3070 961 3135 παντελῶς
994 3071 1209 3144 καὶτῆς
1269 3071 1535 3127 ἀνωτάτω
1569 3069 1890 3138 δυσσεϐείας
1923 3090 1982 3145 με

2132 3069 2320 3141 pietati
2355 3069 2740 3125 ascribendum
2772 3067 2894 3124 est?
2940 3067 3171 3136 Quando
3212 3068 3395 3139 igitur,
3436 3068 3636 3138 inquit,
3668 3069 3737 3124 ad

396 3164 798 3237 μεστωμὲνον;
829 3164 1002 3220 Ὅταν
1030 3164 1210 3219 τοίνυν
1257 3165 1578 3249 ὑπὸ-κρίσιν
1639 3166 1788 3239 ἴδητε
1821 3167 2014 3223 καλου-

2125 3160 2393 3234 judicium
2441 3159 2624 3216 vocari
2669 3160 2916 3216 videritis
2969 3158 3276 3225 veneﬁcas,
3330 3173 3425 3217 seu
3481 3159 3738 3217 incautae

397 3262 633 3335 μένους,
664 3260 944 3333 φησί,τὰς
992 3276 1052 3314 τε
1094 3260 1229 3331 παρ’
1260 3244 1392 3330 ὑμῖν
1448 3262 1803 3332 φαρμακοὶς,
1856 3262 2015 3335 ἦγουι

2140 3260 2299 3317 lrices
2331 3267 2550 3316 vestras
2584 3257 2736 3331 (sunt
2766 3264 2951 3313 autem
2987 3256 3325 3313 muliercula
3356 3255 3477 3312 ista
3506 3255 3758 3324 garrula;

394 3356 656 3428 ξπῳδοὺς
706 3352 949 3425 (γύναια
978 3350 1037 3407 δὲ
1067 3351 1291 3418 πάντως
1336 3350 1546 3425 ψιθυρά
1600 3370 1663 3407 τε
1723 3354 1818 3409 καὶ
1848 3354 2012 3427 βωμοι

2131 3362 2187 3411 et
2213 3349 2646 3423 assentatrices),
2676 3359 2732 3406 ct
2766 3350 2894 3409 aliis
2924 3350 3147 3423 ﬂagitiis
3178 3348 3392 3417 aliisue,
3416 3358 3549 3405 tunc
3578 3345 3747 3405 rebus

395 3446 543 3519 λόχα
555 3446 760 3518 ταυτὶ),
782 3446 1027 3510 καὶτοὺς
1049 3443 1159 3499 τῶν
1187 3443 1394 3515 ἐτέρων
1428 3444 1618 3501 κακῶν
1642 3446 2013 3519 ὲπιτηδευτάςη

2130 3444 2266 3517 ipsis
2315 3444 2661 3516 cognoscetis
2701 3444 2832 3517 quia
2862 3459 2964 3516 ego
2997 3460 3120 3502 sum
3165 3445 3432 3501 Dominus
3471 3443 3618 3507 Deus
3642 3458 3742 3500 ve—

393 3539 556 3604 τότε,
589 3542 780 3612 φησὶν,
807 3536 1184 3609 ἐπιγνώσεσθε
1221 3537 1312 3593 διά
1355 3538 1700 3611 πραγμάτων
1733 3539 1917 3595 αὐτῶν
1945 3541 2011 3596 ὅτ

2129 3549 2266 3608 ster,
2293 3548 2350 3595 et
2386 3538 2517 3595 olim
2562 3547 2616 3595 et
2658 3553 2809 3595 nunc
2846 3538 3024 3597 bonus
3061 3538 3224 3596 simul
3257 3546 3310 3597 et
3360 3540 3633 3597 bonorum
3678 3553 3744 3595 ac

396 3634 523 3704 ἑγὼ
551 3632 761 3706 Κύριος
793 3634 823 3687 ὁ
856 3631 991 3696 Θεὸς
1022 3631 1200 3702 ὑμῶν,
1232 3631 1260 3684 ὁ
1287 3628 1458 3686 πάλαι
1492 3648 1555 3686 τε
1580 3632 1679 3687 καὶ
1706 3629 1802 3688 νῦν
1822 3632 2014 3704 ἀγαθός

2131 3634 2352 3691 virtutis
2391 3646 2606 3689 amans.
2636 3630 2835 3690 Nescio
2862 3634 3012 3690 enim
3046 3631 3409 3689 mutationem
3443 3642 3540 3688 aut
3578 3631 3744 3689 vicis-

395 3744 465 3782 τε
494 3725 635 3798 όμοῦ
670 3726 767 3781 καὶ
802 3723 1117 3797 φιλάρετος.
1174 3723 1252 3777 Οὐ
1298 3724 1411 3797 γάρ
1460 3717 1582 3779 οἶδα
1627 3726 1901 3799 τροπὴνῆ
1935 3726 2013 3781 ἀλ.

2130 3728 2446 3785 situdinem.
2471 3729 2587 3800 Ego
2640 3725 2793 3783 enim
2820 3739 3039 3796 semper
3062 3732 3119 3781 et
3145 3724 3290 3782 citra.
3312 3722 3742 3782 mutabilitatem

392 3818 652 3874 λοίωσιν.
691 3816 833 3872 Ἀλλ’
857 3815 971 3887 ἐγὼ
1021 3814 1121 3887 μὲν
1160 3814 1281 3887 εἰμί
1325 3815 1621 3883 διαπαντὸς
1664 3819 1761 3873 καὶ
1816 3819 2010 3890 ἀμετα-

2130 3835 2253 3877 sum
2297 3820 2444 3892 quod
2493 3834 2616 3876 sum
2659 3836 2675 3875 :
2717 3833 2814 3875 vos
2852 3825 3062 3884 autem,
3113 3815 3326 3887 inquit,
3383 3816 3638 3889 quamvis
3669 3833 3738 3875 ex

398 3909 630 3975 στάτως
649 3909 801 3965 τοῦθ’
828 3912 969 3983 ὅπερ
999 3906 1138 3979 εἰμί’
1167 3907 1328 3979 ὑμεῖς
1352 3909 1432 3975 δὲ,
1457 3911 1614 3982 φησι,
1639 3910 1822 3966 καίτοι
1861 3928 2016 3983 γεγο-

2129 3911 2301 3973 Jacob
2330 3911 2699 3984 progenerati,
2739 3910 2965 3968 homine
2994 3910 3082 3981 pio
3111 3918 3166 3967 et
3193 3909 3361 3979 bono,
3390 3919 3447 3966 et
3471 3911 3564 3981 qui
3597 3924 3743 3966 sem-

394 4006 565 4069 νότες
599 4004 659 4071 ἐξ
698 4002 919 4071 Ἰακὼϐ,
973 4003 1169 4077 ἀνδρὸς
1219 4002 1471 4075 φιλοθέου
1498 4002 1594 4058 καὶ
1647 4001 1881 4073 ἀγαθοῦ,
1931 4003 2012 4059 κατ

2131 4022 2231 4076 per
2271 4005 2679 4064 contumaciam
2712 4005 2827 4060 odit
2853 4019 2922 4060 ac
2955 4003 3067 4060 Deo
3100 4004 3365 4070 servivit,
3398 4003 3568 4077 857
3597 4004 3741 4060 illius

399 4094 794 4172 μεμισηκότος
831 4094 1002 4151 ἀεὶτὸ
1023 4096 1259 4170 ὲξήνιον,
1283 4096 1381 4150 καὶ
1408 4093 1532 4167 Θεῷ
1559 4095 1934 4163 δουλεύοντος,
1963 4097 2017 4152 0i

2132 4112 2318 4155 mores
2352 4097 2666 4168 exprimere
2696 4111 2805 4152 non
2837 4095 3002 4151 enixe
3036 4094 3353 4163 studuistis;
3393 4099 3493 4153 sed
3519 4106 3737 4167 patrum

336 4237 342 4239 μ
394 4192 517 4249 τῶν
541 4189 757 4246 ἐκείνου
782 4190 1006 4263 τρόπων
1070 4190 1332 4261 γεγόνατε
1362 4187 1626 4260 ζηλωταί·
1668 4188 1929 4261 μιμεῖσθε

2129 4201 2443 4252 vestrorum
2511 4190 2944 4247 inolsedientiam
2997 4197 3056 4246 et
3103 4189 3466 4260 pertinaciam
3530 4190 3740 4247 imitari

399 4284 619 4360 μᾶλλον
655 4284 768 4339 τῶν
795 4283 919 4339 καθ’
938 4284 1084 4357 ὑμᾶς
1116 4284 1374 4356 πατέρων
1395 4282 1458 4336 τὸ
1484 4280 1712 4364 ἀπειθὲς
1757 4280 1854 4338 καὶ
1899 4282 2017 4337 δυσ‹

2132 4285 2412 4344 mavultis.
2437 4282 2543 4353 Qui
2574 4290 2632 4342 et
2660 4284 2762 4340 hac
2795 4284 2862 4341 de
2892 4298 3059 4342 causa
3089 4283 3293 4356 captivi
3319 4283 3514 4355 patriae
3537 4282 3746 4341 (intibus

394 4382 655 4450 άγωγον.
679 4377 743 4433 0⁴ί
785 4376 893 4431 καὶ
926 4377 1135 4450 ταύτης
1182 4375 1350 4432 ἕνεκα
1380 4376 1479 4448 τῆς
1507 4373 1692 4442 αἰτίας
1738 4374 2012 4447 ἀπῲχοντι

2133 4388 2520 4448 excesserunt,
2549 4388 2605 4435 et
2636 4378 2893 4435 hostibus
2926 4393 2958 4433 a
2989 4377 3195 4448 quibus
3247 4388 3406 4437 erant
3442 4377 3739 4451 sdajugati,

399 4478 511 4549 μὲν
536 4474 902 4547 αἰχμάλωτοι,
949 4474 1050 4547 τὴν
1072 4472 1407 4545 ὲνεγκοῦσαν
1450 4472 1710 4544 ἀφέντες,
1744 4469 2017 4527 δεδουλεύ-

2133 4475 2454 4534 servitutem
2493 4472 2823 4530 servierunt.
2874 4490 2896 4526 ι
2921 4471 3249 4531 Declinastis
3283 4486 3450 4544 porro
3485 4481 3543 4529 et
3573 4487 3673 4531 vos
3711 4492 3742 4528 a

402 4586 542 4624 κασι
575 4567 634 4622 δὲ
678 4571 794 4632 τοῖς
833 4568 1104 4641 ᾑρηκόσιν
1161 4566 1401 4640 ἐχθροῖς.
1478 4562 1824 4632 Ἐξεκλίνατε
1850 4564 1909 4618 δὲ
1935 4564 2020 4620 καὶ

2137 4566 2399 4640 legitimis
2432 4566 2595 4633 meis,
2625 4573 2684 4622 et
2714 4581 2778 4622 ea
2811 4581 2918 4622 non
2943 4565 3286 4622 custodistis.
3309 4584 3331 4620 ι
3378 4564 3569 4639 Itaque
3597 4563 3742 4622 Dens

400 4664 573 4734 ὑμεῖς
604 4680 624 4714 ι
664 4663 730 4716 ὲκ
750 4661 860 4715 τῶν
881 4660 1034 4733 ἐμῶν
1075 4660 1347 4732 νομίμων,
1372 4658 1470 4715 καὶ
1498 4660 1601 4715 οὐκ
1626 4657 2018 4731 ὲφυλάξασθε.ι

2135 4660 2355 4735 quidem
2377 4668 2433 4717 et
2454 4658 2814 4716 immutabilis
2834 4672 3075 4728 semper,
3099 4668 3158 4716 et
3179 4658 3327 4715 velut
3350 4659 3408 4716 in
3435 4660 3581 4718 bono
3602 4658 3740 4717 ﬁxus

399 4755 629 4812 Οὐκοῦν
649 4755 685 4822 ,ό
721 4755 825 4827 μὲν
844 4754 980 4820 Θεὸς
1008 4754 1280 4828 ἄτρεπτος
1308 4753 1545 4825 ἀεὶ,καί
1574 4753 1742 4808 οἱονεὶ
1759 4749 2017 4824 πεπηγὼς

2133 4768 2200 4810 ac
2256 4754 2507 4811 ﬁrmatus
2544 4760 2601 4810 et
2634 4752 2997 4810 inconcussus
3026 4752 3082 4809 in
3128 4750 3344 4821 iustitia
3381 4770 3396 4809 :
3434 4752 3512 4813 lIIi
3550 4761 3743 4810 centri:

402 4853 494 4915 εἰς
514 4850 577 4904 τὸ
612 4849 841 4920 ἀγαθὸν,
873 4848 970 4903 καὶ
997 4847 1339 4920 ἀκράδαντος
1364 4848 1446 4912 εἰς
1470 4844 1824 4919 δικαιοσύνην
1852 4860 1863 4873 ·
1890 4845 1942 4899 οἱ
1971 4843 2020 4898 δί

2138 4856 2347 4905 tantum
2392 4862 2501 4909 non
2554 4844 3061 4903 immutabilitatem
3102 4845 3159 4902 in
3210 4844 3381 4903 corde
3423 4856 3756 4915 servarunt.__

402 4944 702 5018 γεγόνασι,
739 4941 1026 5015 μονονουχὶ
1052 4942 1116 4997 τὸ
1144 4942 1417 5015 ἄτρεπτον
1443 4943 1501 4996 ὲν
1554 4939 1757 5012 καρδίᾳ
1791 4954 2020 5011 τετηρη-

1912 4954 2033 5011 ιρη-
2133 4949 2189 4996 et
2218 4948 2438 5013 patrum
2472 4937 2683 4997 scelera
2722 4937 3113 4999 strenuissime
3146 4947 3279 5001 sunt
3316 4937 3530 5003 secutL.

399 5042 598 5106 κότες,
630 5039 848 5110 καὶτῆς
871 5036 981 5092 τῶν
1006 5035 1265 5110 πατέρων
1298 5036 1650 5109 ἀνοσιότητος
1679 5034 1898 5109 ἄριστοι
1930 5049 2028 5109 μι-
3070 5050 3077 5057 -

450 5133 612 5207 ηταί.

497 5153 612 5188 ται.

400 5153 661 5282 μηΤοῦτό
696 5245 798 5282 που
852 5227 1091 5300 Χριστὸς
1144 5224 1467 5298 εὑρίσκεται
1511 5222 2018 5293 λέγων.’1“αλανιςετ

2205 5215 2320 5273 Hoc
2358 5215 2616 5272 Christus
2647 5213 2887 5285 quodam
2922 5215 3046 5272 loco
3083 5213 3244 5273 dixit.
3286 5212 3480 5272 Merito
3508 5227 3754 5286 namque

400 5324 519 5397 μὲν
549 5322 661 5396 γάρ
707 5323 939 5388 εἰκότως
992 5323 1053 5377 τὸ
1108 5320 1435 5378 ἀπαίδευτον
1470 5319 1584 5375 τῶν
1638 5319 2018 5392 Γραμματέωι

2135 5309 2456 5368 Scribarum
2481 5318 2539 5366 et
2568 5307 2970 5366 Pharisaeorum
3003 5307 3230 5367 stultam
3264 5321 3490 5382 Operam
3521 5307 3575 5364 in
3610 5308 3741 5389 redi-

399 5418 511 5474 καὶ
533 5417 853 5489 Φαρισαίων
879 5416 1269 5489 ἔργαστήριον.
1309 5414 1458 5486 Ἔφη
1487 5414 1549 5468 δὲ
1588 5411 1786 5479 οὕτως·
1827 5432 1846 5467 ι
1892 5414 2017 5470 0ὐαί

2136 5404 2352 5461 ticando
2404 5403 2759 5461 lamentatur.
2808 5401 2904 5458 Sic
2949 5411 3134 5459 autem
3180 5401 3258 5457 ait
3300 5419 3316 5457 :
3360 5419 3379 5454 ι
3420 5399 3514 5456 Ve
3556 5399 3739 5467 vobis,

399 5513 570 5583 ὑμῖν,
604 5511 967 5584 Γραμματεὶς
1027 5511 1125 5565 καὶ
1161 5510 1452 5582 Φαρισαίοι
1482 5507 1800 5580 ὑποκριταὶ,
1833 5508 1917 5563 ὅτι
1947 5509 2017 5563 ol-

2135 5496 2344 5556 Scribm
2378 5507 2436 5554 et
2480 5496 2741 5553 Pharisaei
2784 5495 3107 5570 hypocrita,
3151 5492 3279 5564 quia
3326 5491 3613 5548 aedificetis
3654 5506 3743 5550 se-

399 5602 697 5676 κοδομείτε
726 5607 858 5669 τοὺς
888 5604 1096 5675 τάφους
1120 5603 1231 5660 τῶν
1272 5602 1605 5677 προρητῶν,
1644 5603 1738 5657 καὶ
1771 5604 2017 5675 κοσμεντε

2135 5592 2321 5664 pulcra
2357 5592 2769 5663 prophetarum,
2813 5598 2870 5646 et
2900 5587 3111 5669 ornatis
3161 5595 3513 5643 monumenta
3563 5584 3743 5656 justo-

394 5698 483 5754 τὰ.
507 5699 758 5769 μνημεῖα
783 5689 893 5752 τῶν
915 5696 1163 5757 δικαίων,
1194 5696 1290 5752 καὶ
1319 5696 1529 5764 λέγετε·
1556 5696 1620 5750 El
1643 5689 1788 5767 ἦμεν
1823 5697 1883 5749 ὲν
1908 5695 2012 5755 ταῖς

2136 5702 2297 5754 rum,
2343 5694 2401 5743 et
2448 5684 2630 5742 dicitis
2674 5698 2691 5736 :
2739 5681 2795 5738 Si
2847 5680 3140 5738 fuissemus
3177 5679 3229 5735 in
3283 5679 3477 5736 diebus
3522 5688 3742 5752 patrum

398 5791 658 5864 ἡμέραις
691 5792 802 5846 τῶν
839 5790 1099 5865 πατέρων
1128 5789 1311 5864 ἡμῶν,
1347 5808 1450 5846 ουκ
1473 5790 1539 5845 ἂν
1574 5789 1757 5862 ἥμεθα
1781 5790 2016 5844 κοινωνο¹

2137 5792 2452 5839 nostrorum
2476 5821 2491 5846 ,
2535 5794 2643 5836 non
2690 5791 2938 5834 essemus
2978 5774 3111 5830 socii
3151 5788 3341 5831 eorum
3381 5773 3437 5829 in
3474 5772 3740 5845 sanguine

400 5879 598 5941 αὐτῶν
630 5885 689 5937 ὲν
716 5881 795 5957 τῷ
849 5882 1044 5954 αἵματι
1076 5880 1204 5937 ’τῶν
1251 5880 1569 5955 προφητῶν.
1603 5881 1768 5937 Ὥστε
1818 5896 2018 5956 μαρτυ-

2137 5876 2550 5950 prophetarum.
2586 5870 2773 5949 Itaque
2801 5868 3115 5929 testimonio
3144 5867 3278 5927 estis
3305 5865 3748 5947 vobismctipsis,
