4098 6472
373 348 493 437 us

1253 376 1810 441 COMMENTARIUS
1851 383 1921 442 IN
1958 385 2370 445 MALACHIAM
2410 382 2864 443 PROPHE'I'AM.

3617 386 3724 443 346

376 497 545 564 Θεὸν,
566 496 706 553 διότι
738 498 899 571 ὑμεῖς
937 495 1258 571 πτερνίζετέ
1294 517 1361 573 με
1385 520 1402 571 ;
1440 522 1459 556 ι
1488 503 1563 558 To
1586 503 1643 559 δὲ
1664 504 1999 576 atem-163w

2107 509 2232 565 me?
2248 529 2267 563 ι
2294 507 2659 580 Supplantare
2680 515 2767 564 est
2788 504 3055 574 diripere,
3081 512 3175 559 aut
3200 506 3475 575 decipere,
3498 514 3550 559 et
3577 504 3724 559 arbi-

381 588 505 645 ἐστὶ
532 591 595 645 τὸ
626 590 1080 665 συναρπάζειν,ἢ
1109 592 1448 661 φενακίζειν,
1482 595 1695 651 οἴεσθαί
1727 615 1788 652 τε
1812 596 1999 653 λαθεῖν

370 682 753 755 ψευδομένους
786 683 970 757 τυχὸν,
1006 683 1040 755 ἢ
1064 682 1157 737 καί
1187 702 1239 739 τι
1277 685 1523 760 δρῶντάς
1544 706 1670 744 τινα
1699 689 1811 744 τῶν
1838 692 1998 746 ἐκτο-

375 774 672 831 πωτάτων.
699 776 812 831 Καὶ
844 777 975 847 γοῦν
997 776 1239 832 ἐνεκότει
1275 780 1374 851 μὲν
1407 784 1436 837 ὁ
1464 781 1636 837 Ἡσαῦ
1665 782 1743 855 τῷ
1777 783 1996 849 Ἰακὼϐ,

376 867 482 921 τοῦ
512 867 573 921 δὲ
611 866 830 938 φθονεῖν
876 870 976 944 τὴν
1001 873 1280 945 πρόφασιν
1327 872 1701 946 ἐξηγούμενος
1732 874 1995 946 ἔφασκινο

389 979 412 1013 ι
465 961 788 1033 Ἐπτέρνισε
814 964 925 1037 γάρ
948 983 1016 1038 με
1056 966 1157 1038 ἤδη
1179 966 1438 1039 δεύτερον
1465 965 1647 1034 τοῦτο,
1672 968 1743 1022 τά
1767 984 1825 1022 τε
1850 986 1991 1040 πρυ·

379 1053 615 1107 τοτόκιά
640 1072 741 1126 μου
775 1056 991 1129 εἴληφε,
1020 1059 1113 1111 καὶ
1142 1057 1239 1113 νῦν
1268 1058 1462 1130 εἴληφε
1490 1061 1586 1114 καὶ
1620 1060 1723 1133 τὴν
1743 1061 2000 1131 εὐλογίαν

383 1159 518 1213 μου.
554 1162 574 1196 t
625 1140 754 1218 Ἆρ’
783 1142 879 1201 οὖν
928 1149 1237 1220 περιέσται,
1279 1150 1436 1222 φησὶ,
1493 1150 1784 1224 ἄνθρωπος
1823 1151 1997 1220 Θεοῦ,

380 1237 563 1308 ἤγουν
590 1239 932 1309 συναρπάσει
953 1242 1046 1295 τὸν
1070 1242 1248 1297 πάντα
1279 1244 1496 1309 εἰδότας
1538 1245 1605 1298 Τί
1639 1244 1820 1301 τοίνυν
1838 1246 2001 1317 ὑμεῖς

382 1331 488 1402 ἐμὲ
511 1322 832 1403 πτερνίζετε
853 1351 868 1399 ;
891 1335 1106 1405 Χρῆναι
1136 1335 1191 1390 δὲ
1217 1336 1591 1407 ὑπολαμϐάνω
1626 1338 1762 1409 πρὸς
1791 1338 1997 1410 ἀκριϐῆ

380 1423 721 1495 διασάφησιν
753 1425 866 1479 τῶν
893 1428 1274 1499 προκειμένων
1306 1431 1442 1499 ἡμῖν
1474 1429 1691 1483 ἐννοιῶν
1726 1430 1860 1484 ἄττα
1903 1431 2000 1483 καὶ

379 1514 486 1569 νῦν
507 1518 706 1585 εἰπεῖν,
741 1517 779 1574 ἃ.
812 1520 907 1573 καὶ
942 1522 1000 1574 ὲν
1029 1524 1145 1585 τοῖς
1185 1520 1281 1576 τοῦ
1316 1522 1526 1593 Ἐσδρα
1553 1523 1870 1594 γέγραπται
1903 1524 1983 1577 Βι·

380 1609 583 1676 ϐλίοις.
621 1612 844 1683 Ἐπειδὴ
878 1614 988 1687 γὰρ
1008 1615 1285 1688 ἐπανῆκον
1329 1617 1409 1680 εἰς
1457 1616 1557 1688 τὴν
1609 1617 1870 1672 Ἰουδαίαν
1897 1617 2000 1689 τὴν

379 1704 754 1759 Βαϐυλωνίων
801 1706 1033 1776 ἀφέντες
1067 1708 1174 1779 γῆν
1224 1711 1273 1763 οἱ
1318 1711 1377 1777 ἐξ
1424 1709 1822 1783 Ἰερουσαλὴμ,
1855 1728 1994 1766 κατ-

375 1796 642 1866 ῳκήκασι
673 1797 774 1869 μὲν
798 1800 857 1852 ὲν
883 1802 996 1864 τοῖς
1022 1800 1444 1873 Ἱεροσολύμοις.
1462 1801 1793 1876 Ἑγὴγερται
1817 1802 1873 1856 δὲ
1903 1802 1998 1857 καὶ

377 1889 407 1940 ὁ
447 1888 601 1952 θεῖος
627 1891 780 1957 ναὸς,
813 1893 909 1947 καὶ
936 1888 1004 1965 ῆν
1031 1896 1090 1949 ἐν
1119 1897 1314 1967 κόσμῳ
1343 1896 1532 1950 λοιπὸν
1552 1897 1622 1951 τὰ
1654 1896 1766 1950 τῶν
1803 1897 1998 1969 ἱερέων
2033 1876 2073 1931 Β

376 1983 670 2054 τάγματα,
702 1978 850 2056 qua,
888 1989 984 2040 καὶ
1020 1988 1360 2061 ἱεροψάλται,
1393 1990 1487 2044 καὶ
1514 1990 1564 2044 oi
1611 1992 1725 2055 τοῖς
1754 1990 1999 2046 πυλῶσιν

376 2076 782 2149 ἐφεστηκότες.
815 2074 951 2134 Εἶτα
979 2080 1033 2134 τί
1056 2081 1117 2135 τὺ
1146 2082 1283 2153 μετά
1310 2080 1505 2150 τοῦτος
1543 2082 1811 2155 Ῥᾴθυμοι
1834 2084 2000 2153 γεγό-

378 2186 546 2224 νασιν
580 2173 629 2225 oi
658 2171 1066 2244 λελυτρωμένοι
1087 2172 1216 2245 περί
1253 2191 1318 2244 γε
1343 2175 1405 2230 τὸ
1444 2175 1557 2229 δεῖν
1578 2175 1688 2230 τῶν
1720 2175 1883 2230 θείων
1903 2175 2001 2231 άν-

376 2261 647 2334 τέχεσθαι
669 2262 1085 2336 θεσπισμάτων.
1112 2267 1188 2321 Οὐ
1205 2266 1319 2339 γάρ
1339 2268 1680 2340 τετηρήκασι
1700 2267 1793 2322 τὸν
1809 2268 1999 2340 νόμον,

378 2354 702 2425 λελόγισται
730 2357 788 2412 δὲ
819 2360 955 2431 παρ’
986 2360 1142 2415 οὐδὲν
1168 2361 1357 2427 αὐτοῖς
1381 2360 1481 2434 τῆς
1509 2363 1750 2435 ἀρχαίας
1776 2363 2002 2435 ἐντολῆς

379 2448 415 2519 ἡ
454 2448 796 2520 παράϐασις,
823 2452 921 2505 καὶ
956 2452 1329 2525 παρεκόμιζον
1354 2454 1454 2525 μὲν
1474 2456 1553 2519 είς
1592 2454 1786 2510 θυσίαν
1843 2455 2003 2524 μόλις

380 2540 483 2593 καὶ
506 2538 762 2614 ὀκνηρῶς
793 2541 865 2596 τά
893 2542 1093 2613 τυφλὰ,
1125 2544 1220 2599 καὶ
1267 2544 1610 2617 ἁρπάγματα
1636 2586 1651 2611 ,
1683 2548 1780 2601 καὶ
1828 2549 2000 2619 χωλά,

379 2632 586 2687 καὶτὰ
632 2634 1023 2707 ὲνοχλούμενα.
1074 2632 1208 2691 Εἶτα
1250 2638 1541 2710 κείραντες
1583 2641 1641 2693 ὲν
1689 2641 1901 2714 ἀγροῖς,
1942 2642 2002 2696 ὲν

379 2724 532 2798 ὥρᾳ,
562 2727 659 2782 τὸν
689 2726 933 2802 ἀσταχυν
968 2732 1064 2785 καὶ
1108 2731 1219 2804 μὴν
1274 2734 1369 2787 καλ⁵
1393 2731 1462 2787 τά
1496 2732 1665 2804 ἔτερα
1690 2734 1801 2788 τῶν
1830 2744 2002 2807 σπερ-

386 2820 605 2891 μάτων,
629 2823 1057 2895 ἀποτρυγῶντες
1082 2825 1139 2879 δὲ
1170 2825 1266 2879 καὶ
1292 2825 1593 2896 ἀμπέλους,
1620 2827 1717 2881 καὶ
1744 2828 1873 2892 τοὺς
1902 2827 2004 2900 τῆς

388 2914 581 2980 ξλαίας
613 2918 866 2987 καρποὺς
899 2918 1269 2984 ὲκθλίϐοντες,
1298 2920 1359 2973 οὐ
1393 2921 1631 2985 δεκάτας
1681 2920 1999 2992 προσῆγον,

380 3008 450 3060 οὗ
490 3008 594 3071 τάς
629 3010 774 3062 κατά
820 3010 989 3082 νόμον
1028 3011 1320 3083 ἀπαρχὰς,
1371 3012 1460 3068 ἵνα
1500 3011 1694 3083 ἔχοντα
1736 3012 1835 3083 τὴν
1867 3013 2001 3068 αὐτ-

384 3097 624 3169 άρκειαν
653 3099 726 3155 τά
751 3100 861 3154 τῶν
898 3102 1090 3173 ἱερέων
1127 3103 1391 3175 τάγματα
1413 3145 1430 3170 ,
1478 3104 1875 3177 προσιζήσειαν
1900 3104 2002 3177 μὲν

2108 611 2241 685 trart
2258 601 2533 685 fallaciam
2549 615 2711 672 posse
2724 601 2984 671 deceptos
2998 598 3167 653 latere
3193 596 3382 654 forsita
3395 617 3446 662 η,
3468 597 3725 669 quamvis

2103 684 2377 767 quipiam
2408 684 2835 751 insolentissima
2865 694 3116 763 quaedam
3147 692 3508 747 commiserit.
3536 690 3725 760 Itaque

2103 789 2446 846 irascebatur
2471 787 2611 844 Esau
2637 787 2832 851 Jacob,
2858 796 2915 841 et
2940 786 3159 841 invidiae
3186 785 3535 841 occasionem
3558 798 3724 839 enar-

2105 898 2232 937 raus
2271 881 2527 937 dicebat:
2565 896 2585 932 ι
2618 877 2997 949 Supplantavit
3045 877 3193 932 enim
3231 891 3320 931 me
3367 875 3540 929 altera
3581 873 3721 928 vice.

2101 973 2470 1045 Primogenita
2492 972 2620 1031 'mea
2649 981 2777 1027 ante
2805 971 2950 1034 tulit,
2978 979 3033 1025 et
3073 985 3219 1025 nunc
3250 970 3521 1038 subripuit
3552 970 3723 1024 bene-

2101 1064 2397 1121 dictionem
2437 1060 2703 1119 meam”.
2730 1081 2749 1115 ι
2770 1061 2905 1116 Nunt
2941 1062 3108 1132 igitur
3141 1063 3303 1117 homo
3335 1062 3437 1117 erit
3472 1059 3723 1129 superior

2105 1160 2235 1225 Deo,
2264 1157 2463 1226 inquit,
2493 1165 2591 1212 aut
2620 1155 2841 1224 diripict
2874 1155 3056 1209 omnia
3086 1153 3549 1222 scientem?Quid
3588 1166 3721 1224 ergo

2100 1268 2200 1308 vos
2231 1267 2317 1307 mc
2356 1250 2754 1321 supplantatis?
2785 1249 3056 1304 Existimo
3086 1261 3270 1305 autem
3307 1248 3373 1303 ad
3416 1249 3715 1319 pleniorem

2102 1346 2530 1402 declarationem
2585 1343 2881 1413 proposita:
2930 1343 3221 1397 sententia:
3270 1341 3520 1411 quaedam
3572 1355 3718 1396 nunc

2101 1451 2319 1509 quoque
2351 1436 2622 1491 afferenda
2657 1435 2709 1489 in
2749 1434 3011 1499 medium,
3057 1451 3179 1506 quze
3205 1434 3259 1488 in
3301 1433 3481 1489 Libris
3524 1431 3719 1488 Esdrm

2100 1531 2303 1599 scripta
2334 1539 2576 1585 exstant.
2604 1527 2881 1599 Babylone
2912 1528 2964 1580 in
2998 1524 3243 1581 Iudaeam
3275 1525 3719 1598 Ilierosolymitze

2101 1624 2307 1680 reversi
2351 1622 2792 1694 Hierosolymam
2842 1622 3185 1677 habitarunt.
3232 1618 3587 1675 Editicatum
3632 1626 3722 1674 est

2101 1715 2348 1771 divinum
2403 1712 2694 1784 templum,
2748 1721 2805 1768 et
2846 1711 3121 1766 ﬂorebant
3157 1710 3420 1779 deinceps
3462 1710 3720 1764 sacerdo-

2105 1816 2216 1863 tum
2267 1806 2508 1871 ordines,
2558 1815 2839 1872 cantores,
2892 1804 3080 1874 psaltze
3135 1811 3192 1858 et
3246 1802 3538 1871 ianitores.
3577 1800 3718 1867 Quid

2102 1900 2331 1972 postea?
2371 1900 2652 1955 Servitute
2696 1897 2915 1952 liberati
2949 1899 3004 1952 in
3040 1896 3244 1951 divinis
3288 1895 3527 1951 oraculis
3564 1909 3720 1949 exse-

2102 1993 2336 2066 quendis
2378 1994 2584 2048 inertes
2610 2000 2928 2066 evaserunt.
2967 1989 3079 2045 Nec
3114 1991 3260 2045 enim
3306 1988 3481 2060 legem
3525 2002 3719 2042 serva-

2102 2062 2257 2153 bant,
2294 2094 2351 2141 et
2398 2094 2561 2141 vetus
2601 2062 2924 2139 mandatum
2964 2097 3063 2153 per
3111 2081 3299 2137 ludum
3348 2079 3719 2152 transgredie-

2104 2180 2325 2246 bantur,
2347 2189 2396 2235 et
2426 2178 2494 2233 ad
2526 2176 2861 2234 sacrificium
2891 2189 3038 2244 aegre
3083 2182 3515 2242 cunctanterque
3546 2186 3717 2237 caeca,

2105 2284 2260 2344 rapta
2297 2281 2354 2328 et
2386 2271 2587 2328 debilia
2620 2271 3029 2326 ministrabant.
3061 2267 3290 2331 Deinde,
3319 2279 3419 2320 suo
3450 2275 3717 2334 tempore,

2105 2364 2159 2421 in
2188 2366 2339 2436 agris
2381 2373 2595 2435 segetes
2618 2364 2836 2434 aliaque
2865 2361 3140 2431 legumina
3170 2362 3471 2425 dementes,
3499 2367 3555 2414 et
3587 2372 3720 2413 uvas

2104 2457 2444 2527 colligentes,
2469 2462 2527 2511 et
2552 2454 2733 2509 oleum
2763 2453 3159 2522 exprimentes,
3178 2465 3281 2505 nec
3304 2449 3573 2513 decimas,
3594 2461 3719 2513 nec,

2105 2552 2406 2607 secundum
2443 2549 2642 2621 legem,
2681 2547 2957 2620 primitias
2998 2544 3404 2616 persolvebant,
3445 2540 3621 2614 859
3662 2551 3724 2597 ut

2106 2648 2452 2702 sacerdotum
2485 2645 2705 2699 ordines
2742 2642 2888 2713 quod
2921 2642 3059 2695 satis
3089 2648 3240 2695 esset
3281 2639 3572 2702 haberent,
3600 2635 3720 2691 cul-

2108 2748 2334 2808 tumque
2371 2738 2612 2792 divinum
2641 2736 2779 2791 citra
2812 2732 3165 2789 solitudinem
3194 2728 3724 2797 distractionemque

2105 2830 2479 2895 celebrarent,
2517 2839 2681 2900 atque
2706 2828 2761 2883 in
2804 2826 3128 2887 ministeriis
3167 2824 3285 2895 lege
3323 2822 3591 2878 institutis
3625 2835 3721 2875 as-

2104 2926 2264 2980 siduo
2302 2930 2682 2978 versarentur.
2718 2920 2879 2975 Nullo
2914 2920 3083 2991 igitur
3115 2920 3307 2973 horum
3345 2915 3551 2981 oblato,
3584 2911 3724 2968 divi-

2106 3030 2300 3071 norum
2349 3013 2601 3068 altarium
2640 3010 2877 3067 ministri
2919 3011 3062 3066 sacri
3100 3009 3274 3064 delusi
3326 3017 3474 3072 sunt,
3511 3012 3565 3060 et
3614 3006 3718 3074 po-

2105 3109 2264 3181 pulus
2296 3108 2366 3163 ita
2396 3106 2688 3161 destitutus
2733 3104 2969 3171 mansit,
3002 3117 3124 3157 cum
3162 3117 3261 3156 nec
3294 3114 3447 3154 sacra
3486 3110 3717 3169 perage-

384 3192 830 3264 ἀπερισπάστως
858 3197 980 3259 ταῖς
1001 3197 1082 3260 εἰς
1133 3195 1267 3251 Θεὸν
1298 3196 1604 3269 λατρείαις,
1643 3197 2000 3271 προσμένωσι

2112 3214 2323 3267 rentur,
2352 3215 2453 3257 nec
2483 3198 2628 3254 aliud
2663 3198 2944 3268 quidpiam
2981 3196 3050 3251 ad
3083 3196 3177 3251 Dei
3217 3194 3447 3264 gloriam
3491 3200 3722 3263 praesta-

383 3282 447 3336 δὲ
475 3285 604 3348 ταῖς
654 3284 722 3338 ὲκ
757 3285 927 3356 νόμου
978 3284 1351 3358 τεταγμέναις
1397 3288 1583 3352 αὐτοῖς
1609 3287 2003 3361 λειτουργίαις.

386 3376 628 3456 Οὐδενὸς
647 3377 944 3450 τοιγαροῦν
966 3382 1544 3452 προσκεκομισμένου,
1567 3383 2010 3456 κατεσκευάσθη-

390 3483 496 3522 σαν
535 3454 603 3522 of
621 3468 733 3523 τῶν
767 3469 931 3524 θείων
992 3469 1400 3545 θυσιαστηρίων
1454 3476 1755 3549 ἱερουργοὶ,
1798 3454 2009 3549 ἔρημός

387 3579 450 3616 τε
481 3560 663 3628 οὕτως
682 3563 1114 3636 ἀπομεμένηκεν
1145 3568 1173 3620 ὁ
1203 3565 1354 3633 λαδς,
1385 3567 1448 3622 οὐ
1488 3567 1685 3634 Θυσίας
1737 3569 2007 3642 τελουμέ-

386 3672 515 3726 νης,
550 3655 651 3726 οὐχ
688 3656 878 3727 ἐτέρου
910 3657 1055 3722 τινὸς
1089 3657 1371 3730 δρωμένου
1434 3660 1545 3714 τῶν
1588 3663 1668 3726 είς
1725 3660 1886 3729 δόξαν
1916 3679 2007 3716 τε-

386 3747 640 3802 λούντων
664 3748 824 3805 Θεοῦ.
864 3750 1272 3826 Κατεφθείρετο
1323 3752 1387 3826 δὴ
1429 3750 1523 3808 οὖν
1570 3754 1790 3810 ἅπαντα
1820 3752 2008 3810 λοιπὸν

388 3839 465 3895 τά
491 3843 553 3897 ὲν
575 3843 792 3915 ἀγροῖς,
823 3843 971 3916 λιμῷ
993 3818 1052 3898 τε
1077 3818 1495 3912 κατεῖ-πιέζοντο,
1528 3847 1626 3903 καὶ
1655 3846 1721 3920 δὴ
1772 3848 1868 3902 καὶ
1926 3849 2010 3913 είς

388 3933 557 3988 τοῦτο
586 3933 929 3991 κατώλισθον
964 3936 1214 4009 ἀνάγκης
1243 3954 1305 3991 τε
1360 3939 1458 3993 καὶ
1516 3939 1776 4012 ἀπορίας,
1808 3938 1887 4004 ὡς
1913 3939 2009 3995 καὶ

390 4026 542 4080 αὑτά
579 4027 871 4098 βούλεσθαι
899 4032 1014 4094 τοῖς
1047 4029 1233 4101 ἔχουσι
1263 4031 1474 4104 τροφάς
1505 4031 1917 4103 ἀπεμπωλῆσαι
1938 4029 2010 4085 τά

389 4121 585 4185 τέκνα,
623 4123 821 4194 μέχρις
853 4122 921 4179 ἀν
964 4125 1204 4196 Ἔσδρας
1235 4127 1316 4190 εἰς
1370 4123 1627 4197 αἴσθησιν
1667 4124 2011 4196 κεκλημένος

387 4213 492 4285 τῆς
530 4213 684 4278 θείας
711 4215 905 4287 ὀργῆς,
949 4216 1232 4288 ἐπέσκηψε
1267 4217 1397 4289 περὶ
1427 4215 1638 4272 τούτων
1690 4218 1804 4281 τοῖς
1836 4218 2007 4288 ἠγου·

392 4306 584 4376 μένοις
619 4306 714 4361 τοῦ
780 4309 1022 4381 Ἰσραήλ.
1072 4310 1495 4383 Προσεκόμισάν
1536 4328 1594 4365 τε
1652 4308 1797 4364 οὕτω
1855 4309 2011 4382 μόλις

386 4397 634 4463 δεκάτας
661 4399 758 4453 καὶ
792 4402 1073 4474 ἀπαρχὰς,
1110 4404 1203 4456 καὶ
1226 4401 1415 4457 λοιπὸν
1439 4401 1766 4475 εἰσέδραμον
1795 4403 2011 4472 ἱερουρ·

387 4493 502 4563 γοὶ,
538 4493 781 4565 ἔστησάν
833 4513 894 4551 τε
944 4495 1015 4550 τὰ
1072 4496 1280 4568 συνήθη
1343 4494 1579 4568 δρῶντες
1640 4496 1699 4548 ὲν
1756 4494 1836 4567 τῷ
1869 4493 2007 4566 ναῷ.

2111 3302 2261 3350 retur
2281 3292 2349 3347 ".
2384 3291 2522 3348 IIinc
2552 3290 2733 3346 omnia
2768 3291 2822 3345 in
2852 3291 3000 3362 agris
3029 3288 3430 3350 moriebantur,
3455 3293 3511 3339 et
3538 3284 3713 3339 fames

2109 3386 2396 3453 saeviebat;
2427 3383 2556 3453 quin
2577 3397 2642 3439 eo
2674 3382 3025 3438 necessitatis
3075 3391 3133 3435 et
3167 3378 3365 3449 inopia
3393 3376 3723 3445 redigebat:-

2112 3488 2221 3545 tur,
2254 3488 2315 3535 ut
2354 3478 2502 3549 ipsos
2555 3490 2773 3548 quoque
2822 3475 3026 3531 liberos
3072 3474 3334 3529 alimenta
3394 3469 3724 3526 habentibus

2112 3571 2354 3627 vendere
2398 3585 2507 3625 non
2567 3567 2909 3638 refugerent,
2940 3567 3119 3623 donec
3157 3566 3381 3629 Esdras,
3427 3564 3606 3618 divina
3641 3563 3721 3615 ira

2114 3673 2430 3735 perspecta,
2483 3676 2649 3731 super
2698 3660 2781 3715 his
2824 3661 3107 3730 principes
3158 3656 3328 3714 Israel
3387 3655 3721 3722 objurgavit.

2111 3755 2290 3824 Atque
2318 3753 2392 3808 ita
2423 3754 2663 3816 demum,
2693 3764 3005 3820 quanquam
3039 3749 3156 3812 vix,
3187 3746 3417 3801 decium
3440 3752 3501 3797 et
3530 3741 3724 3810 primi-

2104 3846 2205 3904 ‘tite
2239 3848 2460 3915 oblatae,
2486 3857 2542 3901 et
2570 3860 2636 3900 ex
2667 3859 2732 3898 eo
2757 3844 3074 3899 sacerdotes
3100 3841 3153 3895 in
3189 3838 3448 3910 templum
3484 3833 3723 3905 regressi

2114 3951 2282 4002 stare.
2311 3950 2366 3997 et
2398 3948 2658 3996 consueta
2694 3952 2920 3993 munera
2950 3936 3104 3991 obire
3133 3942 3416 4002 coeperunt
3441 3929 3510 3984 ⁸⁸.
3546 3929 3727 3997 quuit

2112 4048 2265 4103 ergo,
2289 4050 2309 4084 ι
2340 4029 2521 4099 Quare
2538 4044 2635 4084 vos
2653 4043 2741 4083 me
2761 4025 3170 4097 supplantatis?
3195 4046 3213 4079 9
3239 4025 3428 4079 Aunus
3459 4037 3722 4079 consum-

2113 4134 2294 4185 matus
2322 4133 2426 4191 est,
2476 4121 2683 4177 fructus
2706 4120 2945 4185 collecti,
2973 4130 3028 4175 et
3058 4117 3200 4185 apud
3239 4131 3337 4170 vos
3369 4115 3548 4169 adhuc
3594 4121 3727 4168 sunt

2104 4212 2340 4276 decimae
2373 4225 2446 4291 _et
2474 4215 2730 4288 primitias
2776 4214 2985 4285 legibus
3032 4212 3251 4267 deliine.
3294 4228 3314 4262 ι
3346 4207 3413 4265 Ει
3456 4208 3511 4263 iu
3561 4208 3727 4262 domo

2113 4324 2303 4366 eorum
2332 4308 2468 4376 erit,
2517 4306 2729 4377 inquit,
2776 4306 2968 4375 rapina
3018 4317 3295 4361 eorumzt
3339 4315 3403 4354 ac
3443 4299 3489 4354 si
3530 4298 3722 4352 dicat’:

2111 4403 2509 4474 Comportastis
2556 4400 2777 4471 quidem
2830 4400 2883 4455 in
2923 4399 3115 4454 domos
3148 4406 3361 4452 vestras
3407 4392 3639 4459 fructus,
3669 4401 3726 4447 et

2115 4495 2459 4551 arbitramini
2512 4492 2743 4550 forsitan
2801 4492 2955 4548 vobis
3004 4504 3100 4547 eos
3158 4489 3338 4545 salvos
3389 4495 3444 4542 ct
3494 4494 3617 4540 tuto
3669 4483 3725 4539 in

396 4605 416 4636 ι
456 4584 563 4639 Διά
585 4587 638 4639 τί
660 4588 865 4653 τοίνυν,
902 4589 1094 4660 φησὶν,
1128 4590 1291 4659 ὑμεῖς
1341 4588 1444 4661 ἐμὲ
1478 4587 1834 4661 πτερνίζετε;
1876 4605 1896 4640 ι
1937 4586 2013 4641 Τὸ

2117 4590 2325 4645 aedibus
2358 4589 2633 4659 repositos
2658 4587 2797 4643 fore.
2827 4585 3193 4646 Evanescent.
3218 4593 3273 4638 et
3301 4596 3330 4635 a
3358 4579 3567 4650 rapinis
3590 4573 3727 4631 nihil

388 4680 519 4744 ἔτος
557 4679 943 4754 συνετελέσθη,
981 4681 1335 4753 συνήχθησαν
1363 4683 1413 4735 οἱ
1443 4681 1675 4753 καρποὶ,
1731 4681 1828 4735 καὶ
1877 4682 2010 4753 παρ’

388 4772 531 4843 ὑμῖν
561 4773 644 4827 ἔτι
677 4774 747 4829 τὰ
776 4775 1094 4839 ἐπιδέκατα,
1117 4775 1213 4828 καὶ
1241 4776 1298 4829 αί
1333 4774 1475 4829 κατά
1505 4775 1704 4845 νόμους
1733 4772 2006 4846 ἀπαρχαί.

2120 4680 2393 4738 different.
2412 4681 2735 4751 Amigemiui
2758 4681 2905 4738 enim
2931 4678 3099 4743 fame,
3123 4675 3341 4733 tametsi
3366 4676 3583 4729 inventa
3601 4683 3725 4726 cum

2119 4773 2321 4828 sudore
2350 4773 2668 4843 collcgistis.

398 4889 420 4921 ‹
457 4868 573 4922 Καὶ
601 4869 660 4923 ὲν
690 4866 767 4939 τῷ
807 4868 941 4938 οἴκῳ
970 4867 1137 4921 αὐτοῦ
1169 4866 1359 4933 ἔσται,
1427 4867 1615 4940 φησὶν,
1654 4868 1686 4939 ἡ
1762 4864 2044 4937 διαρπαγὴ
2118 4861 2308 4917 αὐτοῦ’
2331 4882 2350 4915 ›
2389 4864 2578 4932 ὅμοιον
2604 4862 2678 4928 ὡς
2706 4862 2755 4916 εἱ
2810 4861 2981 4930 λέγοι·
3036 4855 3481 4930 Συνεκομίσασθε
3537 4854 3639 4927 μὲν
3668 4853 3727 4921 ἐξ

390 4960 592 5033 ἀγρῶν
631 4962 687 5015 ὲν
728 4965 839 5027 τοῖς
868 4960 1040 5025 οἴκοις
1066 4961 1195 5024 τοὺς
1249 4962 1517 5031 καρποὺς,
1564 4960 1706 5032 τάχα
1768 4978 1872 5015 που
1905 4959 2001 5013 καὶ
2040 4956 2221 5012 οἴεσθε
2285 4954 2558 5022 σώζεσθαί
2596 4973 2659 5010 τε
2724 4956 2855 5026 ὑμῖν
2890 4955 3092 5015 αὐτοὺς
3114 4955 3210 5009 καὶ
3234 4950 3298 5007 εὖ
3353 4950 3568 5006 κεῖσθαι
3607 4947 3728 5002 λίαν

390 5057 457 5109 ὲν
493 5054 695 5117 αὑταῖς
716 5057 839 5118 ταῖς
864 5052 1082 5117 οἰκίαις.
1124 5053 1634 5124 ’Λφανισθήσονται,
1700 5053 1795 5107 καὶ
1852 5051 2004 5106 οὐδὲν
2041 5048 2360 5120 διαρπαγῆς
2410 5047 2606 5102 διοίσει
2670 5047 2733 5103 τὺ
2794 5046 3007 5122 χρῆμα.
3055 5044 3586 5117 Καταπιεσθήσεσθε
3616 5042 3729 5117 γὰρ

390 5147 570 5221 λιμῷ.
591 5148 770 5201 καίτοι
802 5143 1245 5214 συνενεγκόντες,
1278 5144 1430 5216 φησὶ,
1464 5145 1522 5199 ἐν
1545 5145 1731 5216 ἱδρῶτι
1762 5144 1916 5217 μόλις
1944 5142 2014 5197 τά
2052 5138 2356 5213 εὑρημένα.

471 5243 755 5315 Εἰσόμεθα
801 5236 895 5297 οὖν
952 5240 1251 5297 κάντεῦθεν
1295 5241 1460 5311 ἡμεῖς
1514 5240 1591 5304 ὡς
1626 5241 1685 5294 ἐν
1745 5241 2015 5314 μεγάλαις

393 5340 609 5403 αἰτίαις
639 5337 886 5392 κείσεται
913 5336 977 5390 τὸ
1017 5336 1094 5406 μὴ
1150 5333 1451 5405 προσάγειν
1496 5331 1617 5405 Θεῷ
1662 5332 1732 5389 τὰ
1792 5335 2014 5408 εὐχαρι.

396 5433 607 5503 στήρια
628 5430 725 5484 καὶ
748 5428 810 5483 ὃν
859 5426 927 5482 ἂν
963 5425 1252 5498 χαρίσαιτο
1276 5423 1375 5496 τὴν
1404 5422 1684 5495 ἀρκοῦσαν
1713 5424 2014 5497 ἀπονέμειν

394 5522 595 5597 χώραν
619 5522 700 5586 εἰς
724 5520 883 5586 δόξαν
916 5516 1108 5574 αὑτοῦ.
1153 5516 1298 5572 Ἀλλ’
1327 5517 1376 5571 εί
1416 5516 1516 5587 μὲν
1542 5517 1700 5572 τοῦτο
1729 5516 1878 5590 δρῴη
1890 5535 2011 5589 μεν,

397 5614 591 5683 πάντη
642 5630 703 5668 τε
761 5613 856 5667 καὶ
905 5609 1129 5674 πάντως
1184 5609 1473 5682 εὐλογήσει
1527 5609 1624 5664 καὶ
1678 5609 2015 5680 ἀμφιλαφῶς

398 5705 688 5778 χαριεῖται
720 5701 792 5758 τὰ
820 5700 1027 5778 ἀγαθά.
1077 5703 1141 5757 El
1180 5700 1238 5756 δὲ
1263 5700 1328 5773 δὴ
1364 5700 1462 5774 τὴν
1495 5703 1656 5774 χεῖρα
1698 5702 2014 5758 συστείλαν-

2198 5235 2483 5292 Discemus
2538 5234 2664 5291 hinc
2704 5235 2871 5291 etiam
2924 5249 3025 5290 nos
3065 5233 3250 5306 magni
3302 5230 3554 5288 criminis
3603 5228 3730 5286 locn‘

2115 5328 2422 5386 ducendum
2452 5344 2561 5383 non
2594 5327 2796 5385 offerre
2827 5327 2938 5384 Deo
2974 5328 3175 5398 quibus
3211 5322 3598 5396 gratitudinem
3630 5336 3727 5378 no-

2115 5433 2285 5478 stram
2311 5421 2674 5489 ostendimus,
2699 5430 2756 5478 et
2779 5436 2969 5494 agrum
2993 5434 3155 5491 quem
3181 5418 3272 5474 ille
3294 5416 3460 5472 victui
3494 5414 3727 5471 ferendo

2117 5514 2476 5571 sufﬁcientem
2504 5516 2807 5579 donaverit,
2836 5515 2903 5569 ad
2932 5513 3160 5584 gloriam
3194 5509 3285 5565 Dei
3315 5508 3542 5566 referre.
3568 5505 3728 5577 Quod

2118 5609 2166 5664 si
2200 5609 2486 5673 faciamus.
2532 5608 2864 5665 omnimodis
2911 5594 3200 5662 beiiedicet
3235 5612 3291 5659 et
3337 5600 3543 5658 affatim
3588 5600 3727 5655 bona

2121 5701 2405 5776 largietur.
2456 5701 2552 5759 Sin
2581 5711 2788 5767 autem,
2825 5715 3045 5757 manum
3069 5696 3497 5765 contrahentes,
3541 5704 3728 5753 nostro

477 5880 529 5914 ⁸³
558 5878 696 5938 Gen.
735 5894 908 5948 xxvu,
938 5879 1026 5935 36.
1109 5879 1156 5913 ”
1182 5878 1226 5935 ll
1255 5878 1412 5937 Esdr.
1442 5896 1564 5952 xm,
1611 5878 1675 5936 l3
1729 5894 1886 5954 seqq.
1960 5880 2005 5912 ³³

2107 5880 2261 5940 Rdr.
2296 5900 2344 5953 ι’,
2387 5883 2407 5938 I
2471 5896 2636 5953 seqq.
