4098 6480
500 362 606 418 5-ίῖ

3168 220 3180 251 1

1541 352 1602 410 s.
1643 350 1923 426 CYBILLI
1960 349 2110 408 sua:

2213 342 2441 403 ςοειιΝι
2477 340 2802 402 ARCHIEP.
3685 342 3780 399 διο

504 470 875 528 tantummodo
916 467 1078 541 genio
1122 474 1346 538 accepta
1399 467 1819 536 reservabimus,
1851 482 1950 524 nec
1980 465 2092 520 ala-

2213 477 2309 527 ιες,
2341 458 2533 531 μόναις
2552 458 2676 522 ταῖς
2699 454 2911 511 ἑαυτῶν
2942 452 3175 523 τρυφαῖς
3200 449 3260 505 τὺ
3287 448 3440 504 δοθὲν
3467 454 3781 526 τηρήσομεν,

499 563 669 624 criter
694 562 820 619 aliis
854 561 949 618 Dei
991 561 1132 617 dona
1160 557 1774 616 communicaverimus.

579 740 742 796 Vsus.
781 739 968 795 10-12.
1012 737 1347 794 Revertimiui
1379 753 1540 806 porro
1570 737 1625 791 in
1671 738 1792 800 hoc,
1824 734 1949 788 dicit
1991 733 2097 786 Do-

504 834 679 886 minus
723 834 1076 899 omnipotens.
1105 828 1166 885 Si
1208 847 1313 885 non
1346 829 1585 898 aperiam
1633 829 1773 884 rubis
1807 836 2101 881 cataractas

436 911 444 920 ’
505 926 641 992 mli,
670 937 723 979 et
762 926 1035 996 e/Iundam
1070 923 1211 979 vobis
1246 923 1660 977 benedictionem
1701 936 1900 983 meam,
1938 918 2103 972 donec

504 1018 747 1087 sufﬁciat.
766 1017 831 1072 Et
861 1017 1094 1071 diuidam
1109 1014 1250 1070 vobis
1276 1015 1332 1068 in
1363 1016 1557 1068 cibum.
1578 1010 1650 1067 Et
1676 1029 1778 1066 non
1802 1011 2104 1079 dispertiunt

505 1110 648 1165 vobis
682 1111 917 1178 fructum
962 1120 1121 1164 terrte
1156 1118 1363 1170 vestrm,
1391 1116 1439 1160 et
1481 1123 1584 1160 non
1630 1103 1987 1174 inﬁrmabitur
2024 1117 2104 1154 ve-

505 1208 618 1253 stra
655 1200 806 1254 vinea
862 1200 919 1253 in
953 1215 1105 1268 agro,
1147 1199 1273 1251 dicit
1322 1197 1581 1251 Dominus
1637 1194 1982 1260 omnipotens.
2035 1193 2102 1245 Et

508 1292 685 1345 beatos
726 1289 903 1343 dicent
944 1307 1031 1345 vos
1063 1305 1240 1344 omnes
1271 1300 1468 1358 gentes,
1500 1287 1624 1358 quia
1660 1287 1807 1341 erilis
1850 1285 1974 1339 milii
2015 1299 2103 1341 vos

508 1394 651 1437 terra
679 1381 1065 1448 desiderabilis,
1092 1381 1218 1436 dicit
1246 1380 1503 1435 Dominus
1537 1380 1879 1445 omnipotens.

580 1646 749 1720 860
776 1643 1021 1702 XXXIX.
1063 1643 1263 1702 lterum
1326 1644 1555 1699 crimina
1610 1643 1869 1710 remittit,
1913 1654 1967 1698 et
2009 1660 2104 1700 eos

510 1742 657 1795 omni
681 1742 836 1809 culpa
854 1737 1110 1802 absolvit,
1139 1737 1540 1807 promittitque,
1567 1736 1820 1790 contritis
1834 1736 2104 1791 oblivione

511 1832 751 1903 injuriis,
772 1841 958 1902 Optata
993 1831 1356 1894 donaturum,
1384 1839 1436 1883 et
1470 1843 1567 1883 eos
1608 1842 1771 1899 supra
1799 1842 1962 1898 quam
2000 1828 2104 1882 dici

509 1924 684 1996 possit
727 1922 1089 1978 munificentia
1141 1936 1239 1977 sua
1290 1930 1683 1976 recreaturum.
1739 1918 1864 1972 Vult
1921 1928 2104 1973 autem

509 2016 632 2071 illos
676 2016 791 2085 ipsa
831 2014 1169 2085 experientia
1205 2022 1260 2068 et
1300 2013 1464 2068 rebus
1500 2012 1712 2066 discere
1762 2008 2103 2065 fertilitatem

509 2109 763 2166 utilitatis
785 2107 1185 2179 plenissimam.
1217 2102 1322 2171 Et,
1370 2105 1416 2160 si
1449 2104 1550 2160 hoc
1582 2101 1762 2159 facere
1813 2118 1919 2158 non
1951 2119 2108 2159 recu-

507 2211 652 2270 sent,
686 2201 993 2274 pluviarum
1023 2199 1414 2257 abundantiam
1445 2210 1502 2254 et
1530 2199 1966 2255 benedictionem
1999 2199 2108 2254 lar-

507 2308 631 2365 gam
675 2293 925 2364 spondet,
974 2302 1032 2347 ut
1075 2292 1483 2349 esculentornm
1524 2293 1663 2349 satis
1711 2302 1767 2348 et
1815 2292 2106 2363 plusquam

508 2386 646 2443 satis
688 2386 959 2451 habeant,
1005 2385 1338 2455 omninoque
1370 2384 1585 2457 frugum
1643 2395 1799 2441 terra:
1841 2396 2106 2456 quantum

508 2476 681 2532 velint
712 2478 1036 2548 percipiant.
1073 2495 1092 2529 ι
1127 2476 1369 2531 Dividam
1402 2477 1571 2544 enim,
1609 2476 1805 2547 inquit,
1837 2476 1889 2530 in
1923 2476 2106 2531 cibum

509 2571 687 2628 vobis.
715 2590 735 2624 ›
771 2569 1017 2627 Verbum
1054 2570 1303 2626 Dividam
1357 2569 1748 2639 interpretare,
1794 2579 1886 2627 aut
1935 2568 2108 2639 Sepa-

511 2664 678 2729 rabo;
709 2672 802 2718 aut
824 2663 949 2733 quia
974 2677 1096 2732 quae
1118 2676 1147 2716 e
1173 2672 1316 2717 terra
1341 2661 1658 2732 gignuntur,
1688 2661 2111 2731 unumquodque

511 2772 668 2811 suum
706 2765 920 2827 tempus
958 2755 1124 2810 habet
1153 2769 1263 2825 quo
1293 2755 1613 2810 vel-crescit
1643 2754 1726 2810 vel
1769 2753 2106 2808 maturescit.

510 2848 658 2905 Nihil
704 2864 869 2921 porro
918 2842 1232 2904 detrimenti
1284 2863 1570 2919 passurum
1620 2856 1781 2903 terrae
1832 2845 2107 2913 fructum,

509 2957 761 3013 magnam
807 2942 936 2998 item
977 2942 1094 2998 fore
1141 2955 1367 2995 uvarum
1402 2940 1610 3012 copiam
1637 2979 1653 3004 ,
1701 2947 1756 2995 et
1808 2938 2022 2994 vineam
2057 2939 2109 2993 in

511 3034 660 3106 agris
682 3032 1206 3098 luculentissimam,
1235 3045 1291 3086 ut
1321 3032 1391 3087 ad
1426 3031 1799 3086 maturitatem
1838 3028 2113 3101 perductis

510 3126 787 3186 omnibus,
830 3124 1131 3195 pollicetur,
1163 3133 1219 3179 et
1254 3126 1483 3194 posthac
1512 3125 1707 3179 beatos
1747 3120 1825 3177 ait
1874 3122 2012 3187 fore,
2044 3134 2111 3177 ac

511 3216 659 3273 velut
693 3227 893 3275 terram
928 3217 1343 3273 desiderabilem
1379 3216 1717 3272 nominatum
1751 3214 1840 3280 iri,
1875 3214 1979 3270 hoc
2004 3224 2108 3284 est,

518 3298 707 3370 amore
739 3314 983 3383 dignam,
1019 3323 1238 3385 propter
1280 3312 1558 3370 fructuum
1605 3314 1914 3369 ubertatem
1942 3318 1998 3368 et
2035 3311 2113 3369 fe-

514 3406 674 3462 cundi
686 3415 872 3460 tatem.

584 3586 688 3656 Qui
746 3586 911 3657 igitur
961 3585 1127 3642 habet
1192 3584 1402 3640 viscera
1464 3582 1891 3652 misericordia,
1948 3584 2112 3642 talem

513 3679 672 3749 plane
714 3678 1029 3748 experietur
1076 3676 1288 3742 Deum,
1347 3684 1405 3731 et
1453 3675 1751 3732 cumulahit
1798 3676 1852 3732 in
1922 3678 2111 3744 caelis,

513 3772 833 3841 fructusque
875 3770 1128 3824 laborum
1173 3782 1396 3823 suorum
1450 3767 1838 3833 manducabit,
1877 3778 1938 3824 ut
1977 3771 2115 3826 scri-

514 3871 666 3933 ptum
701 3872 786 3918 est
805 3859 871 3914 ⁸⁸.
906 3858 1019 3914 Nec
1063 3858 1211 3913 illum
1259 3858 1521 3913 immitem
1563 3868 1619 3916 et
1669 3859 2109 3916 amentissimum

514 3955 736 4010 divitem
794 3952 1118 4014 imitabitur,
1165 3965 1326 4021 quem
1369 3951 1423 4006 in
1482 3951 1741 4021 parabola
1791 3952 2112 4023 evangelica

514 4044 772 4103 Salvator
801 4045 983 4100 villam
1017 4059 1172 4100 suam
1210 4042 1524 4114 implevisse
1574 4052 1780 4100 narrat.
1825 4042 1919 4100 Ille
1966 4045 2114 4100 enim

515 4140 698 4197 aiebat
731 4156 747 4194 τ
785 4158 803 4190 ι
834 4137 975 4206 Quid
1016 4136 1253 4194 faciam?
1304 4136 1589 4194 Destruam
1641 4137 1840 4193 horrea
1879 4152 2029 4203 mea,
2061 4146 2118 4195 et

518 4232 721 4301 majora
750 4230 968 4295 faciam,
994 4238 1050 4286 et
1076 4229 1254 4286 dicam
1276 4229 1473 4284 animae
1503 4242 1637 4285 mea:
1661 4246 1674 4284 :
1699 4228 1919 4294 Anima,
1950 4230 2118 4287 habes

516 4326 687 4379 multa
728 4322 869 4378 bona
916 4322 1155 4392 reposita
1211 4320 1266 4375 in
1316 4334 1491 4374 annos
1527 4318 1810 4387 plurimos,
1862 4319 2116 4388 comede,

516 4414 666 4481 bibe,
696 4413 881 4469 laetare
900 4412 969 4467 '".
996 4430 1016 4463 ι
1051 4409 1321 4481 Cogitanti
1363 4420 1547 4464 autent
1581 4407 1710 4463 talia
1753 4420 1807 4464 et
1842 4409 2115 4480 ignoranti

2204 551 2317 607 οὐτ’
2345 552 2412 607 ἂν
2442 550 2763 620 ὲπιδοὶημεν
2788 545 3085 618 προθύμως
3119 545 3234 609 τοῖς
3268 541 3450 607 ἄλλοις
3478 544 3554 607 εἰς
3581 545 3781 616 μέθεξιν

2202 645 2271 699 τὰ
2305 643 2462 716 παρὰ
2499 642 2637 698 Θεοῦ
2661 641 2988 713 δωρήματα.

2289 735 2730 805 Ἑπιστρέψατε
2761 732 2838 802 δὴ
2872 732 2942 787 ἐν
2972 731 3181 795 τούτῳ,
3217 727 3381 799 λέγει
3403 729 3615 799 Κύριος
3649 748 3783 785 παν.

2204 828 2525 901 τοκράτωρ.
2574 826 2717 882 Ἐὰν
2740 825 2826 896 μὴ
2875 823 3102 890 ἀνυίξω
3142 821 3287 892 ὑμῖν
3339 820 3481 888 τοὺς
3512 824 3785 891 καταρρά-

2206 939 2355 989 κτας
2379 920 2485 975 τοῦ
2513 917 2799 990 οὐρανοῦ,
2833 917 2933 972 καὶ
2971 913 3161 985 ἐκχεῶ
3204 912 3322 982 τὴν
3359 914 3644 983 εὐλογίαν
3673 931 3782 984 μου

2206 1013 2366 1082 ὑμῖν,
2396 1012 2505 1079 ἕως
2560 1010 2667 1066 τοῦ
2712 1008 3103 1076 ικανωθῆναι.
3159 1005 3267 1063 Kal
3310 1005 3605 1067 διαστελῶ
3656 1006 3786 1075 ὑμῖν

2203 1109 2291 1172 εὶς
2308 1103 2568 1174 βρῶσιν.
2601 1101 2715 1158 Kal
2770 1103 2843 1156 οὐ
2884 1100 2972 1170 μὴ
3012 1095 3319 1168 διαφθαρῶ
3359 1097 3502 1169 ὑμῖν·
3531 1098 3633 1153 τὸν
3661 1116 3787 1167 καρ-

2204 1197 2326 1252 πὸν
2357 1195 2465 1265 τῆς
2493 1192 2627 1265 γῆς,
2658 1192 2761 1247 καὶ
2792 1194 2866 1262 οὐ
2888 1191 2976 1263 μὴ
3026 1190 3347 1260 ἀσθενήσῃ
3391 1188 3560 1260 ὑμῶν
3618 1190 3656 1255 ἡ
3690 1190 3788 1261 ἄμ·

2205 1293 2393 1357 πελος
2452 1288 2490 1356 ἠ
2521 1287 2591 1342 ἐν
2632 1284 2714 1352 τῷ
2758 1283 2955 1355 ἀγιοῷ,
2997 1282 3161 1353 λέγει
3204 1282 3423 1349 Κύριος
3467 1279 3786 1349 παντοκρά-

2203 1398 2341 1451 τωρ.
2410 1379 2520 1435 Καὶ
2583 1377 2998 1448 μακαριοῦσιν
3044 1372 3204 1446 ὑμᾶς
3254 1373 3454 1429 πάντα
3500 1374 3573 1427 τὰ
3618 1372 3786 1439 ἔθνη,

2203 1474 2355 1530 διότι
2386 1474 2606 1529 ἔσεσθε
2631 1469 2800 1542 ὑμεῖς
2827 1468 2904 1541 γῆ
2939 1466 3186 1537 θελητή,
3224 1465 3390 1538 λέγει
3416 1466 3633 1535 Κύριος
3663 1481 3790 1518 παν-

2203 1566 2526 1636 τοκράτωρ.

2273 1657 2398 1715 ΑΘΖ
2429 1656 2597 1713 Πάλιν
2644 1656 2861 1729 ἀνίησιν
2890 1653 3258 1727 ἐγκλημάτων
3281 1692 3297 1718 ,
3341 1650 3442 1706 καὶ
3469 1648 3790 1705 ἀπαλλάττει

2211 1753 2308 1825 μὲν
2332 1752 2528 1816 αὐτοὺς
2560 1750 2779 1821 ἀπάσης
2804 1748 3005 1814 αἰτίας,
3036 1748 3383 1817 ὑπισχνεῖται
3416 1743 3474 1797 δὲ
3504 1742 3598 1798 καὶ
3634 1743 3795 1814 ἀμνη-

2142 1810 2183 1867 B
2211 1810 2453 1905 οικάκως
2478 1810 2792 1912 χαριεῖσθαι
2824 1836 2893 1891 τὰ
2920 1810 3042 1891 κατ’
3074 1810 3264 1907 εὐχην,
3282 1835 3376 1889 καὶ
3410 1835 3532 1897 ταῖς
3556 1810 3795 1887 ἐπέκεινα

2208 1932 2369 2001 λόγου
2405 1928 2832 2001 κατευφραῐνειν
2889 1925 3253 1996 φιλοτιμίαις.
3313 1923 3580 1979 Βούλεται
3630 1922 3685 1978 δὲ
3719 1920 3799 1975 διὰ

2210 2022 2407 2094 πείρας
2429 2021 2629 2083 αὐτοὺς
2654 2019 2749 2073 καὶ
2786 2018 3132 2091 πραγμάτων
3171 2017 3509 2089 άναμαθεῖν,
3556 2014 3632 2078 ὡς
3659 2013 3798 2067 ἔσται

2211 2113 2428 2177 πάντως
2460 2114 2644 2176 αὐτοῖς
2671 2111 2733 2166 τὺ
2761 2112 3134 2183 καρποφορεῖν
3168 2109 3527 2181 ὀνησιφόρον.
3588 2108 3726 2175 Καὶ,
3757 2109 3801 2162 ει

2207 2206 2369 2261 τοῦτο
2390 2205 2522 2277 δρᾷν
2544 2204 2772 2267 ἕλοιντο,
2801 2200 3137 2259 καταδώσειν
3168 2201 3577 2271 ἐπαγγέλλεται
3601 2202 3692 2257 καὶ
3714 2200 3802 2272 τὴν

2207 2296 2318 2353 τῶν
2348 2296 2518 2352 ὑετῶν
2572 2294 2804 2365 ἄφθονον
2831 2293 3099 2366 χορηγίαν
3122 2331 3139 2358 ,
3193 2292 3499 2363 ἀμφιλαφῆ
3542 2291 3599 2345 δὲ
3637 2293 3803 2362 νεῖμαι

2208 2388 2309 2462 τὴν
2338 2387 2612 2457 εὐλογίαν,
2644 2387 2721 2452 ὡς
2754 2386 2898 2459 ἔχειν
2939 2388 3141 2452 αὐτοὺς
3189 2386 3296 2440 τῶν
3346 2384 3637 2454 ἐδωδίμων
3663 2382 3805 2454 ἄφθο-

2208 2498 2300 2535 νον
2351 2480 2448 2553 τὴν
2503 2480 2863 2552 αὐτάρκειαν,
2924 2480 3021 2534 καὶ
3068 2477 3416 2545 ἁπαξαπλῶς
3469 2477 3578 2532 τῶν
3609 2478 3670 2531 ὲκ
3710 2477 3800 2547 γῆς

2209 2573 2431 2644 ἀγαθῶν
2481 2572 2581 2644 τὴν
2638 2572 2972 2645 ἀποχρῶσαν
3019 2572 3261 2645 μέθεξιν.
3305 2591 3324 2624 ι
3359 2570 3639 2626 Διαστελῶ
3664 2570 3796 2640 γὰρ.

2211 2666 2398 2736 φησὶν,
2428 2664 2560 2736 ὑμῖν
2589 2666 2670 2729 εἰς
2698 2664 2923 2736 βρῶσιν.
2957 2684 2976 2718 ι
3014 2665 3088 2719 Τὸ
3120 2665 3176 2718 δὲ
3202 2662 3508 2719 διαστελῶ
3545 2663 3744 2735 νοήσεις
3769 2660 3799 2733 ἡ

2225 2755 2485 2828 Ἀφοριῶ,
2518 2756 2687 2827 ἤγουν
2719 2757 2800 2810 ὅτι
2832 2756 2941 2810 τῶν
2999 2757 3064 2810 ὲκ
3118 2755 3222 2827 γῆς
3252 2756 3549 2828 φυομένων
3588 2754 3800 2807 ἕκαστον

2212 2847 2345 2903 ῐδιον
2367 2848 2481 2919 ἔχει
2514 2847 2728 2919 καιρὸν,
2756 2848 2882 2903 καθ’
2904 2847 2964 2901 ὃν
2993 2847 3027 2920 ἢ
3059 2846 3269 2917 γίνεται
3309 2849 3480 2919 τυχὸν
3500 2846 3534 2919 ἢ
3558 2846 3797 2901 πεπαίνε-

2210 2958 2323 2996 ται.
2352 2941 2474 2996 Ὅτι
2501 2940 2560 2995 δὲ
2596 2939 2800 3013 βλάϐης
2853 2941 3073 3013 ἀπάσης
3117 2940 3363 3012 ἀμείνων
3399 2940 3553 2995 ἔσται
3591 2940 3684 3012 τῆς
3711 2937 3804 3010 γῆς

2211 3034 2241 3088 ὁ
2269 3032 2504 3104 καρπὸς,
2544 3032 2885 3105 πολύὄοτρυς
2911 3034 2991 3098 δὲ,
3042 3033 3139 3088 καὶ
3194 3033 3519 3106 εὐοινοτάτη
3550 3032 3721 3101 λίανή
3751 3030 3804 3084 ὲν

2213 3123 2405 3195 άγροτς
2436 3123 2703 3194 ἄμπελος,
2731 3124 3076 3195 ὑπισχνεῖται
3136 3122 3352 3193 σαφῶς,
3404 3124 3480 3189 ὡς
3530 3126 3610 3189 εἰς
3647 3122 3805 3193 πέρας

2215 3217 2621 3288 ὲνηνεγμένων,
2676 3215 2981 3287 μακαρίους
3021 3216 3081 3270 τέ
3122 3232 3289 3286 φησιν
3321 3215 3552 3272 ἔσεσθαι
3592 3214 3803 3280 λοιπὸν,

2214 3308 2306 3363 καὶ
2333 3302 2424 3363 οἶά
2455 3325 2578 3363 τινα
2635 3308 2741 3379 γῆν
2796 3306 3030 3381 θελητὴν
3073 3308 3489 3381 ὀνομάζεσθαι,
3539 3308 3804 3374 τουτέστι,

2212 3400 2312 3472 τὴν
2339 3399 2661 3473 ἀξιέραστον
2690 3399 2778 3456 διά
2800 3418 2858 3455 τε
2885 3400 2984 3473 τὴν
3037 3401 3378 3473 εὐκαρπίαν,
3427 3404 3524 3458 καὶ
3554 3403 3636 3457 ὅτι
3677 3416 3807 3469 γονι-

2216 3492 2468 3567 μωτάτη.

2286 3580 2496 3637 Οὐκοῦν
2533 3582 2589 3637 εῐ
2613 3599 2697 3647 τις
2729 3581 2846 3654 ἔχει
2895 3582 3182 3655 σπλάγχνα
3230 3585 3565 3658 οἰκτιρμῶν,
3599 3583 3811 3653 τοιούτῳ

2214 3676 2282 3746 δὴ
2310 3677 2527 3738 πάντως
2576 3672 2954 3745 πριτεύξεται
2982 3674 3061 3747 τῷ
3091 3674 3232 3747 Θεῷ.
3288 3678 3390 3731 καὶ
3441 3673 3808 3748 άποσωρεύσει

2218 3768 2317 3838 μὲν
2339 3767 2398 3819 ὲν
2421 3766 2690 3837 οὐρανοῖς,
2724 3765 3046 3835 φάγεται-δὲ
3066 3807 3069 3811 .
3090 3768 3219 3832 τοὺς
3261 3769 3526 3841 καρποὺς
3553 3767 3659 3823 τῶν
3682 3766 3814 3821 ἰδίων

2216 3860 2416 3933 πένων,
2470 3858 2614 3913 κατὰ
2663 3859 2724 3912 τὸ
2756 3858 3169 3931 γεγραμμένον.
3220 3861 3335 3915 Kal.
3389 3862 3496 3917 οὐκ
3530 3858 3814 3918 ἐσται.κατ⁹

2216 3951 2426 4004 ἐκεῖνον
2482 3949 2575 4005 τὸν
2604 3951 2789 4022 ἀπηνῆ
2841 3968 2899 4004 τε
2941 3950 3034 4005 καὶ
3087 3951 3428 4008 ἀνούστατον
3465 3953 3737 4018 πλούσιον,
3765 3948 3818 4005 ὃν

2216 4043 2316 4112 τὴν
2345 4041 2526 4113 χῶραν
2558 4042 3008 4114 ὲμπεφορηκέναι
3028 4044 3208 4116 ’φησὶν
3242 4045 3271 4098 ὀ
3310 4045 3517 4118 Σωτὴρ
3561 4047 3619 4099 ὲν
3650 4059 3817 4115 παρα-

2218 4133 2401 4200 ϐολαῖς
2424 4135 2828 4207 εὐαγγελικαῑς.
2861 4135 2921 4188 Ὀ
2941 4136 3041 4206 μὲν
3057 4135 3167 4208 γὰρ
3198 4135 3437 4207 ἔφασκε·
3467 4158 3487 4190 ι
3506 4138 3573 4192 Τί
3599 4138 3818 4207 ποιήσως

2218 4226 2449 4282 Καθελῶ
2484 4245 2588 4300 μου
2639 4227 2745 4303 τὰς.
2787 4226 3112 4299 ἀποθήκας,
3175 4230 3269 4284 καὶ
3317 4230 3585 4303 μείζονας
3633 4227 3821 4284 οἰκοδο-

2223 4319 2404 4389 μήσω,
2434 4317 2530 4371 καὶ
2585 4315 2699 4388 ἐρῶ
2744 4316 3010 4388 τῇκψυχῇ
3048 4334 3171 4390 μου·
3202 4319 3394 4392 Ψυχὴ,
3461 4320 3611 4392 ἔχεις
3655 4318 3824 4388 ἀγαθὰ

2221 4409 2451 4480 κείμενα
2479 4409 2558 4470 εἰς
2586 4405 2682 4476 ἔτη
2707 4405 2899 4471 πολλὰ,
2933 4409 3096 4477 φάγε,
3126 4408 3239 4471 πίε,
3269 4410 3601 4483 εὐφραίνου.
3631 4428 3649 4462 ι
3705 4408 3821 4461 £25-

518 4508 722 4572 futura,
760 4507 942 4563 Deus:
978 4523 997 4558 ι
1029 4504 1239 4568 Stulte,
1281 4501 1490 4572 inquit,
1523 4500 1626 4556 hac
1661 4510 1822 4557 nocte
1872 4510 2110 4572 repetent

2229 4498 2487 4570 πτομένῳ
2542 4499 2599 4553 δὲ
2642 4498 2710 4552 τὰ
2767 4499 2998 4555 τοιαῦτα
3052 4502 3149 4557 καὶ
3193 4502 3600 4573 ἀμαθαίνοντι,
3666 4502 3824 4561 Θεὸς.

519 4615 550 4657 a
603 4609 657 4654 te
705 4599 944 4652 animam
1002 4605 1201 4651 tuam:
1256 4608 1378 4663 qua:
1431 4603 1610 4647 autem
1673 4595 1911 4662 parasti,
1962 4594 2118 4663 cujus

519 4690 786 4746 erunt”?
812 4709 832 4744 ι
866 4688 1265 4757 Quamobrem,
1308 4695 1366 4740 ut
1404 4686 1685 4752 dicebam,
1738 4686 2120 4744 benedictione

518 4787 710 4858 plenus
736 4793 821 4842 est
848 4801 945 4841 sua
976 4783 1408 4841 communicatis.
1432 4782 1581 4838 Talis
1604 4783 1770 4839 etiam
1805 4783 2120 4852 spirituales

522 4882 727 4935 imbres
764 4893 861 4935 cor
892 4878 1011 4948 ejus
1059 4875 1353 4948 irrigantes
1393 4885 1450 4933 et
1498 4872 1704 4931 aﬂ‘atint
1749 4875 2120 4932 exhilarantes

519 4972 781 5042 accipiet,
820 4970 1148 5043 pietatisque
1203 4969 1737 5040 fructus‘producet,
1789 4966 1925 5022 alias
1961 4966 2119 5021 aliter

518 5074 576 5125 et
612 5064 757 5120 velut
799 5064 1037 5130 divisim,
1068 5064 1265 5135 partim
1304 5065 1597 5129 charitate,
1631 5062 1829 5133 partim
1864 5058 2122 5129 benigni-

524 5168 638 5224 tate
667 5167 723 5214 et
762 5158 1100 5215 humanitate
1133 5158 1437 5228 reciproca,
1474 5154 1904 5225 iortitndineque
1938 5163 1992 5208 et
2024 5168 2120 5223 pa-

410 5312 414 5316 _
525 5250 717 5307 tientia
745 5248 1055 5307 excellens:
1087 5251 1302 5321 eritque
1328 5250 1472 5304 sicut
1502 5258 1646 5302 terra
1676 5244 1836 5301 beata
1868 5245 2118 5316 frugibus

520 5353 581 5407 et
628 5342 1042 5411 fecundissima,
1093 5344 1386 5411 clarusque
1432 5347 1489 5394 et
1539 5338 1791 5404 celebris,
1844 5347 1900 5394 et
1930 5353 2118 5394 revera

524 5430 685 5505 longe
719 5432 1085 5490 beatissimus.
1120 5452 1140 5487 ι
1172 5432 1364 5488 Melius
1401 5436 1485 5485 est
1517 5427 1661 5483 enim
1695 5430 1892 5484 nomen
1915 5426 2116 5485 bomnn

522 5538 688 5595 quam
715 5526 913 5585 divitiae
942 5527 1143 5590 multae,
1160 5543 1184 5578 ι
1216 5532 1274 5579 ut
1300 5522 1563 5591 scriptum
1590 5529 1673 5577 est
1694 5518 1740 5552 "

2226 4612 2246 4646 ι
2290 4593 2530 4661 Ἀφρον,
2594 4591 2764 4662 φησὶ,
2832 4591 3009 4671 ταύτῃ
3060 4595 3127 4665 τῇ
3161 4594 3323 4649 νυκτὶ
3381 4596 3489 4668 τὴν
3529 4595 3714 4667 ψυχήν
3745 4609 3825 4645 σου

2221 4683 2548 4740 ἀπαιτοῦσιν
2586 4683 2695 4737 ἀπὸ
2725 4682 2840 4738 σοῦ·
2883 4684 2919 4740 ἃ.
2950 4686 3006 4740 δὲ
3041 4685 3376 4758 ἡτοίμασας,
3416 4688 3529 4742 τίνι
3591 4686 3772 4749 lerat;
3809 4704 3823 4733 ι

2223 4774 2457 4842 Οὐκοῦν,
2492 4774 2568 4837 ὡς
2598 4774 2755 4847 ἔφην,
2779 4776 3035 4846 εὐλογίας
3061 4777 3315 4850 ἔμπλεως
3336 4779 3365 4831 ὁ
3401 4779 3743 4842 κοινωνικός.
3775 4774 3828 4828 '0

2222 4865 2467 4930 τοιοῦτος
2494 4864 2605 4931 ἕξει
2643 4868 2736 4920 καὶ
2787 4870 3015 4940 νοητοὺς
3067 4869 3259 4931 ὑετοὺς
3305 4870 3690 4943 κατάρδοντας
3740 4869 3831 4938 τὴν

2226 4957 2457 5031 καρδίαν
2489 4959 2582 5012 καὶ
2625 4959 2828 5025 ἱκανῶς
2879 4961 3413 5034 κατευφραίνοντας,
3451 4948 3553 5017 καὶ
3585 4963 3713 5027 τοὺς
3739 4959 3831 5030 τῆς

2225 5050 2508 5117 εὐσεϐείας
2540 5050 2767 5105 ἐκδώσει
2791 5053 3062 5125 καρποὺς,
3094 5053 3286 5109 ἄλλοτε
3327 5054 3517 5119 ἄλλως
3547 5054 3646 5108 καὶ
3676 5048 3830 5106 οἱονεί

2233 5158 2350 5205 πως
2378 5140 2815 5212 διεσταλμένους,
2853 5143 3014 5197 τοῦτο
3047 5144 3145 5216 μὲν
3169 5144 3386 5216 ἀγάπῃ,
3421 5144 3590 5199 τοῦτο
3614 5143 3673 5197 δὲ
3702 5159 3832 5214 χρη-

2235 5233 2451 5304 στότητι
2511 5235 2604 5287 καὶ
2668 5234 3012 5307 φιλαλληλίᾳ,
3050 5235 3275 5308 ἀνδρεία
3329 5254 3394 5290 τε
3444 5239 3545 5292 καὶ
3590 5235 3828 5307 ὑπομονῇ

2225 5324 2559 5397 διαπρέπων·
2612 5324 2766 5381 ἔσται
2796 5327 2853 5381 δὲ
2891 5321 2979 5383 οἷά
3004 5345 3090 5393 τις
3132 5326 3421 5402 εὓκαρπος
3462 5329 3563 5385 καὶ
3594 5344 3827 5400 γονιμω-

2224 5421 2359 5491 τάτη
2395 5421 2488 5490 γῆ,
2523 5418 2775 5490 λαμπρός
2826 5435 2886 5472 τε
2918 5421 3014 5475 καὶ
3065 5419 3356 5494 διαϐόητος
3392 5423 3490 5476 καὶ
3526 5416 3828 5496 τρισμακάο

2231 5528 2341 5584 ριος
2369 5511 2606 5580 άληθῶς.
2645 5529 2663 5562 ι
2688 5509 2918 5582 Αἱρετὸν
2954 5512 3063 5585 γὰρ
3112 5512 3288 5588 ὄνομα
3336 5513 3511 5571 καλὸν
3545 5516 3580 5587 ἢ
3615 5506 3829 5569 πλοῦτος

2228 5603 2414 5669 πήὠς,
2448 5622 2468 5656 s
2501 5601 2685 5666 καθὼς
2713 5602 3043 5676 γέγραπται.

608 5791 658 5836 ⁸ο
689 5791 831 5853 Psal.
870 5807 1076 5859 cum,
1125 5790 1179 5845 2.
1258 5789 1302 5822 ‘"
1337 5787 1470 5845 Luc.
1508 5756 1611 5856 an,
1649 5786 1837 5845 17-19.
1914 5786 1959 5819 ³⁸
1986 5784 2110 5845 Ibid.

2213 5785 2261 5843 0-
2340 5786 2385 5819 "
2423 5783 2748 5851 Prov..xxn,
2787 5784 2832 5840 ι.
