4098 6478
405 418 528 474 355

1244 417 1813 478 COMMENTARIUS
1851 421 1918 477 IN
1960 420 2375 480 MALACIIIAM
2417 420 2874 482 PROPHETAM.

3647 439 3755 498 554
3793 467 3798 472 -

486 531 631 586 ΜΝ.
689 529 1270 605 Κατακερτομούντων
1319 534 1485 589 αὐτὸν
1527 535 1639 592 τῶν
1686 535 1747 603 ἐξ
1792 536 2034 610 Ἰσραὴλ,

2217 535 2355 591 XLI.
2388 535 2668 595 lsraelitas
2703 555 2826 597 sese
2853 541 3233 613 criminantes,
3264 557 3318 604 et
3357 549 3525 623 impie
3577 555 3756 614 blate-

404 625 514 679 καί
535 625 727 680 ἀνόσια
756 625 879 680 κατ’
911 625 1082 680 αὑτοῦ
1112 626 1589 700 πεφλυαρηκότων
1618 630 1896 701 προσέσχε
1927 630 2029 702 μὲν

407 719 517 772 καὶ
566 721 912 790 είσήκουσεν.
968 714 1102 774 Εἶτα
1154 721 1275 775 δέον
1322 725 1437 788 τοῖς
1480 724 1899 796 ἡμαρτημένοις
1932 725 2031 797 τὴν

406 811 748 884 πρέπουσαν
769 814 1082 886 ὲπαρτῆσαι
1109 814 1292 887 δίκην,
1324 817 1420 870 καὶ
1453 817 1582 881 τοὺς
1602 817 1706 888 τῆς
1734 818 2032 891 ἀθυροστο-

411 904 556 974 μίας
620 904 963 975 πράττεσθαι
1025 905 1266 976 λόγους,
1327 909 1556 982 πάρεισι
1615 911 1714 982 μὲν
1769 911 1846 977 ὼς
1897 912 2030 978 Θεὸς

410 998 824 1070 ἀμνησικάκως
853 999 1153 1055 καὶτοῦτο.
1190 1001 1403 1073 Γράφει
1450 1003 1506 1056 δὲ
1559 1003 1767 1075 βιϐλίον
1812 1023 2029 1077 μνημο-

413 1092 589 1146 σύνου
631 1093 748 1155 τοῖς
780 1092 1142 1163 φοϐουμένοις
1183 1094 1366 1158 αὐτὸν,
1408 1096 1538 1166 περὶ
1565 1089 1663 1160 ὧν,
1701 1091 1860 1168 οἶμαί
1902 1113 2026 1162 που,

411 1183 518 1237 καὶ
565 1184 733 1248 αὐτὸς
787 1183 1030 1252 ἔφασκεν
1101 1187 1131 1239 ό
1187 1185 1357 1239 Δαϐὶδ
1408 1187 1546 1258 πρὸς
1603 1188 1696 1242 τὸν
1744 1189 2032 1260 γράφοντα

412 1273 670 1347 βιϐλίον’
729 1295 747 1328 ι
785 1275 898 1328 Καὶ
932 1275 1027 1329 ἐπὶ
1077 1274 1142 1330 τὸ
1188 1275 1397 1348 βιϐλίον
1430 1295 1526 1332 σου
1563 1279 1768 1345 πάντες
1813 1281 2002 1353 γραφή

409 1385 633 1421 σονται.
671 1386 691 1419 ι

489 1459 824 1530 Εὑρήσομεν
851 1458 908 1512 δὲ
936 1459 1103 1514 αὐτὸν
1144 1460 1235 1515 τὸν
1267 1461 1476 1536 Κύριον
1505 1463 1664 1535 ήμῶν
1703 1465 1913 1538 Ἰησοῦν
1939 1465 2032 1520 τὸν

2135 639 2328 685 rantes
2352 631 2588 687 attendit
2615 641 2668 687 et
2697 633 2909 690 audivit
2947 635 3108 694 Deus.
3147 638 3353 698 Deinde
3391 659 3513 700 cum
3548 647 3600 702 in
3630 664 3756 706 reos

2135 736 2352 794 poenam
2379 724 2641 793 aequalem
2695 729 3028 785 constituere
3055 744 3354 803 oporteret,
3381 748 3436 792 et
3462 741 3754 797 verborum

2137 776 2149 794 ι
2383 776 2418 778 ,_
2443 776 2456 793 ,
2702 776 3026 785 -_--_---_---
3056 776 3354 803 -,..,..-.-.,
3381 776 3436 792 υ.
3470 776 3754 797 unum..."

2135 812 2496 882 petulantiam
2532 817 2830 904 rationem.
2855 835 3168 892 reposcere,
3214 827 3317 883 boc
3347 832 3508 884 etiam
3545 833 3759 902 injuria:

2136 916 2194 960 ut
2229 905 2372 962 Deus
2420 909 2712 966 immemor
2765 917 3159 982 prtetertuittit.
3192 920 3394 978 Scribit
3456 936 3636 982 autem
3693 928 3760 983 li-

2136 999 2294 1055 brum
2327 995 2669 1058 montlmenti
2701 1005 3020 1064 timentibus
3082 1012 3281 1080 ipsum,
3315 1018 3382 1071 de
3428 1020 3646 1088 quibus,
3702 1022 3755 1075 ui

2134 1091 2314 1158 fallor,
2339 1105 2389 1150 et
2423 1096 2536 1165 ipse
2561 1095 2733 1153 David
2771 1100 3031 1157 scribenti
3079 1104 3280 1163 librum
3307 1109 3454 1167 hunc
3486 1125 3502 1165 :
3543 1130 3564 1164 ι
3600 1111 3665 1166 Et
3702 1114 3754 1168 in

2133 1189 2274 1245 libro
2308 1199 2402 1247 tuo
2430 1207 2622 1248 omnes
2645 1194 2960 1253 scribentur
2985 1198 3052 1252 ⁸⁵.
3084 1218 3104 1251 ι

2212 1461 2542 1519 Dililetiam
2572 1466 2675 1536 ipsr
2694 1476 2803 1523 met
2845 1468 3110 1526 Domiti-ns
3148 1481 3338 1528 noster
3373 1473 3625 1532 Christus
3674 1479 3754 1531 tti-

403 1556 448 1606 Χ
466 1553 657 1624 ριστὸν
683 1556 798 1618 τοῖς
828 1554 1009 1622 ἁγίοις
1042 1553 1275 1624 λέγοντα
1304 1557 1578 1628 μαθηταῖς
1600 1574 1612 1586 ο
1647 1577 1666 1610 ‹
1691 1560 1783 1630 Μὴ
1807 1559 2029 1632 χαίρετε

2147 1551 2364 1623 scipulis
2404 1555 2520 1610 suis
2554 1573 2568 1609 :
2603 1574 2621 1607 ι
2657 1555 2839 1613 Nolite
2861 1561 3101 1630 gaudere
3131 1563 3259 1632 quia
3297 1564 3568 1620 daemonia
3625 1573 3752 1622 sub-

409 1646 496 1697 ἰτι
529 1644 601 1699 τὰ
622 1645 880 1716 δαιμόνια
915 1645 1290 1700 ὑποτάσσεται
1319 1649 1469 1719 ὑμῖνθ
1492 1648 1714 1722 χαίρετε
1739 1650 1796 1704 δὲ
1828 1651 2031 1722 μᾶλλον

2158 1646 2397 1702 iciuntur
2420 1649 2577 1704 vobis
2610 1668 2624 1704 :
2657 1651 2890 1721 gaudete
2921 1663 3108 1709 autem
3141 1657 3321 1725 potius
3347 1658 3477 1727 quia
3535 1661 3751 1715 nomina

404 1738 498 1788 ὅτι
525 1737 594 1790 τὰ
631 1737 877 1808 ὀνόματα
912 1736 1068 1808 ὑμῶν
1099 1738 1426 1809 ἐγράφησαν
1461 1739 1522 1792 ἐν
1556 1741 1670 1803 τοῖς
1698 1740 1970 1811 οὐρανοῖς.
1999 1759 2024 1794 ο

2147 1750 2316 1795 vestra
2348 1743 2550 1814 scripta
2578 1756 2706 1799 sunt
2741 1747 2793 1800 iu
2833 1747 2993 1802 cmlis
3029 1748 3129 1801 ⁸⁸.»
3172 1750 3308 1804 Male
3333 1761 3589 1819 precatur
3617 1769 3757 1824 quo-

423 1831 748 1902 Ἑπαρᾶται
789 1829 847 1882 δὲ
889 1829 1098 1902 σφόδρα
1135 1829 1368 1896 εἰκότως
1416 1834 1445 1885 ό
1487 1830 1780 1896 θεσπέσιος
1827 1832 2027 1897 Δαϐὶδ,

2139 1848 2271 1904 que,
2296 1842 2351 1890 et
2385 1837 2602 1907 quidem
2647 1839 2970 1909 justissime,
2992 1841 3210 1897 divinus
3244 1843 3412 1900 David
3436 1844 3750 1904 Judaornm

406 1926 532 1988 τοῖς
576 1922 854 1977 Ἰουδαίων
883 1922 1079 1994 δήμοις
1108 1924 1437 1978 ἀπεκτονόσι
1459 1925 1720 1996 Χριστὸν,
1763 1925 1908 1980 οὕτω
1939 1925 2027 1980 λέ-

2147 1929 2348 1999 m-pulis
2375 1930 2580 1986 Citriin
2605 1931 3054 1988 interfectoribus
3080 1935 3165 1990 his
3187 1938 3369 1992 verbis
3396 1953 3411 1991 :
3452 1958 3471 1992 ε
3507 1938 3752 1994 Deleau-

407 2037 567 2091 γων’
623 2039 642 2071 t
685 2019 1203 2090 Ἐξαλειφθήτωσαν
1261 2019 1327 2072 ἐκ
1385 2017 1568 2088 βίϐλου
1619 2018 1883 2084 ζώντων,
1932 2021 2029 2074 καὶ

413 2114 569 2184 μετὰ
606 2112 834 2167 δικαίων
888 2111 964 2184 μὴ
1013 2113 1410 2184 γραφήτωσαν.
1457 2131 1475 2164 ι
1530 2111 1811 2187 Γράφεται
1848 2112 2030 2167 τοίνυν

408 2209 478 2262 τὸ
523 2206 623 2261 τοῦ
672 2206 1026 2278 μνημοσύνου
1072 2204 1280 2276 βιϐλίον
1319 2206 1433 2269 τοῖς
1475 2205 1838 2278 φοϐουμένοις
1871 2204 2027 2268 Θεὸν,

410 2299 514 2363 οὓς
546 2300 643 2354 καὶ
677 2299 914 2361 οἰκείους
941 2297 1164 2351 ἔσεσθαί
1194 2316 1364 2370 φησιν
1388 2297 1571 2370 ἑαυτῷ
1602 2301 1698 2353 καὶ
1731 2316 2028 2372 γνωριμω-

410 2393 622 2457 τάτους
655 2391 804 2446 κατά
838 2407 904 2460 γε
951 2391 1044 2444 τὸν
1082 2391 1181 2462 τῆς
1231 2393 1642 2463 περιποιήσεως
1679 2393 1895 2466 καιρὸν,
1940 2395 2030 2448 ὅτε

413 2484 706 2541 καθιεζτατ
747 2485 848 2556 μὲν
883 2486 914 2537 ὁ
957 2483 1196 2557 Χριστὸς
1243 2485 1337 2538 ἐπὶ
1390 2484 1586 2556 θρόνου
1632 2485 1794 2556 δόξης
1837 2486 2027 2552 αὐτοῦ,

412 2579 874 2652 δορυφορούντων
904 2577 1156 2648 ἀγγέλων
1179 2593 1192 2608 °
1235 2597 1255 2630 t
1291 2579 1402 2632 Καὶ
1454 2581 1645 2651 στήσει
1672 2579 1744 2634 τά
1777 2581 1878 2651 μὲν
1905 2580 2034 2652 πρός

413 2672 567 2726 ϐατα
594 2675 659 2726 ἐκ
683 2671 902 2738 δεξιῶν,
933 2671 1004 2724 τὰ
1033 2670 1092 2724 δὲ
1122 2671 1313 2741 ἐρίφια
1343 2668 1403 2736 ἐξ
1434 2671 1759 2743 εὐωνύμων,
1794 2673 1892 2726 καὶ
1917 2675 2035 2743 ὲρετ

413 2770 535 2831 τοῖς
572 2769 640 2820 ἐκ
674 2765 898 2832 δεξιῶν·
952 2763 1144 2827 Δεῦτε,
1177 2766 1226 2817 oi
1272 2764 1634 2836 εὐλογημένοι
1685 2765 1779 2819 τοῦ
1817 2767 2034 2840 Πατρός

421 2879 554 2932 μου,
604 2860 1061 2933 κληρονομήσατε
1112 2859 1213 2929 τὴν
1264 2859 1680 2931 ἡτοιμασμένην
1715 2860 1845 2930 ὑμῖν
1877 2861 2033 2932 βασι-

417 2957 578 3009 λείαν
623 2956 734 3010 ἀπὸ
780 2953 1093 3027 καταϐολῆς
1135 2953 1368 3026 κόσμου.
1409 2973 1428 3007 ι
1484 2955 1616 3007 Τότε
1664 2954 1774 3025 γὰρ
1833 2956 2034 3020 αὐτοὺς

417 3050 682 3122 αἱρετιεῖ,
714 3047 996 3101 τουτέστιν
1053 3048 1309 3118 αἱρετοὺς
1336 3048 1646 3118 ποιήσεται,
1682 3045 2034 3117 παραχωρῶν

417 3143 581 3196 οὐδὲν
615 3144 704 3205 είς,
749 3140 1140 3212 φιλοστοργίαν
1168 3143 1283 3204 τοῖς
1318 3140 1442 3194 καθ’
1473 3142 1621 3212 ήμᾶς
1651 3140 1948 3210 πατράσιν,
1984 3139 2034 3194 οἳ

419 3239 538 3302 τοῖς
592 3233 744 3300 ἰδίοις
796 3235 1158 3303 ὲπιγάνυνται
1191 3234 1428 3298 τέκνοις,
1472 3233 1602 3288 ὅταν
1644 3229 1756 3286 εἷεν
1798 3232 2034 3303 μάλιστα

424 3328 571 3397 σοφὰ
600 3327 695 3382 καὶ
735 3327 952 3398 εὐήνια,
988 3325 1086 3380 καὶ
1115 3324 1206 3379 διὰ
1234 3325 1500 3396 πλείστης
1536 3324 1717 3390 αἰδοῦς
1750 3324 2034 3380 ποιοῦνται

421 3419 554 3483 τοὺς
586 3419 888 3488 φύσαντας.

500 3511 612 3566 Καὶ
655 3511 1218 3580 ἐπιστραφήσεσθε,
1272 3510 1372 3565 καί
1417 3510 1650 3582 ὄψεσθε
1686 3513 1806 3568 ἀνὰ
1840 3513 2042 3582 μέσον

420 3606 700 3668 δικαίου,
735 3604 838 3658 καί
876 3604 998 3658 ἀνὰ
1030 3603 1229 3674 μέσον
1273 3600 1671 3674 ἀνόμου,’καὶ
1697 3605 1818 3661 ἀνὰ
1841 3606 2042 3677 μέσον

427 3699 538 3753 τοῦ
610 3695 1023 3761 δουλεύοντος
1080 3695 1163 3761 τῷ
1230 3693 1384 3762 Θεῷ,
1433 3696 1535 3754 καί
1595 3697 1704 3753 τοῦ
1752 3697 1840 3769 μὴ
1903 3699 2043 3754 δου-

426 3792 748 3857 λεύοντος.

503 3882 638 3940 MB'.
685 3882 823 3938 Τότε
859 3881 947 3953 δὴ,
985 3879 1131 3947 τότε,
1164 3881 1322 3953 φησὶ,
1348 3884 1447 3954 τῆς
1480 3881 1625 3937 οὓτω
1668 3882 1937 3955 λαθραίας
1966 3883 2043 3936 εί-

427 3976 768 4048 καιομυθίας
818 3977 1310 4047 ἀποπαυσαμενοι,
1361 3977 1457 4030 καὶ
1512 3977 1616 4047 τήν
1671 3977 1894 4051 ἀκρατῆ
1947 3978 2044 4031 καὶ

423 4069 764 4125 ἀπαίδευτον
794 4069 1201 4132 ἀνακόπτοντες
1244 4067 1524 4138 γλῶσσαν,
1559 4069 2040 4144 διαλοιδορήσεσθε

431 4166 535 4235 μὲν
579 4163 685 4217 οὐκ
729 4161 809 4216 ῑτι
857 4160 936 4233 τῷ
979 4161 1262 4234 φιλαρέτῳ
1303 4161 1460 4234 Θεῷ,
1506 4165 1794 4234 μονονουχὶ
1837 4165 1894 4217 δὲ
1941 4165 2043 4238 τὴν

431 4257 614 4330 μέθην
661 4256 1157 4328 άποπεμψάμενοι,
1204 4258 1300 4311 καὶ
1342 4252 1456 4311 οῖον
1499 4258 1930 4329 ἐπιστρέφοντες
1977 4261 2043 4314 ἐκ

431 4350 675 4421 πλάνης,
702 4346 762 4402 εὖ
801 4349 949 4420 μάλα
988 4348 1372 4422 καταθρήσετε
1405 4350 1529 4405 τότε
1563 4353 1660 4406 καὶ
1688 4353 1814 4407 ὅσον
1838 4354 1960 4408 ἐστὶ
1983 4355 2044 4408 τὺ

435 4441 648 4512 μεταξὺ
678 4441 892 4496 δικαίου
925 4441 1022 4496 καὶ
1051 4441 1278 4512 ἀνόμου,
1309 4442 1406 4497 τοῦ
1429 4443 1779 4509 δουλεύοντος
1801 4445 1922 4517 Θεῷ
1947 4446 2044 4500 καὶ

428 4535 530 4589 τοῦ
577 4535 654 4606 μὴ
701 4533 1071 4598 δουλεύοντος.
1101 4535 1166 4587 οι
1197 4535 1299 4605 μὲν
1337 4534 1450 4607 γὰρ
1483 4536 1678 4608 ἀνομοί
1717 4555 1776 4592 τε
1824 4540 1917 4592 καὶ
1953 4539 2044 4606 ἐξ-

2136 2029 2224 2075 ιιιι·
2283 2020 2348 2074 de
2392 2020 2530 2075 libro
2566 2022 2893 2087 viventium,
2923 2031 2978 2077 et.
3005 2039 3128 2077 cum
3155 2025 3320 2094 justis
3345 2042 3450 2082 non
3503 2031 3758 2100 scribens

2134 2120 2224 2167 tur
2256 2114 2328 2167 ³⁷.
2371 2131 2389 2165 ι
2430 2111 2707 2167 Scribitur
2740 2129 2872 2183 ergo
2911 2115 3052 2170 liber
3097 2120 3435 2174 monumenti
3503 2121 3751 2177 timenti-

2135 2206 2238 2261 bus
2272 2205 2586 2271 Dominum,
2618 2222 2756 2276 quos
2789 2207 2919 2260 item
2965 2208 3065 2262 sibi
3105 2209 3438 2268 domesticos
3477 2222 3536 2268 et
3585 2213 3744 2270 fami‘

2109 2298 2456 2374 .Iiarissimos
2473 2307 2718 2370 tempore
2743 2301 3119 2370 :chttisitiocnis
3135 2302 3249 2359 {ore
3267 2303 3521 2370 afﬁrmat,
3535 2310 3754 2378 quando

2135 2394 2344 2449 scilicet
2371 2395 2585 2448 sedebit
2606 2394 2861 2451 Christus
2896 2412 3062 2467 super
3095 2399 3352 2452 thronum
3381 2401 3572 2471 gloria:
3617 2417 3751 2470 sum,

2135 2486 2472 2554 stipantibus
2527 2486 2736 2556 angelis
2767 2501 2781 2539 :
2817 2505 2836 2538 ι
2877 2488 2942 2543 Et
2996 2501 3198 2544 statuet
3251 2506 3386 2546 oves
3447 2509 3476 2548 a
3516 2495 3752 2557 dextris,

2136 2578 2320 2633 bardos
2346 2591 2529 2633 autem
2563 2593 2593 2632 a
2642 2578 2904 2642 sinistris.
2931 2590 2987 2635 et
3032 2581 3176 2638 dicet
3209 2585 3294 2639 bis
3328 2586 3422 2656 qui
3455 2602 3485 2641 a
3549 2589 3756 2644 dextris

2135 2682 2298 2726 erunt
2335 2689 2348 2726 :
2385 2672 2603 2739 Venite,
2639 2672 2912 2728 benedicti
2963 2673 3142 2731 Patris
3185 2682 3311 2745 mei,
3347 2678 3614 2748 pert-ipite
3667 2697 3756 2737 re-

2137 2779 2302 2833 gnum
2385 2762 2533 2833 qttod
2611 2763 2772 2818 vobis
2823 2773 3074 2832 paratum
3133 2777 3216 2822 est
3276 2784 3304 2821 a
3363 2771 3754 2826 constitutione

2137 2853 2324 2907 mundi
2351 2853 2420 2907 ".
2462 2872 2482 2906 ι
2515 2853 2672 2907 Tunc
2699 2854 2844 2908 enim
2878 2869 2972 2908 eos
3021 2856 3218 2926 eliget,
3251 2859 3355 2915 Itoc
3409 2871 3493 2916 est
3546 2862 3755 2920 electos

2138 2945 2324 3014 faciet,
2365 2947 2725 3017 pliilostorgia
2780 2955 2834 3001 et
2865 2963 3055 3003 amore
3089 2951 3180 3005 illo
3203 2952 3471 3022 singulari
3504 2954 3642 3010 nihil
3666 2965 3758 3011 ce-

2137 3037 2273 3090 dens
2299 3037 2553 3106 patribus
2579 3037 2913 3108 nostris,qui
2950 3054 3117 3109 super
3145 3043 3272 3097 ﬁliis
3297 3044 3596 3110 exsultant,
3626 3063 3754 3100 cum

2141 3138 2270 3182 sum
2300 3144 2461 3196 quam
2494 3131 2886 3200 sapientissimi
2906 3134 3236 3204 etmorigeri
3269 3154 3283 3190 :
3312 3147 3608 3207 etquorunt
3631 3148 3755 3195 satu

2141 3220 2489 3292 progenerati
2539 3232 2711 3287 sunt,
2769 3238 2866 3278 eos
2929 3237 3142 3280 summa
3206 3227 3554 3284 observantia
3624 3245 3752 3300 pro-

2143 3325 2474 3386 sequuntur.

2217 3502 2381 3557 Vens.
2427 3503 2510 3558 I8.
2544 3501 2614 3557 Et
2659 3504 3068 3571 convertimini,
3103 3513 3152 3560 et
3204 3506 3442 3561 videbitis
3492 3507 3622 3578 quid
3688 3511 3758 3562 sit

2143 3599 2286 3652 inter
2326 3598 2535 3666 justum
2602 3606 2652 3651 et
2698 3598 2958 3666 iniustum
2985 3642 3000 3668 ,
3061 3610 3110 3653 et
3159 3600 3301 3656 inter
3327 3598 3501 3674 884
3530 3602 3759 3657 servien-

2144 3703 2246 3747 tem
2277 3690 2384 3745 Deo
2412 3733 2426 3750 .
2449 3703 2495 3746 et
2528 3706 2630 3746 non
2654 3693 2965 3748 servientem
2989 3693 3061 3748 ei.
3372 3714 3374 3716 ·

2221 3874 2380 3931 χιιι.
2418 3874 2591 3942 Tunc,
2617 3883 2768 3943 tunc,
2797 3874 2996 3946 inquit,
3021 3873 3090 3930 ab
3114 3875 3214 3930 ista
3241 3873 3576 3932 clandestina
3604 3855 3759 3932 vani—

2146 3963 2420 4036 loquentia
2449 3964 2786 4030 desinentes,
2844 3974 2898 4018 et
2929 3964 3358 4021 incontinentem
3415 3981 3481 4022 ac
3532 3968 3755 4024 stultam

2146 4061 2386 4129 linguam
2437 4059 3020 4128 eompescentes,Deo
3077 4058 3336 4114 bonitatis
3385 4061 3592 4116 amanti
3647 4075 3755 4117 non

2146 4153 2381 4222 amplius
2410 4150 2802 4222 obloquemini,
2831 4161 2886 4206 et
2916 4152 3309 4222 propemodum
3342 4153 3611 4209 ebrietate
3666 4171 3755 4210 rc-

2147 4246 2392 4318 pudiata,
2421 4253 2475 4298 et
2515 4244 2672 4314 quasi
2708 4245 2848 4314 pede
2869 4245 2938 4299 ab
2972 4258 3164 4300 errore
3186 4255 3466 4313 revocato,
3522 4247 3761 4303 intuebi-

2147 4339 2284 4394 mini
2313 4337 2622 4394 clarissime
2652 4337 2802 4408 quod
2831 4346 2887 4393 et
2934 4347 3200 4408 quantum
3257 4338 3401 4394 inter
3445 4339 3653 4408 justum
3705 4352 3760 4395 et

2149 4436 2412 4508 injustum
2431 4437 2502 4490 sit
2527 4436 2846 4498 discrimen,
2894 4435 3038 4491 inter
3068 4436 3398 4491 servientem
3431 4436 3542 4493 Deo
3564 4447 3619 4493 et
3649 4454 3756 4492 non

2149 4528 2751 4601 servientemeprobI
2769 4529 2996 4591 enim,el
3015 4527 3266 4594 rebelles,
3281 4528 3534 4600 etjugnm
3549 4528 3668 4596 ejus
3684 4546 3764 4582 rc-

429 4630 601 4699 ήνιοιν
649 4627 746 4680 καὶ
779 4627 870 4679 τὸν
910 4627 1013 4699 τῆς
1043 4627 1136 4679 ὑπ’
1185 4625 1338 4698 αὐτῷ
1372 4627 1624 4693 δουλείας
1651 4631 2044 4702 ἀποσειόμενοι

2147 4624 2499 4697 jcetantes,in
2517 4622 2878 4693 perditionem
2895 4629 3208 4676 etextrema
3225 4622 3487 4692 supplicia
3502 4624 3763 4676 amanda-

428 4721 606 4790 ζυγὸν
636 4722 951 4792 οἰχήσονται
978 4721 1116 4792 πρὸς
1142 4721 1426 4777 ἀπώλειαν
1450 4724 1546 4778 καὶ
1575 4727 1657 4786 είς
1685 4725 2047 4798 ἀτελεύτητον

427 4813 683 4868 κόλασιν.
742 4831 762 4864 t
799 4813 948 4865 Ἑκεῖ
994 4811 1148 4868 ἔσται
1197 4815 1226 4868 ό
1269 4814 1549 4888 κλαυθμὸς
1582 4817 1678 4869 καὶ
1717 4817 1748 4871 ό
1800 4816 2048 4887 βρυγμὸς

426 4904 546 4958 τῶν
592 4903 846 4967 ὀδόντων,
882 4923 901 4955 ι
961 4903 1107 4959 καθά
1141 4905 1470 4977 γέγραπται.
1529 4907 1594 4960 Oi
1625 4906 1681 4960 δὲ
1717 4905 1913 4977 ἀγαθοὶ
1949 4908 2044 4962 καὶ

429 4997 703 5067 φιλόθεοι,
756 4997 853 5052 καὶ
895 4997 1008 5050 τῶν
1052 4997 1217 5051 θείων
1262 4998 1446 5070 νόμων
1495 4999 1899 5070 ἐπιστήμονες,
1948 5001 2045 5053 καὶ

427 5091 662 5161 ἀπάσης
691 5090 896 5161 ἀρετῆς
928 5089 1284 5162 ἐπιμεληταὶ,
1329 5088 1598 5160 λαμπροὶ,
1631 5090 1727 5144 καὶ
1755 5090 2044 5163 ἡγιασμέ-

427 5197 549 5246 νοι,
591 5180 686 5233 τὸν
713 5180 818 5251 τῆς
849 5177 1165 5250 ἀφθαρσίας
1214 5177 1576 5250 ἀναϐήσονται
1626 5179 1913 5250 στέφανον,
1951 5181 2046 5234 καὶ

430 5278 496 5328 ὲν
540 5276 661 5336 ταῖς
703 5273 818 5327 ἀνω
859 5272 1154 5342 γεγονότες
1186 5272 1402 5344 μοναῖς,
1431 5271 1906 5344 συνδιαιτήσονται
1949 5273 2048 5344 μὲν

431 5366 618 5436 ἁγίοις
651 5367 931 5436 ἀγγέλοις,
974 5365 1224 5420 κοινωνοὶ
1260 5365 1320 5419 δὲ
1345 5364 1446 5437 τῆς
1478 5361 1638 5438 δόξης
1668 5368 2046 5438 ἀποφανέντες

430 5459 708 5535 Χριστοῦ,
753 5461 867 5524 τοῖς
920 5462 1001 5523 είς
1059 5457 1391 5532 μακραίωνα
1445 5456 1562 5530 βίον
1609 5460 2048 5532 ἐντρυφήσωσιδ

425 5553 689 5622 ἁγαθοίς,
715 5571 736 5605 ι
753 5555 822 5606 Ἃ
849 5549 1134 5622 ὀφθαλμὸς
1158 5551 1261 5604 οὐκ
1283 5545 1415 5618 sitis,
1441 5549 1539 5604 καὶ
1559 5545 1658 5613 οῦς
1686 5550 1788 5604 οὐκ
1813 5550 2043 5622 ήκουσι,

430 5647 536 5704 καὶ
584 5647 678 5699 ἐπὶ
721 5643 958 5715 καρδίαν
1003 5641 1297 5716 ἀνθρώπου
1345 5643 1448 5697 οὐκ
1495 5640 1700 5713 ἀνέϐη,
1737 5659 1758 5695 ι
1797 5642 1942 5697 κατὰ
1983 5642 2052 5696 τδ

2157 4719 2380 4772 buntur.
2417 4735 2436 4767 ι
2459 4715 2536 4771 Ibi
2551 4715 2654 4770 erit
2673 4713 2832 4769 ﬂetus
2854 4715 3128 4770 etstritlor
3145 4715 3386 4770 dentium
3413 4717 3595 4786 tjuxta
3612 4712 3763 4769 Scri-

2155 4822 2372 4883 ptnrarn
2401 4810 2470 4864 ³⁸.
2510 4809 2646 4862 Boni
2673 4819 2863 4861 contra
2878 4815 2932 4861 et
2948 4805 3040 4860 Dei
3061 4806 3762 4875 amantes,divinarumqne

2153 4905 2335 4975 legum
2364 4903 2542 4974 gnari,
2579 4901 2982 4970 virtutibusque
3009 4899 3202 4964 dediti,
3232 4899 3524 4970 splendidi,
3550 4908 3607 4954 et
3633 4914 3760 4954 sau-

2153 4997 2377 5053 ctiiicati
2402 5037 2417 5059 ,
2453 4993 2886 5050 immortalitatis
2917 5007 3122 5049 corona
3153 4991 3470 5060 induentur,
3512 5001 3568 5048 et
3589 4991 3645 5048 In
3672 5007 3763 5047 sn-

2156 5107 2352 5164 pernas
2403 5089 2714 5145 mansiones
2765 5085 2966 5157 recepti
2998 5086 3038 5154 ¹,
3074 5097 3196 5140 cum
3259 5086 3468 5158 angelis
3512 5085 3763 5141 fruentur

2155 5198 2274 5239 aevo
2299 5183 2657 5252 sempiterno,
2694 5187 2752 5235 et
2794 5180 3088 5250 participes
3112 5176 3242 5234 facti
3269 5177 3456 5249 gloria
3505 5176 3707 5235 Christi
3743 5218 3759 5243 ,

2157 5279 2213 5333 in
2245 5277 2403 5347 longa
2437 5273 2634 5330 saecula
2666 5273 2913 5329 suaviter
2940 5283 3169 5344 carpent
3219 5274 3394 5337 bona,
3430 5289 3450 5323 ι
3483 5287 3604 5342 ηοω
3659 5287 3760 5327 nec

2151 5369 2344 5427 oculus
2369 5367 2525 5435 vidit,
2565 5382 2668 5424 nec
2698 5369 2849 5423 suris
2895 5366 3123 5430 audivit,
3151 5378 3250 5420 nec
3275 5366 3329 5419 in
3365 5378 3462 5419 cor
3521 5363 3759 5421 hominis

2145 5462 2538 5530 ascenderunt,
2579 5479 2600 5514 ι
2644 5469 2704 5516 ut
2735 5461 3009 5527 scriptum.
3032 5458 3179 5512 est'.
3211 5451 3606 5509 Verumtamen
3636 5463 3763 5510 cer.

2150 5565 2345 5612 nentes
2365 5556 2422 5612 in
2455 5555 2558 5610 hac
2589 5555 2700 5610 vita
2716 5553 2968 5609 homines
2990 5548 3320 5621 improbltati
3344 5547 3572 5615 amicos,
3599 5547 3760 5605 rebus

2149 5651 2407 5707 secundis
2443 5650 2636 5706 beatos
2670 5655 2736 5704 ac
2791 5644 3068 5711 ﬂorentes,
3125 5641 3457 5712 cogitatione
3511 5641 3760 5699 distracti

511 5857 558 5890 ’⁵
601 5856 741 5911 I‘sal.
776 5867 1046 5944 erigitvr":
1245 5853 1294 5886 "
1322 5851 1452 5944 Luc.
1491 5867 1544 5919 κ,
1575 5852 1667 5908 20.
1745 5855 1791 5889 ⁸⁷
1818 5853 1964 5912 PsaI.
1995 5871 2054 5912 ιι

2152 5873 2191 5924 ι,
2235 5856 2327 5912 29.
2431 5853 2694 5911 "Matth.
2725 5871 2850 5921 m,
2898 5836 2988 5919 οε,
3023 5851 3113 5906 δι.
3194 5849 3240 5882 υ
3273 5847 3467 5904 Matth.
3496 5861 3617 5912 rm,
3669 5841 3756 5944 ιε.

442 5935 458 5967 ι
502 5931 782 5992 δοειιιχιν,
827 5926 884 5980 2.
967 5926 986 5958 ³
1029 5923 1048 5977 Ι
1089 5923 1218 5978 Cor.
1267 5939 1329 5992 It,
1372 5924 1428 5979 9.
