4098 6488
410 460 520 516 557

1252 446 1815 508 COMMENTARIUS
1858 449 1922 506 IN
1965 449 2384 506 MALACHIA}!
2433 448 2886 507 PROPHETAM.

3651 452 3761 506 558

413 595 554 643 νοις.
595 578 689 631 καὶ
719 571 812 630 τὸν
843 571 1004 645 φύσει
1050 574 1107 628 δέ
1141 572 1236 628 καὶ
1285 573 1506 647 ἀληθῶς
1551 573 1720 627 εἰδόσι
1749 572 1904 628 Θεὸν.
1949 572 2026 627 Ob

2136 571 2404 643 siquidem
2437 586 2624 627 verum
2653 571 2784 626 illud
2815 590 2828 626 :
2870 589 2889 622 ι
2928 571 3121 625 Fidem
3161 570 3280 626 sine
3312 570 3574 642 operibus
3610 589 3759 626 mor-

413 671 530 743 γὰρ
563 669 783 741 ἀπόχρη
832 667 992 722 τοῦτο
1027 668 1212 732 αὑτοῖς
1249 667 1387 738 πρὸς
1421 666 1678 736 ἀπόνιψιν
1730 664 2028 738 ἁμαρτίας,

411 763 580 836 εἴπερ
611 764 760 816 ἐστὶν
805 759 1028 832 ἀληθὲς,
1071 759 1149 823 ὼς
1185 777 1203 811 ι
1237 761 1270 832 ἡ
1311 759 1498 823 πίστις
1531 759 1702 831 χωρίς
1731 758 1910 830 ἔργων
1939 776 2030 813 νε-

413 857 530 930 κρὰ
559 859 696 910 ἐστι.
735 873 752 906 ι
789 857 1003 907 Δικαιοϊ
1035 851 1135 924 μὲν
1165 851 1277 924 γὰρ
1309 853 1342 923 ὴ
1370 852 1558 915 πίστις
1598 852 1631 923 ἡ
1660 854 1740 917 είς
1767 852 2030 924 Χριστὸν,

411 952 514 1005 καὶ
550 952 654 1020 τῆς
697 945 809 1001 τῶν
864 945 1369 1018 προεπταισμένων
1399 944 1742 1000 ἀπαλλάττει
1786 944 2028 1018 κηλίδος.

411 1044 480 1097 Εἰ
511 1043 570 1098 δὲ
600 1042 665 1114 δή
709 1059 795 1113 τις
829 1042 969 1111 μετά
997 1039 1160 1094 τοῦτο
1190 1039 1436 1113 ῥᾴθυμός
1465 1057 1526 1094 τε
1559 1041 1654 1095 καὶ
1697 1043 2031 1096 ἀναπεπτω-

410 1134 530 1199 sui);
591 1134 907 1208 εὑρίσκοιτο
967 1133 1107 1204 πρός
1159 1149 1222 1186 τε
1281 1132 1351 1186 τά
1408 1134 1617 1204 σαρκὸς
1669 1134 1764 1188 καὶ
1813 1134 1883 1189 τά
1933 1132 2030 1190 τοῦ

409 1227 629 1300 κόσμου
660 1226 844 1298 πάθη,
879 1227 1222 1299 νενέκρωκεν
1264 1227 1428 1282 οἱονεί
1473 1245 1593 1292 πως
1635 1231 1692 1282 ἐν
1721 1227 1904 1301 ἐαυτῷ
1929 1229 2031 1302 τὴν

410 1321 633 1387 πίστιν,
686 1318 1005 1391 προστιθεὶς
1058 1320 1158 1391 μὲν
1211 1321 1364 1375 οὐδὲν
1416 1321 1525 1375 τῶν
1587 1323 2026 1394 ἐπαινουμένων,

410 1412 866 1484 παλινδρομήσας
900 1410 957 1465 δὲ
999 1411 1201 1484 μᾶλλον
1233 1413 1328 1467 ἐπὶ
1360 1414 1462 1485 τὴν
1502 1415 1740 1488 ἀρχαίαν
1771 1414 1866 1470 τοῦ
1909 1415 2028 1488 βίου

410 1507 745 1578 σκαιότητα.
783 1508 917 1579 Περὶ
945 1506 1054 1562 τῶν
1089 1507 1350 1562 τοιούτων
1384 1510 1519 1581 φησι
1548 1510 1642 1563 καὶ
1669 1511 1698 1564 ό
1737 1509 2028 1574 θεσπέσιος

411 1599 707 1671 μαθητής·
743 1601 1051 1673 «Κρεῖσσον
1083 1599 1194 1672 γὰρ
1229 1596 1298 1674 ἦν
1327 1601 1514 1667 αὐτοῖς
1542 1603 1617 1676 μὴ
1651 1603 2029 1673 ἐπεγνωκέναι

409 1693 516 1764 τὴν
541 1693 663 1748 ὁδὸν
689 1695 790 1765 τῆς
820 1693 1197 1767 δικαιοσύνης,
1225 1695 1258 1767 ἢ
1286 1697 1611 1766 ἐπιγνοῦσιν
1653 1700 1734 1763 είς
1759 1698 1829 1752 τὰ
1851 1698 2029 1753 ὀπίσω

409 1783 747 1857 ἀνακάμψαι
791 1783 900 1840 ἀπὺ
938 1786 1038 1858 τῆς
1073 1785 1482 1860 παραδοθείσης
1517 1788 1704 1854 αὐτοῖς
1735 1789 1894 1858 ἁγίας
1934 1790 2025 1843 ἐν-

409 1875 597 1949 τολῆς,
637 1877 1006 1949 Συμδέσηκεν
1041 1879 1152 1952 γάρ
1185 1882 1371 1947 αὐτοῖς
1399 1880 1460 1936 τὺ
1489 1885 1591 1953 τῆς
1616 1881 1854 1953 ἀληθοῦς
1885 1883 2027 1956 Παρ-

408 1969 628 2040 οιμίας·
667 1967 864 2034 «Κύων
882 1971 1222 2042 ἐπιστρέψας
1261 1973 1354 2025 ἐπὶ
1387 1973 1450 2026 τὺ
1478 1973 1610 2027 ίδιον
1636 1973 1906 2046 ἐξέραμα,
1928 1975 2024 2028 καὶ

408 2055 478 2126 ὗς
523 2059 844 2134 λουσαμένη
889 2063 973 2127 είς
1017 2063 1265 2136 κὺλισμα
1305 2065 1593 2138 βορϐόρου.
1635 2084 1653 2118 ι
1704 2067 1918 2121 Οὐκοῦν
1969 2069 2027 2122 ἐν

409 2153 518 2224 ἴσῳ
562 2155 680 2217 τοῖς
707 2153 1030 2224 ἀλλογενέσι
1075 2156 1171 2209 καὶ
1202 2158 1254 2210 οἱ
1285 2156 1571 2223 ποιοῦντες
1599 2159 1799 2228 ἄνομα,
1846 2159 1895 2213 oi
1935 2161 2029 2214 καὶ

411 2244 638 2299 ἔσονται
670 2245 918 2320 καλάμη,
953 2247 1500 2319 καταφλεχθήσονται
1533 2249 1592 2304 δέ
1621 2251 1795 2316 οὑτως
1827 2252 2030 2307 ὡσανεὶ

411 2339 652 2412 κάκείνη
686 2341 860 2413 πυρὸς
879 2342 1344 2414 ἐπενηνεγμένου.
1366 2343 1670 2413 Συνάγεται
1691 2346 1802 2418 γὰρ
1829 2347 1858 2400 ό
1882 2349 2030 2413 σῖτος

411 2435 498 2496 είς
537 2432 866 2505 ἀποθήκην,
903 2434 1050 2490 καθά
1099 2437 1194 2490 καὶ
1241 2435 1272 2489 ὁ
1314 2436 1508 2511 Σωτήρ
1558 2455 1694 2510 φησι
1740 2440 1871 2514 περὶ
1918 2442 2030 2496 τῶν

412 2523 593 2592 ἁγίων
639 2523 941 2597 θεριστῶν·
992 2525 1055 2580 τὸ
1102 2527 1160 2580 δὲ
1209 2527 1418 2598 ἄχυρον
1473 2529 1838 2584 κατακαίεται
1894 2532 2031 2604 πυρὶ

409 2615 692 2689 ἀσδέστῳ.
729 2637 748 2670 ι
789 2619 903 2674 Καὶ
933 2619 994 2674 οὐ
1032 2619 1106 2691 μὴ
1144 2620 1451 2693 ὑπολειφθῇ
1483 2621 1668 2685 αὐτοῖς
1713 2622 1874 2694 ῥίζα,
1907 2624 2030 2680 οὑδέ

423 2709 643 2780 κλῆμα·
661 2729 679 2762 ι
721 2711 1035 2777 τουτέστιν,
1058 2713 1323 2785 οὐδεμίαν
1339 2713 1556 2780 ἕξουσιν
1580 2715 1774 2770 ἐλπίδα
1811 2716 1905 2770 τοῦ
1935 2718 2032 2771 καὶ

411 2796 578 2866 αὖθις
629 2803 947 2874 ἀναφυῆναι
1003 2805 1142 2878 πρὸς
1192 2804 1376 2878 ζωὴν,
1427 2806 1576 2880 ζωὴν
1628 2809 1685 2862 δέ
1737 2828 1883 2882 φημι
1929 2811 2029 2882 τὴν

409 2893 749 2967 ἀξιέραστόν
781 2914 839 2951 τε
875 2899 972 2952 καὶ
999 2899 1075 2963 ὡς
1103 2900 1162 2954 ἐν
1193 2899 1322 2974 δόξῃ
1352 2904 1418 2973 τῇ
1453 2903 1606 2974 παρά
1637 2902 1779 2974 Θεῷ,
1811 2904 1908 2976 τὴν
1953 2904 2030 2969 ὡς

409 2989 474 3041 ἐν
509 2990 777 3062 ἁγιασμῷ
812 2992 907 3046 καὶ
939 2995 1307 3066 μακαριότητι
1338 2996 1666 3067 νοουμένην.
1707 2995 1898 3068 Ῥίζης
1929 2997 2030 3070 μὲν

409 3082 528 3154 γὰρ
554 3085 658 3138 οὐκ
693 3087 934 3140 είσὰπαν
969 3089 1414 3162 ἐκκεκομμένης,
1452 3089 1577 3143 οὕτε
1610 3091 1718 3162 μὴν
1750 3090 2030 3162 κλήματος

411 3173 530 3233 οἷον
569 3181 634 3233 ἐκ
670 3179 874 3250 βάθους
917 3182 1282 3254 ἐξῃρημένον,
1319 3182 1558 3249 σώζεταί
1599 3202 1684 3249 τις
1732 3186 1889 3250 ἐλπὶς
1935 3184 2028 3239 τοῦ

413 3273 514 3324 καὶ
549 3272 827 3342 ἀναφῦναι
871 3273 1066 3327 πάλιν·
1099 3293 1118 3326 ι
1154 3275 1312 3328 Ἐστι
1360 3276 1470 3346 γὰρ
1523 3275 1728 3348 δένδρῳ
1769 3275 2022 3340 unus.
2057 3315 2099 3371 α

412 3365 563 3418 κατὰ
631 3366 696 3420 τὸ
740 3366 1158 3438 γεγραμμένον.
1220 3367 1349 3423 Ἐἀν
1401 3369 1512 3439 γὰρ
1566 3370 1812 3441 ἐκκοπῇ,
1864 3370 2028 3425 πάλιν

410 3459 745 3531 ἐπανθήσει,
770 3461 867 3516 καὶ
889 3462 916 3515 ὁ
946 3461 1222 3532 ράδαμνος
1251 3461 1309 3515 δὲ
1336 3460 1512 3530 αὑτῆς
1539 3462 1600 3513 οὐ
1627 3461 1700 3533 μὴ
1719 3461 2024 3536 ἐκλ[ε]ίπῃ.

409 3551 479 3606 Εἰ
509 3551 567 3605 δέ
599 3551 664 3624 δὴ
707 3551 960 3607 κάτωθεν
990 3555 1086 3606 καὶ
1117 3549 1178 3617 ἐξ
1203 3553 1376 3623 αὐτῆς
1413 3552 1573 3624 ῥίζης
1621 3553 1858 3607 είσάπαν
1893 3555 2026 3609 ἀνα-

2137 676 2285 722 tuam
2331 681 2452 723 esse
2493 667 2556 721 ’°.
2597 685 2615 718 ι
2651 665 2930 721 ,Ιιιειζίὶοιιι
2957 665 3102 718 enim
3138 664 3272 718 lides
3297 665 3350 716 in
3381 663 3714 719 Christum”
3742 705 3756 728 ,

2134 761 2652 831 praeteritorumque
2707 769 3054 830 peccatorum
3125 757 3392 814 maculam
3460 758 3750 828 abstergit,

2135 857 2203 912 At
2233 857 2278 912 si
2312 857 2436 928 quis
2483 865 2608 926 post
2641 857 2759 912 haec
2795 871 2984 914 socors
3009 854 3306 920 exstiterit,
3342 861 3397 907 et
3441 853 3493 907 in
3522 868 3588 907 ea
3634 867 3758 923 qum
3823 837 3830 873 ί

2134 953 2316 1006 carnis
2347 961 2401 1006 et
2453 951 2641 1006 mundi
2676 959 2826 1017 sunt,
2864 949 3145 1013 reciderit,
3198 948 3243 1003 is
3277 950 3328 1002 in
3379 949 3560 1016 seipse
3595 947 3755 1001 ﬁdem

2133 1045 2290 1117 quasi
2342 1045 2567 1109 occidit,
2612 1046 2744 1099 dum
2791 1043 2931 1098 nihil
2977 1041 3334 1097 laudabilium
3389 1041 3661 1096 factorum
3705 1042 3755 1094 ei

2132 1138 2423 1210 adjungit,
2476 1139 2571 1194 sed
2641 1139 2708 1193 ad
2757 1145 3002 1193 veterem
3047 1137 3227 1206 potius
3259 1137 3382 1188 vitae
3429 1136 3755 1205 prm'itulettl

2132 1232 2392 1288 recurrit.
2430 1231 2505 1286 De
2543 1231 2744 1286 talibus
2771 1230 2989 1285 divinus
3018 1229 3148 1282 item
3184 1228 3486 1297 discipulus
3518 1247 3531 1282 :
3573 1246 3592 1280 ι
3637 1228 3753 1282 Me-

2130 1324 2238 1381 llus
2275 1326 2423 1381 enim
2469 1335 2588 1379 erat
2642 1324 2750 1379 illis
2799 1339 2906 1379 non
2955 1323 3276 1391 cognovisse
3323 1323 3466 1375 viam
3500 1321 3752 1390 justitiae,

2132 1434 2295 1491 quam
2333 1426 2456 1490 post
2501 1419 2746 1489 agnitum
2781 1427 2930 1472 retro
2955 1416 3202 1472 converti
3249 1416 3316 1470 ab
3357 1430 3424 1469 eo
3463 1419 3606 1484 quod
3641 1425 3755 1468 tra-

2131 1512 2304 1567 ditum
2339 1521 2424 1568 est
2460 1512 2568 1567 illis
2618 1517 2814 1566 sancto
2858 1509 3140 1564 mandato.
3179 1507 3415 1579 Contigit
3466 1509 3612 1563 enim
3652 1509 3755 1564 illis

2132 1600 2264 1658 illud
2299 1605 2409 1657 veri
2463 1601 2748 1658 Proverbii
2790 1620 2802 1657 :
2837 1600 3005 1656 Canis
3051 1613 3304 1656 reversus
3336 1599 3404 1653 ad
3459 1601 3753 1662 vomitum,

2131 1708 2187 1753 et
2234 1713 2328 1751 sus
2377 1697 2483 1753 lota
2518 1699 2571 1751 in
2605 1697 2894 1753 volntabro
2934 1696 3030 1750 luti
3063 1695 3127 1748 ".
3166 1713 3184 1746 s
3221 1693 3394 1765 866
3438 1692 3622 1758 Quare
3659 1691 3752 1762 qui

2131 1791 2316 1862 iniqua
2349 1792 2555 1847 faciunt
2580 1791 2824 1860 ejusdem
2859 1789 3053 1845 farinae
3083 1798 3210 1844 sunt
3239 1803 3365 1844 cum
3403 1787 3749 1856 alienigenis,

2130 1887 2222 1958 qui
2261 1888 2424 1941 etiam
2455 1898 2614 1942 erunt
2646 1886 2872 1955 stipula,
2907 1893 2962 1939 et
2999 1884 3226 1954 perinde
3257 1883 3658 1936 contburentur
3695 1869 3754 1934 ιιι

2137 1979 2226 2034 illa
2259 1979 2384 2049 igne
2411 1978 2612 2046 injecto
2636 1977 3002 2033 comburitur.
3039 1974 3310 2029 Triticum
3346 1973 3491 2027 enim
3521 1984 3753 2040 congre—

2135 2081 2295 2144 gatur
2328 2075 2380 2126 in
2415 2075 2701 2135 horreum,
2743 2069 3205 2138 quemadmodum
3245 2066 3500 2122 Salvator
3547 2063 3752 2120 sanctis

2135 2164 2475 2220 messoribus
2510 2165 2587 2218 ait
2617 2177 2634 2218 :
2675 2162 2839 2218 Palea
2874 2175 3004 2216 vero
3033 2160 3393 2223 comburitur,
3437 2158 3560 2228 igne
3598 2156 3753 2210 ines-

2134 2257 2438 2328 Stingnibili
2471 2257 2538 2312 ¹³.
2573 2276 2591 2310 ι
2645 2256 2757 2312 Nec
2808 2254 3152 2324 relinquetur
3181 2252 3311 2319 ipsis
3355 2251 3512 2306 radix
3573 2262 3752 2318 neque

2133 2365 2381 2422 germen.
2408 2369 2425 2402 ι
2445 2349 2562 2405 Hoc
2584 2358 2689 2418 est,
2723 2349 2930 2404 nullam
2957 2362 3108 2418 spem
3133 2347 3200 2400 ad
3229 2346 3395 2400 vitam
3427 2341 3750 2398 renascendi

2132 2443 2449 2512 habebunt;
2484 2442 2677 2513 loquor
2705 2453 2888 2498 autem
2923 2442 2991 2495 de
3021 2455 3083 2496 ea
3118 2441 3250 2506 vita,
3280 2451 3406 2508 qua
3445 2437 3749 2507 expetenda

2131 2547 2236 2606 est,
2268 2549 2322 2595 et
2355 2538 2422 2592 ad
2451 2537 2683 2608 gloriam
2717 2536 2808 2592 Dei
2836 2535 3113 2606 dirigitur,
3143 2541 3200 2590 et
3228 2533 3282 2588 in
3313 2530 3752 2585 sanctiﬁcatione

2133 2645 2197 2685 ac
2222 2629 2565 2685 beatitudine
2596 2628 2947 2699 intelligitur.
2976 2627 3184 2682 Radicc
3210 2625 3358 2682 enim
3391 2639 3496 2680 non
3520 2635 3751 2692 prorsus

2133 2723 2339 2788 excisa,
2379 2737 2479 2776 nec
2515 2721 2765 2793 germine
2797 2722 2947 2776 velut
2991 2719 3061 2775 ab
3108 2720 3222 2774 imo
3257 2716 3468 2779 evulso,
3500 2731 3626 2785 spes
3661 2729 3751 2768 re-

2135 2815 2398 2869 nascendi
2425 2823 2631 2870 manet.
2660 2831 2678 2864 ι
2699 2813 2796 2869 Est
2815 2812 2962 2868 enim
2986 2826 3111 2881 spes
3135 2810 3343 2879 arbori,
3367 2828 3387 2862 ι
3407 2820 3464 2863 ιιι
3488 2809 3751 2877 scripturn

2133 2915 2218 2963 cst
2251 2907 2314 2962 “.
2353 2906 2410 2963 Si
2444 2907 2590 2962 enim
2623 2917 2906 2977 amputata
2940 2905 3127 2972 fuerit,
3175 2903 3512 2964 rt-ﬂorescet,
3544 2910 3600 2956 et
3627 2914 3753 2971 ger-

2135 3015 2261 3055 men
2294 3000 2414 3070 ejus
2456 3012 2562 3054 non
2607 2998 2846 3054 deﬁciet.
2882 2997 3038 3065 Quod
3082 2995 3128 3050 si
3182 2995 3250 3049 ab
3279 2995 3388 3048 imo
3436 2993 3584 3047 etab
3633 2991 3750 3061 ipsa

2137 3094 2323 3147 radice
2371 3094 2590 3162 penitus
2640 3101 2820 3148 emota
2875 3089 3075 3156 fuerit,
3134 3086 3475 3160 germinibus
3529 3095 3751 3155 quoque

2127 3172 2430 3238 crudeliter
2466 3183 2784 3254 amputatis,
2812 3197 2918 3236 una
2956 3181 3182 3235 omnino
3207 3178 3376 3233 etiam
3406 3191 3532 3246 spes
3570 3175 3752 3230 omnis

2137 3293 2257 3332 cum
2295 3279 2411 3348 ipsa
2441 3279 2642 3347 peribit
2678 3291 2841 3348 posse
2873 3276 2938 3331 ad
2965 3276 3130 3329 vitam
3163 3274 3216 3327 in
3255 3281 3531 3340 posterum
3567 3268 3740 3338 repul-

2139 3371 2331 3426 lulare.
2366 3372 2443 3426 Ex
2471 3370 2829 3426 similitudine
2859 3369 3028 3439 igitur
3057 3365 3313 3434 stirpium
3353 3359 3502 3432 spem
3531 3375 3748 3415 omnem

2139 3465 2208 3518 iis
2245 3463 2336 3532 qui
2387 3462 2648 3532 peccandi
2690 3460 3054 3516 delectatione
3099 3459 3394 3519 ducuntur,
3439 3453 3750 3520 adetnptaut

2138 3563 2405 3612 autumat.
2437 3554 2494 3610 Id
2530 3554 2673 3624 quod
2708 3554 3000 3623 perspicue
3026 3547 3196 3606 Isaias
3241 3549 3460 3604 divinus
3508 3544 3749 3605 nuntiat,

413 3642 771 3713 μοχλεύοιτο,
835 3644 930 3697 καὶ
985 3643 1185 3715 ἀγρίαν
1233 3643 1342 3699 τῶν
1401 3643 1704 3715 κλημάτων
1759 3646 2027 3716 ὑπομένοι

2136 3663 2258 3704 cum
2295 3649 2469 3704 dicit:
2513 3667 2534 3700 σ
2577 3647 2794 3703 Vermis
2825 3661 3016 3700 eorum
3052 3658 3158 3699 non
3196 3643 3485 3703 morietur,
3517 3648 3572 3692 et
3609 3637 3752 3706 ignis

407 3741 613 3811 τομὴν,
647 3739 1011 3794 συνδιολεῖται
1044 3739 1268 3804 πάντως
1303 3738 1457 3810 αὐτῷ
1487 3739 1584 3792 καὶ
1629 3739 1787 3804 ἐλπὶς
1836 3740 2024 3795 ἅπασα

2136 3754 2324 3795 eorum
2359 3755 2467 3793 non
2501 3739 2908 3808 exstinguetur.
2936 3748 2990 3792 et
3023 3741 3188 3792 erunt
3218 3735 3269 3788 in
3307 3732 3574 3788 visionem
3597 3727 3749 3783 omni

407 3831 474 3884 τὸ
526 3834 625 3886 καὶ
673 3832 922 3897 εἰσαῦθις
975 3833 1289 3904 ἀναφυῆναι
1341 3831 1601 3886 δύνασθαι
1664 3834 1803 3905 πρὸς
1851 3833 2020 3906 ζωήν.
2130 3835 2280 3890 carni
2306 3834 2374 3888 “’.
2407 3851 2426 3886 ›

408 3923 628 3978 Οὐκοῦν
656 3923 735 3990 ὡς
762 3925 821 3992 ἐξ
862 3925 1186 3996 ὁμοιότητος
1216 3924 1319 3996 τῆς
1349 3925 1461 3978 τῶν
1527 3925 1715 3995 φυτῶν
1755 3926 2058 4000 ἐξῃρῆσθαι
2134 3942 2303 3999 φησιν
2354 3925 2578 3981 ἃπασαν
2625 3924 2735 3978 τῶν
2784 3919 3298 3994 φιλαμαρτημὸνων
3354 3914 3568 3970 ἐλπίδα.
3636 3913 3750 3966 Καὶ

405 4016 574 4071 τοῦτο
635 4016 826 4087 σαφῶς
894 4019 922 4072 ὁ
988 4017 1280 4082 θεσπέσιος
1358 4019 1592 4082 Ἡσαΐας
1663 4019 2030 4088 ἐπαγγέλλει,
2103 4021 2320 4088 λέγων·
2362 4037 2380 4071 ι
2430 4019 2489 4072 Ὅ
2520 4016 2745 4089 σκώληξ
2817 4015 3002 4070 αὐτῶν
3048 4015 3110 4068 οὑ
3158 4011 3510 4082 τελευτήσει,
3560 4007 3659 4062 καὶ
3689 4005 3749 4059 τὸ

407 4109 529 4183 πῦρ
562 4108 745 4163 αὑτῶν
784 4111 846 4162 οὑ
879 4109 1281 4181 σϐεσθήσεται,
1329 4111 1426 4164 καὶ
1471 4109 1688 4164 ἐσονται
1720 4113 1800 4174 εἰς
1827 4113 2020 4184 ὅρασιν
2061 4112 2212 4186 πάσῃ
2245 4111 2432 4184 σαρκί.
2474 4131 2493 4163 ι

484 4249 599 4306 Καὶ
630 4248 926 4304 ἀνατελεῖ
952 4249 1096 4319 ὑμῖν·
1145 4248 1278 4316 τοῖς,
1301 4247 1706 4321 φοϐουμένοις
1739 4252 1804 4303 τὸ
1837 4249 2028 4321 ὄνομὰ

400 4364 427 4414 ι
454 4359 530 4399 ου
571 4343 778 4410 Ἥλιος
808 4342 1242 4410 δικαιοσύνης,
1279 4342 1382 4397 καὶ
1412 4342 1578 4409 ἴασις
1613 4342 1683 4396 ἐν
1712 4341 1844 4410 ταῖς
1886 4326 2029 4397 πτέ-

400 4435 596 4507 ρυξιν
641 4435 854 4492 αὐτοῦ.
901 4416 1015 4492 Kal
1061 4437 1472 4502 ἐξελεύσεσθε
1517 4434 1616 4490 καί
1659 4434 2027 4505 σκιρτήσετε

404 4530 493 4595 ὡς
519 4527 836 4598 μοσχάρια
883 4529 952 4583 ἐκ
988 4528 1233 4599 δεσμῶν
1257 4528 1566 4600 ἀνειμένα.
1615 4529 1725 4584 Καὶ
1759 4546 2026 4583 καταπα-

2209 4249 2378 4306 VEns.
2399 4249 2459 4315 2,
2476 4249 2530 4304 5.
2555 4248 2620 4303 Et
2645 4249 2848 4303 orietur
2872 4245 3014 4300 vobis
3041 4241 3349 4297 timentibus
3368 4253 3556 4290 nomen
3574 4251 3746 4290 meum

2131 4345 2232 4402 Sol
2263 4344 2509 4410 iustitia,
2537 4352 2585 4396 et
2618 4341 2822 4395 sanitas
2857 4339 2910 4391 in
2935 4337 3035 4390 aiis
3062 4333 3198 4403 ejus.
3226 4330 3294 4385 Et
3315 4326 3678 4400 egrediemini,
3696 4335 3745 4379 et

2131 4439 2337 4496 salictis
2361 4440 2496 4494 sicut
2535 4435 2689 4492 vituli
2721 4437 2785 4488 de
2815 4431 3038 4488 vinculis
3081 4425 3330 4483 relaxati.
3369 4421 3437 4476 Et
3473 4417 3750 4475 conculca-

2133 4532 2258 4586 bitis
2287 4533 2518 4600 iniquos,
2553 4529 2678 4599 quia
2720 4535 2874 4580 erunt
2916 4525 3050 4579 cinis
3095 4521 3187 4575 sub
3211 4518 3428 4588 pedibus
3453 4514 3658 4579 vestris,
3690 4529 3744 4565 ιιι

405 4621 962 4690 τήσετσὰνόμους,
994 4623 1148 4678 διότι
1191 4624 1442 4680 ἔσονται
1480 4623 1712 4690 σποδὸς
1744 4622 2026 4678 ὑποκάτω

2136 4625 2220 4679 die
2240 4640 2346 4696 qua
2370 4639 2466 4694 ego
2489 4621 2656 4693 facio,
2681 4620 2808 4674 dicit
2849 4618 3109 4672 Dominus
3131 4615 3483 4683 omnipotens.

405 4711 546 4778 τῶν,
573 4712 782 4768 ποδῶν
807 4713 1000 4785 ὑμῶν,
1029 4715 1102 4775 ἐκ
1134 4712 1210 4785 τῇ
1237 4714 1460 4786 ἡμέρᾳ,
1499 4708 1540 4786 ᾖ
1569 4713 1687 4786 ἐγὼ
1716 4713 1897 4787 ποιῶ,
1923 4714 2026 4771 λέ-

401 4823 500 4876 γει
529 4807 751 4876 Κύριος
780 4808 1234 4878 παντοκράτωρ.
1326 4861 1343 4885 ,

476 4934 616 4998 MN.
658 4942 983 5015 Ἐπέλαμψε
1023 4945 1122 5016 μὲν
1151 4947 1182 4998 ὁ
1223 4945 1524 5018 μονογενὴς
1552 4946 1648 5000 τοῦ
1684 4943 1824 5000 Θεοῦ
1849 4944 2024 5014 Λόγος

400 5038 528 5100 τοῖς
554 5037 616 5090 ἐν
649 5035 786 5108 τῷδε
809 5036 888 5107 τῷ
915 5037 1136 5109 κόσμῳ,
1177 5038 1274 5091 καὶ
1300 5036 1400 5109 τὴν
1434 5037 1562 5094 καθ’
1587 5040 1740 5111 ἡμᾶς
1761 5037 2022 5109 ὁμοίωσιν

402 5129 653 5194 ὑποδὺς,
685 5150 705 5183 ι
739 5130 944 5200 Γέγονε
977 5130 1118 5202 σὰρξ
1163 5134 1192 5186 ό
1223 5131 1434 5200 Λόγος,
1477 5131 1583 5186 καῖ
1605 5133 1924 5204 ἐσκήνωσεν
1963 5133 2022 5186 ἐν

401 5224 568 5294 ἡμὶν,
609 5241 627 5275 ι
674 5224 733 5278 ἐν
779 5222 950 5294 ἀχλύῖ
983 5221 1041 5277 δὲ
1077 5223 1241 5288 ὄντας
1275 5223 1373 5276 καὶ
1410 5223 1612 5294 σκότῳ,
1653 5223 1909 5296 καθάπερ
1938 5241 2024 5288 τις

397 5316 562 5388 ἣλιος
614 5318 738 5379 ταῖς
785 5316 1023 5377 οἰκείαις
1067 5315 1542 5388 περιαστράψαον
1596 5319 2017 5388 μαρμαρυγαῖς,

401 5407 506 5462 καὶ
526 5408 629 5478 τὴν
649 5407 750 5479 τῆς
773 5406 1012 5480 ἀληθοῦς
1035 5408 1372 5478 θεογνωσίας
1399 5409 1596 5463 ἀκτῖνα
1614 5408 1878 5481 λαμπρὰν
1896 5412 2014 5472 ταῖς

401 5501 522 5556 τῶν
556 5501 936 5556 πιστευόντων
964 5501 1174 5573 ψυχαῖς
1215 5503 1381 5566 ἐνιεὶς
1404 5545 1417 5564 ,
1447 5499 1727 5573 καθαροὺς
1757 5501 2029 5574 ἀπέφηνε,

403 5594 508 5650 καὶ
542 5594 765 5664 σοφοὺς,
801 5595 900 5648 καὶ
930 5595 1163 5668 ἀπάσης
1214 5592 1592 5666 ἀγαθουργίας
1629 5594 2028 5663 ἐπιστήμονας.

404 5685 629 5752 Ἐδειξε
674 5686 730 5740 δὲ
780 5688 913 5759 ἡμῖν
943 5687 1004 5742 ἐν
1035 5688 1217 5759 ἐαυτῷ
1258 5687 1353 5742 τὸν
1387 5687 1633 5760 Πατέρα,
1669 5689 1763 5742 καὶ¹
1795 5688 1887 5743 διά
1926 5687 2028 5753 τῆς

491 5899 536 5926 ⁸⁸
576 5891 688 5946 Jac.
737 5907 814 5949 ιι.
857 5890 949 5945 ‘20.
1059 5888 1103 5922 ¹¹
1145 5885 1324 5942 Galat.
1368 5901 1447 5950 ιι,
1493 5888 1578 5943 16.

399 5959 444 5990 ⁸⁸
474 5965 747 6023 lsa.t.xv1.
789 5961 882 6018 24.
965 5961 1010 5992 ¹⁸
1051 5959 1212 6016 Joan.
1259 5976 1296 6026 ι,
1346 5958 1431 6014 Η.

1693 5890 1734 5954 ³-⁵
1774 5887 1814 5942 ll
1862 5889 2008 5946 Petr.
2061 5905 2137 5955 tt,
2179 5888 2242 5943 Ἡ
2276 5930 2287 5952 ,
2328 5886 2426 5941 22.

2204 4933 2389 4992 XLIV.
2421 4934 2600 4990 illuxit
2623 4945 2758 4988 sane
2800 4927 3142 4999 unigenitum
3181 4922 3275 4978 Dei
3311 4918 3556 4976 Verbum
3597 4917 3744 4970 hunc

2133 5031 2398 5086 mundum
2452 5024 2844 5086 incolentibus,
2896 5031 2952 5077 et
3001 5015 3361 5074 similitudine
3391 5009 3568 5068 nostri
3620 5021 3744 5063 sus-

2134 5137 2315 5195 cepta,
2375 5141 2398 5175 ι
2428 5120 2829 5178 Verbum-caro
2869 5118 3078 5172 factum
3119 5120 3230 5176 est,
3275 5118 3332 5165 et
3381 5099 3738 5195 habitavitiu

2132 5191 2292 5273 nobis
2323 5217 2390 5282 “,
2427 5234 2445 5268 ι
2481 5223 2536 5269 et
2575 5212 2632 5267 in
2666 5208 2903 5279 eatigine
2939 5220 3008 5261 ac
3035 5201 3278 5259 tenebris
3328 5197 3557 5270 positos.
3590 5191 3740 5247 velut

2125 5311 2214 5368 sel
2243 5310 2472 5381 quidam
2513 5305 2754 5380 propriis
2779 5300 3164 5374 splendet-ibus
3196 5290 3644 5361 circuntl‘ulgens,
3681 5294 3737 5341 et

2129 5420 2273 5462 verae
2315 5401 2646 5475 cognitionis
2698 5399 2794 5454 Dei
2852 5399 3059 5454 clarum
3123 5391 3340 5447 radium
3389 5381 3734 5442 credentium

2129 5499 2422 5556 animabus
2446 5496 2776 5558 immittens,
2804 5504 2999 5563 puros,
3043 5485 3340 5553 sapientes.
3371 5477 3733 5542 omniumque

2127 5592 2396 5647 bonorum
2429 5601 2654 5658 operum
2689 5585 2926 5639 scientes
2962 5577 3218 5633 reddidit.
3251 5569 3507 5630 Ostendit
3545 5575 3730 5620 autem

2127 5685 2288 5740 nobis
2327 5683 2380 5739 in
2409 5687 2584 5738 semet
2624 5678 2868 5733 Patrem.
2905 5687 3114 5742 oerque
3159 5681 3417 5723 arcanam
3452 5670 3728 5735 mystagb—

2530 5884 2572 5918 ¹³
2613 5879 2809 5940 Matth.
2852 5893 2951 5946 ut,
2993 5876 3087 5937 li.
3195 5874 3241 5909 “
3280 5871 3473 5931 Daniel
3513 5885 3589 5935 tv.
3629 5865 3732 5926 i3.
