4098 6484
501 421 609 475 359

1546 409 1607 467 S.
1646 405 1927 467 CYRILLI
1966 399 2446 461 ALEXANDRINI
2489 398 2813 457 ARCHIEP.

3691 410 3788 464 31.0

501 533 646 600 giam
700 526 1049 586 felicissimos
1095 542 1160 582 ac
1213 527 1514 596 sapientes,
1569 533 1920 593 mentemque
1980 520 2103 590 ejus

2211 517 2529 588 ἀπορρήτου
2565 513 2960 587 μυσταγωγίας
2984 511 3417 583 εὐτυχεστάτους
3448 516 3524 587 (Ι)
3554 518 3784 596 ἀπέφηνε

503 622 813 691 cognitione
866 621 1082 688 plenam
1133 617 1398 674 habentes
1447 615 1650 672 ell‘ecit.
1701 614 1901 670 Verum
1940 615 2107 668 etiam

503 717 569 771 ad
603 718 743 769 hunc
772 715 1115 785 splendorem
1141 712 1384 775 adducti,
1417 710 1524 765 ιΕι
1552 710 1751 763 divites
1785 707 2107 777 l‘acti,juxta

504 808 727 862 verbum
775 808 919 861 beati
970 804 1149 870 Pauli,
1187 806 1238 859 in
1273 803 1423 857 omni
1463 816 1738 863 sermone,
1779 808 1833 854 et
1868 801 1919 853 in
1961 796 2108 851 omni

502 901 754 963 scientia,
816 908 871 952 et
927 914 979 952 in
1033 897 1181 951 omni
1232 896 1497 965 sapientia
1534 895 1611 961 ",
1680 894 1927 947 videmus
1968 905 2112 945 nunc

506 998 558 1044 in
624 991 845 1061 speculo
909 998 964 1044 et
1015 991 1068 1044 in
1117 990 1440 1059 aenigmate,
1494 996 1551 1043 et
1615 986 1994 1057 cognoscimus
2042 1000 2108 1039 ex

504 1092 657 1149 parte
679 1082 739 1134 η.
756 1082 920 1152 867
934 1079 1124 1133 Veniet
1144 1090 1325 1133 autem
1341 1078 1635 1147 aliquando
1651 1077 1793 1146 quod
1811 1075 2109 1145 perfectum

502 1184 588 1228 est
615 1174 677 1237 ",
713 1192 731 1224 ι
777 1184 826 1227 et
869 1184 979 1225 tum
1018 1171 1341 1237 plenissime
1373 1167 1654 1227 Christum
1684 1181 2106 1237 cognoscemus.

504 1279 627 1318 cum
672 1264 867 1318 iterum
900 1264 965 1316 de
996 1262 1137 1317 cmlo
1183 1262 1338 1316 nobis
1387 1259 1653 1323 illucebit,
1695 1277 1714 1310 ι
1745 1267 1798 1311 et
1827 1257 2112 1313 evacuabit

518 1354 662 1424 quod
696 1371 759 1408 ex
793 1363 946 1422 parte
977 1363 1061 1407 est
1083 1353 1152 1416 '°,
1180 1371 1198 1403 ι
1234 1362 1289 1407 et
1315 1353 1684 1423 cognitionem
1713 1351 1765 1404 in
1805 1350 2027 1419 speculo
2056 1358 2111 1403 et

504 1448 817 1515 aenigmate,
862 1456 917 1501 et
960 1455 1217 1514 tanquam
1268 1446 1629 1513 perfectiores
1664 1443 2011 1507 illuminahit,
2055 1450 2110 1497 et

505 1539 691 1595 divina
716 1542 950 1608 quadam
972 1549 1140 1608 atque
1167 1536 1427 1591 inelTabili
1457 1537 1578 1591 luce
1605 1544 1842 1591 mentem
1860 1534 2108 1604 replebit,

506 1640 561 1687 et
603 1630 837 1701 Spiritus
878 1632 1052 1689 sancti
1110 1630 1379 1686 effusione
1423 1629 1775 1684 exhilarabit.
1831 1629 1921 1683 Ait
1964 1628 2109 1683 enim

504 1725 727 1779 divinus
756 1723 960 1781 Paulus
989 1743 1002 1779 :
1040 1744 1059 1776 ι
1098 1723 1223 1779 Sive
1252 1724 1550 1794 prophetiae
1594 1724 2026 1784 evacuabuulur.
2058 1730 2111 1776 et

504 1819 747 1873 scientia:
795 1819 1091 1874 cessabunt
1134 1819 1203 1873 ²¹.
1246 1815 1363 1872 Non
1421 1828 1678 1886 putamus
1724 1826 1905 1872 autem
1944 1831 2043 1870 nos
2077 1831 2107 1869 a

2213 611 2307 666 καὶ
2344 609 2794 679 σεσοφισμένους,
2839 606 3099 678 έμπλεών
3145 624 3207 660 τε
3248 605 3344 660 τὸν
3373 608 3498 661 νοῦν
3534 610 3633 682 τῆς
3669 625 3787 689 περι

2212 702 2381 759 αὑτοῦ
2416 701 2671 770 γνώσεως
2708 701 2950 771 ἔχοντας.
2990 699 3137 769 Πλὴν
3170 700 3265 753 καὶ
3296 701 3376 763 είς
3405 700 3562 756 τοῦτο
3587 708 3787 779 (palam.

2212 812 2378 866 τητος
2425 794 2903 865 παρενηνεγμένοι
2927 836 2940 858 ,
2983 812 3001 843 ι
3038 791 3500 863 πεπλουτισμένοι
3540 813 3620 859 τε,
3657 801 3788 855 καθά

2214 904 2383 957 φησιν
2435 889 2463 939 6
2501 886 2774 957 μακάριος
2824 883 3059 947 Παῦλος,
3102 885 3158 936 ἐν
3194 884 3357 936 παντὶ
3407 882 3569 955 λόγῳ,
3617 891 3706 942 καὶ
3737 894 3788 945 ὲν

2213 979 2363 1049 πάσῃ
2396 977 2616 1045 γνώσει,
2656 977 2748 1029 καὶ
2790 978 2849 1028 ἐν
2897 977 3041 1047 πάσῃ
3078 974 3261 1045 σοφία,
3296 974 3564 1045 βλέπομεν
3591 978 3709 1049 ἄρτι
3738 984 3788 1034 ἐν

2214 1068 2468 1138 ἐσόπτρῳ
2509 1067 2602 1120 καὶ
2632 1066 2941 1136 αἰνίγματι,
2972 1066 3068 1119 καὶ
3098 1065 3443 1134 γινώσκομεν
3482 1068 3543 1119 ἐκ
3582 1070 3785 1139 μέρους.

2215 1160 2376 1226 ’Ἥξει
2410 1161 2465 1214 δὲ
2498 1160 2639 1214 κατὰ
2666 1154 2900 1231 ⁴καιροὺς
2947 1159 3008 1211 τὸ
3052 1159 3280 1222 τέλειον,
3317 1177 3335 1208 ι
3375 1159 3469 1211 καὶ
3512 1161 3568 1213 ἐν
3598 1163 3789 1234 πληρςι-

2215 1258 2389 1328 στάτῃ
2438 1255 2623 1309 λοιπὸν
2672 1254 2911 1325 ἐσόμεθα
2945 1252 3143 1321 γνώσει
3189 1251 3449 1322 Χριστοῦ,
3488 1253 3645 1308 πάλιν
3672 1257 3790 1329 ἡμῖν

2214 1349 2276 1414 ἐξ
2302 1349 2552 1421 οὐρανῶν
2588 1348 3033 1418 ἐπιλάμψαντος,
3075 1365 3093 1399 ι
3136 1347 3231 1400 καὶ
3265 1347 3663 1418 καταργοῠντος
3702 1352 3789 1422 μὲν

2214 1442 2367 1497 τὸέκ
2401 1443 2625 1513 μέρους,
2662 1461 2680 1493 ι
2721 1443 2814 1496 καὶ
2845 1441 2943 1512 τὴν
2995 1442 3053 1493 ἐν
3094 1440 3347 1513 ἐσόπτρῳ
3397 1443 3491 1493 καὶ
3525 1443 3788 1514 αἰνίγματι

2215 1537 2441 1605 γνῶσιν,
2476 1536 2933 1608 καταλάμποντος
2962 1535 3019 1589 δὲ
3043 1534 3235 1606 ὥσπερ
3267 1536 3381 1597 τοῖς
3410 1534 3786 1607 τελειωτέροις,

2212 1630 2308 1683 καὶ
2338 1629 2483 1683 θείου
2512 1629 2657 1693 τινὸς
2683 1630 2777 1682 καὶ
2809 1628 3126 1701 ἀπορρήτου
3152 1626 3330 1697 φωτὸς
3357 1623 3789 1697 ἀναπτμπλάντος

2212 1724 2305 1777 τὸν
2344 1723 2491 1788 νοῦν,
2543 1724 2638 1777 καὶ
2672 1725 2738 1793 τῇ
2772 1720 2865 1777 τοῦ
2898 1721 3058 1790 ἁγίου
3092 1719 3415 1790 Πνεύματος
3446 1720 3601 1789 χύσει
3636 1737 3787 1773 κατα-

2214 1815 2625 1887 φαιδρύνοντος.
2658 1816 2802 1885 Ἔφη
2857 1814 2956 1885 μὲν
2990 1812 3101 1885 γὰρ
3146 1815 3175 1866 6
3221 1812 3514 1875 θεσπέσιος
3559 1812 3785 1875 Παῦλος·

506 1913 816 1981 cognitione
866 1927 932 1966 ex
997 1922 1150 1980 parte
1218 1910 1285 1965 ad
1340 1910 1475 1964 nihil
1531 1925 1757 1980 prorsus
1823 1910 2105 1965 sciendum

2220 1925 2237 1957 ι
2281 1908 2402 1959 Εἴτε
2430 1906 2486 1958 δὲ
2514 1907 2847 1978 προφητεῖαι
2878 1902 3425 1975 καταργηθήσονται,
3464 1904 3557 1956 καὶ
3581 1902 3790 1971 γνώσεις

505 2020 879 2072 processuros,
906 2004 1132 2057 multum
1161 2005 1337 2058 abest.
1368 2002 1588 2071 Alioqui
1620 2002 1891 2071 quomodo
1916 2001 2111 2057 futura:

503 2101 615 2170 spei
636 2108 847 2169 tempus
865 2106 1181 2155 sanctorum
1207 2096 1495 2150 animabus
1517 2110 1627 2149 non
1656 2095 2110 2149 detrimentosum

501 2195 628 2257 erit,
660 2193 703 2247 si
732 2193 952 2261 penitus
980 2191 1149 2245 etiam
1190 2206 1312 2259 quae
1350 2188 1618 2244 habemus
1661 2189 1917 2245 amittere
1946 2203 2107 2258 opor-

503 2286 657 2347 tebit,
713 2300 819 2338 non
870 2282 1100 2337 meliora
1155 2280 1517 2351 acquirendo,
1573 2295 1681 2335 non
1737 2279 1805 2334 ad
1853 2279 2108 2349 quiddam

501 2376 788 2431 sublimius
825 2385 1060 2430 mentem
1088 2374 1421 2438 extollendo,
1455 2374 1550 2427 sed
1595 2372 1881 2427 vendendo
1929 2372 2110 2443 potius

500 2469 667 2529 etiam
700 2469 815 2537 jam
866 2475 922 2521 et
967 2482 1074 2521 non
1124 2468 1261 2520 citra
1316 2465 1764 2534 defatigationem
1813 2463 2110 2534 aliquando

502 2557 816 2626 acquisita?
868 2557 1292 2615 Evacuabuutur
1337 2566 1522 2611 autem
1569 2565 1624 2610 ct
1662 2556 1996 2626 prophetiae,
2054 2565 2109 2611 et

502 2651 737 2704 cessabit
786 2650 1039 2715 scientia,
1087 2665 1211 2707 cum
1258 2648 1516 2705 nimirum
1562 2648 1852 2704 animabus
1908 2648 2108 2702 nostris

503 2740 594 2794 illa
623 2743 1065 2810 superexcellens
1106 2758 1168 2797 se
1206 2740 1591 2797 insinuaverit.
1637 2739 2106 2807 Quemadmodum

502 2832 649 2887 enim
674 2834 717 2886 si
743 2834 866 2902 quis
901 2850 1004 2887 una
1040 2834 1091 2888 in
1121 2834 1283 2889 domo
1315 2834 1536 2891 lucente
1574 2832 1821 2899 lucerna,
1846 2843 1901 2887 et
1934 2832 2109 2889 modi-

503 2941 625 2979 cum
674 2926 848 2995 ipsam
902 2926 1243 2982 intuentibus
1286 2926 1469 2981 lumen
1501 2925 1765 2981 fundente
1805 2926 2106 2996 lampadem

503 3017 771 3085 intulerit,
831 3034 1058 3074 necesse
1111 3020 1216 3074 erit
1266 3020 1492 3073 omnino
1544 3019 1723 3073 lumen
1781 3019 1910 3073 illud
1957 3020 2108 3087 prius

503 3120 712 3163 tantum
762 3126 867 3164 non
916 3110 1149 3164 otiosum
1190 3125 1254 3164 ac
1285 3110 1491 3164 nullum
1532 3124 1677 3173 esse,
1719 3109 1922 3163 cedens
1961 3109 2109 3162 vidc-

502 3202 632 3256 lieet
679 3203 1033 3259 itmneusitati
1075 3203 1296 3273 majoris
1337 3220 1350 3255 :
1395 3209 1452 3258 et
1489 3203 1633 3256 sicut
1682 3201 1795 3256 sole
1848 3205 2106 3255 mundum

2218 1998 2539 2053 παύσονται.
2578 2017 2597 2051 ι
2642 1998 2827 2068 Φαμὲν
2872 1998 2929 2050 δὲ
2967 1998 3068 2050 οὐκ
3115 1997 3223 2050 ἀπὸ
3264 1996 3358 2051 τοῦ
3417 1994 3700 2065 γινώσκειν
3734 1999 3789 2049 ἐκ

2220 2092 2425 2163 μέρους
2454 2091 2546 2144 ἐπὶ
2574 2090 2636 2144 τὸ
2667 2089 2915 2162 μηδόλως
2938 2089 3141 2143 εἰδέναι
3160 2106 3212 2142 τι
3238 2089 3594 2160 βαδιούμεθα,
3611 2090 3788 2142 πολλοῦ

2220 2200 2284 2251 γε
2318 2183 2411 2236 καὶ
2444 2183 2544 2237 δεῖ.
2579 2183 2731 2235 Ἐπεὶ
2760 2182 2882 2235 τίνα
2910 2182 3109 2253 τρόπον
3140 2185 3169 2236 6
3199 2182 3299 2253 τῆς
3329 2182 3630 2254 μελλούσης
3653 2183 3787 2235 ὲλπί·

2213 2276 2303 2340 δος
2348 2276 2539 2348 καιρὸς
2594 2277 2655 2330 οὺ
2698 2276 2835 2346 πρὸς
2878 2274 3085 2346 ζημίας
3128 2276 3281 2330 ἔσται
3326 2279 3455 2340 ταῖς
3490 2277 3594 2329 τῶν
3638 2276 3788 2345 ἁγίιυν

2211 2369 2433 2440 ψυχαῖς,
2460 2372 2507 2422 εί
2538 2370 2644 2440 χρὴ
2674 2370 2890 2431 πάντως
2915 2369 3009 2422 καὶ
3038 2361 3112 2422 ὧν
3138 2368 3204 2422 ἂν
3237 2368 3467 2440 ἔχοιμεν
3505 2370 3787 2423 ἀπολισθεῐν

2213 2464 2273 2516 οὐ
2322 2462 2391 2515 τὰ
2438 2462 2650 2533 ἀμείνω
2680 2463 3096 2533 κερδαίνοντας,
3144 2462 3243 2515 οὐκ
3278 2462 3370 2516 ὲπί
3409 2480 3460 2516 τι
3505 2463 3610 2515 τῶν
3638 2464 3787 2533 ὑπερ-

2213 2556 2485 2626 κειμένων
2510 2556 2689 2619 ίέντας
2717 2557 2808 2610 τὸν
2835 2556 2991 2610 νοῦν
3025 2555 3508 2627 ἀπεμπωλοῦντας
3530 2556 3584 2610 δὲ
3609 2555 3787 2624 μᾶλλον

2212 2650 2308 2704 καὶ
2335 2650 2396 2703 τὸ
2419 2650 2522 2720 ἤδη
2558 2651 2965 2720 πεπορισμένον
2986 2650 3086 2703 οὐκ
3117 2648 3527 2720 ἀταλαιπώρως
3548 2648 3653 2701 ἔσθ’
3679 2650 3786 2709 ὅτες

2215 2743 2748 2817 Καταργηθήσονται
2802 2743 2895 2796 καὶ
2956 2744 3308 2813 προφητεῖαι,
3366 2741 3705 2795 πεπαύσεται
3740 2739 3789 2791 δὲ

2213 2838 2308 2891 καὶ
2328 2837 2554 2906 γνῶσις,
2570 2834 3063 2908 ἐπεισκρινομένης
3087 2833 3334 2906 δηλονότι
3362 2836 3494 2896 ταῖς
3517 2832 3789 2904 ἡμετέραις

2212 2928 2410 2999 ψυχαῖς
2454 2931 2553 2999 τῆς
2589 2928 2727 2997 ἄγαν
2756 2926 3180 2997 ὑπερκειμένης.
3213 2926 3440 2997 Ὥσπερ
3483 2925 3588 2994 γὰρ
3634 2924 3683 2976 εί
3719 2938 3791 2983 τις

2213 3020 2332 3084 ἐνὸς
2377 3020 2435 3071 ὲν
2478 3019 2612 3089 οἴκῳ
2647 3018 2929 3087 φαίνοντος
2963 3018 3183 3087 λύχνου,
3213 3015 3307 3068 καὶ
3337 3014 3570 3086 μετρίαν
3606 3016 3659 3067 έν
3690 3014 3787 3074 τοῖς

2214 3113 2376 3165 αὐτὸν
2426 3112 2627 3183 ὁρῶσιν
2672 3111 2841 3175 ἱέντος
2890 3111 3088 3181 αὐγὴν,
3140 3111 3483 3180 εἰσκομίσειε
3528 3107 3780 3180 λαμπάδα.

2215 3203 2370 3256 πᾶσά
2402 3220 2519 3266 πως
2552 3203 2770 3274 ἀνάγκη
2806 3202 3090 3274 μονονουχὶ
3114 3202 3207 3255 καὶ
3237 3204 3543 3273 ἀπρακτεῖν
3568 3200 3625 3253 τὸ
3653 3198 3781 3251 ἐκεί·

502 3297 811 3350 illustraute
852 3272 1170 3350 imbecillus
1199 3295 1483 3350 Stellarum
1532 3292 1710 3364 fulgor
1759 3294 2104 3361 relinquitur,

2216 3312 2305 3348 νου
2335 3294 2451 3364 φῶς
2476 3294 2574 3366 τὴν
2611 3299 2677 3366 τῇ
2706 3295 2802 3348 τοῦ
2855 3294 3102 3364 μείζονος
3144 3296 3391 3367 ἀμετρίᾳ
3418 3289 3778 3365 παραχωροῦψ

501 3386 583 3440 sie
629 3386 897 3441 lucidiore
930 3387 1085 3441 nobis
1130 3387 1364 3442 scientia
1414 3395 1728 3455 apportata,
1783 3388 1965 3440 minor
2011 3387 2110 3440 alio

501 3480 721 3544 quando
765 3479 1142 3533 evacuabitnr.
1180 3479 1273 3531 Ait
1320 3486 1377 3531 et
1428 3477 1682 3533 Christus
1716 3479 1923 3533 sanctis
1976 3494 2106 3548 apo-

500 3568 698 3624 stolis:
734 3567 902 3633 illaec
930 3570 983 3624 in
1017 3570 1326 3639 proverbiis
1360 3570 1572 3627 locutus
1601 3588 1722 3627 sum
1756 3572 1931 3627 vobis.
1952 3570 2112 3627 Venit

503 3662 657 3725 hora,
699 3664 916 3732 quando
948 3677 1059 3717 non
1083 3662 1194 3731 jam
1228 3664 1279 3716 in
1335 3664 1641 3732 proverbiis
1686 3662 1879 3733 loquar
1930 3663 2106 3728 vobis,

501 3754 594 3808 sed
653 3754 831 3823 palam
885 3755 951 3809 de
1005 3752 1169 3807 Patre
1221 3769 1344 3809 meo
1402 3754 1743 3809 annuntiabo
1798 3755 1953 3809 vobis
1978 3756 2044 3808 ".
2082 3773 2103 3808 ι

500 3846 867 3913 Quamobrem
892 3848 1102 3903 sanctis
1123 3847 1216 3916 qui
1237 3861 1432 3901 nomen
1454 3847 1548 3901 Dei
1569 3847 1768 3901 eximie
1790 3845 2105 3913 timuerunt,

400 3926 403 3935 ³
497 3948 552 3991 et
609 3938 791 3992 adhuc
844 3952 1135 4007 corporum
1190 3938 1385 3994 inclusi
1443 3940 1799 4008 couipagibus
1848 3938 1902 3991 in
1959 3939 2106 3992 omni

500 4042 705 4098 genere
759 4031 980 4085 virtutis
1042 4031 1232 4087 sedqu
1298 4031 1700 4098 elaborarunt,
1758 4030 1930 4084 instar
1979 4030 2110 4084 solis

498 4120 784 4189 cujusdam
828 4122 1057 4191 juStitia:
1086 4124 1343 4179 Christus
1386 4124 1656 4189 illucebit,
1695 4121 2108 4192 perfectissima:

500 4214 748 4268 scientiae
797 4216 981 4269 radios
1032 4218 1360 4281 immittens,
1414 4226 1469 4270 et
1531 4230 1856 4285 quacunque
1914 4215 2109 4269 anima:

501 4304 876 4361 imbecillitate
913 4322 978 4361 ac
1026 4307 1287 4376 languore
1322 4322 1414 4359 eos
1454 4304 1661 4368 levans,
1701 4313 1756 4356 et
1794 4318 1823 4356 a
1876 4303 2106 4373 pristina

500 4397 857 4451 tribulatione
906 4398 1225 4469 longissime
1276 4396 1616 4465 disjungens.
1671 4394 1786 4449 Hoc
1842 4396 1986 4449 enim
2025 4405 2109 4450 est

500 4486 645 4557 quod
676 4490 790 4542 ait:
828 4507 845 4539 ι
885 4488 1107 4544 Sanitas
1142 4499 1223 4543 est
1270 4490 1321 4542 in
1362 4488 1485 4553 alis,
1520 4502 1615 4541 seu
1649 4487 1846 4558 pennis
1872 4486 1989 4556 ejus
2027 4501 2040 4540 :
2080 4505 2099 4539 ι

2214 3390 2306 3441 καὶ
2337 3388 2527 3458 ὥσπερ
2570 3388 2724 3457 ἡλίου
2772 3388 2870 3459 τὴν
2911 3388 3002 3440 ὑπ’
3048 3387 3278 3458 οὐρανὸν
3330 3385 3779 3453 καταυγάζοντοςι

2212 3479 2451 3550 ἀδρανὴς
2518 3478 2618 3550 ήδη
2674 3496 2790 3542 πως
2851 3480 2885 3549 ἡ
2951 3477 3057 3531 τῶν
3120 3478 3370 3549 ἀστέρων
3420 3477 3782 3531 ἀπολέλειπται

2210 3572 2535 3643 λαμπρότης
2553 3588 2567 3602 σ
2599 3572 2742 3625 οὓτω
2768 3570 3131 3642 φαιδροτέρας
3154 3572 3288 3640 ἡμῖν
3309 3566 3779 3639 είσκεκομισμένης

2211 3664 2468 3733 γνώσεως
2495 3662 2980 3733 καταργηθήσεταί
3015 3680 3132 3726 πως
3167 3664 3199 3732 ἡ
3233 3662 3577 3733 μείων.“Ἑφη
3611 3659 3664 3712 δέ
3692 3674 3779 3710 που

2213 3755 2308 3811 καὶ
2355 3756 2385 3808 ὁ
2428 3756 2669 3826 Χριστὸς
2698 3758 2810 3818 τοῖς
2855 3754 3031 3821 ἁγίοις
3063 3754 3424 3819 ἀποστόλοις·
3470 3775 3487 3806 ι
3527 3751 3702 3806 Ταῦτα
3733 3751 3781 3800 ὲν

2213 3847 2540 3919 παροιμίαις
2572 3847 2846 3918 λελάληκα
2870 3849 3018 3918 ὑμῖν.
3049 3848 3313 3918 Ἔρχεται
3335 3848 3476 3919 ῶρα,
3504 3848 3590 3901 ὅτε
3619 3841 3778 3897 οὐκέτι

2212 3943 2269 3996 ἐν
2305 3940 2629 4012 παροιμίαις
2661 3941 2882 4011 λαλήσω
2916 3939 3055 4010 πρὸς
3098 3940 3279 4010 ὑμᾶς·
3327 3941 3444 3994 ἀλλ’
3485 3941 3543 3992 ὲν
3586 3937 3777 4007 παρρη-

2211 4034 2305 4105 σία
2346 4036 2472 4106 περὶ
2507 4034 2602 4089 τοῦ
2634 4032 2849 4105 [ἰατρὸς
2875 4033 3163 4100 ἀναγγελῶ
3200 4034 3351 4103 ὑμῖν.
3393 4052 3411 4083 ι
3456 4029 3659 4085 Οὐκοῦν
3685 4027 3781 4085 τοῖς

2210 4127 2407 4195 ἁγίοις,
2428 4127 2477 4180 οἳ
2509 4131 2604 4179 καὶ
2629 4126 2834 4195 σφόδρα
2862 4126 3202 4196 πεφόϐηνται
3224 4126 3287 4177 τὸ
3313 4125 3487 4195 ὄνομα
3518 4121 3608 4176 τοῦ
3638 4115 3781 4178 Θεοῦ,

2210 4220 2307 4273 καλ⁵
2346 4218 2566 4289 ἀπάσης
2603 4218 2805 4288 ἀρετῆς
2859 4216 3193 4287 ἐπιμεληταὶ
3235 4216 3526 4286 γεγόνασιν
3569 4214 3625 4269 tv
3663 4205 3781 4278 τῷδε

2209 4310 2287 4382 τῷ
2318 4312 2509 4382 κόσμῳ
2551 4309 2788 4381 Χριστὸς
2820 4309 3154 4380 ἀναλάμψει,
3190 4309 3447 4379 καθάπερ
3478 4324 3560 4372 τις
3592 4307 3781 4361 δικαιοο

2211 4404 2377 4475 σύνης
2428 4404 2578 4474 ἥλιος
2634 4403 2730 4473 τῆς
2777 4402 3123 4475 τελειοτάτης
3174 4401 3426 4471 γνώσεως
3481 4400 3579 4462 τὰς
3626 4394 3780 4463 αὐγᾶς

2208 4498 2403 4562 ἐνιεὶς,
2462 4497 2559 4550 καὶ
2623 4496 2844 4566 ἀπάσης
2900 4498 3099 4560 αὐτοὺς
3152 4488 3515 4550 ἀπαλλάττων
3560 4488 3781 4560 ψυχικῆς

507 4580 663 4647 quasi
698 4581 766 4634 de
809 4582 1007 4649 aquilis
1047 4590 1101 4634 et
1134 4581 1297 4647 pullis
1340 4595 1527 4634 carum
1565 4579 1901 4650 loqueretur,
1944 4578 2101 4649 juxta

2211 4591 2520 4665 ἀρρωστίας
2542 4630 2557 4653 ,
2604 4590 2699 4642 καὶ
2735 4588 2969 4659 θλίψεως
3021 4590 3122 4659 τῆς
3165 4590 3401 4660 ἀρχαίας
3434 4587 3507 4649 ὡς
3531 4579 3780 4674 ἀπωτάτω

500 4670 628 4725 illud
656 4672 776 4725 sine
802 4672 985 4737 dubio,
1021 4673 1164 4741 quod
1193 4687 1287 4740 per
1319 4671 1506 4724 Mosen
1538 4671 2000 4741 sapientissimum
2031 4675 2099 4729 de

503 4766 630 4831 Deo,
661 4767 803 4820 etde
835 4766 1080 4820 liberatis
1105 4768 1173 4820 ab
1196 4764 1435 4837 [Egypto
1459 4767 1725 4835 prolatum
1758 4776 1840 4821 est
1864 4785 1876 4823 :
1906 4787 1924 4819 ι
1945 4768 2098 4822 Sicut

499 4857 682 4924 aquila
706 4857 986 4925 conperiet
1011 4858 1193 4911 nidum
1243 4874 1425 4913 suum.
1469 4858 1794 4928 Expantlens
1822 4860 1937 4914 alas
1965 4874 2095 4916 suas

499 4948 740 5017 suscepit
769 4962 862 5003 eos
907 4950 978 5005 “.
1014 4966 1035 5002 I
1075 4949 1192 5004 Erit
1241 4951 1432 5021 igitur,
1477 4952 1675 5022 inquit,
1733 4970 1754 5005 ι
1794 4953 2004 5009 sanitas
2036 4953 2095 5010 in

499 5043 695 5109 pennis
731 5040 869 5108 ejus.
902 5059 921 5093 ι
980 5043 1036 5097 In
1084 5044 1185 5098 hoc
1234 5045 1379 5100 enim
1418 5036 1619 5101 sanatio
1661 5046 2001 5100 exsultantes
2039 5046 2095 5102 in

502 5130 659 5187 nobis
687 5132 872 5186 carnis
904 5144 1080 5189 motus
1113 5150 1447 5205 magnopere
1481 5138 1773 5200 sentimus,
1803 5138 1894 5205 qui
1941 5151 2095 5192 inea-

502 5234 610 5280 tem
639 5226 707 5281 ad
737 5226 1087 5282 lnconcessas
1119 5228 1290 5302 868
1321 5230 1630 5301 voluptates
1654 5232 2017 5295 exsuscitant,
2040 5238 2099 5285 et

500 5324 654 5377 saevit
693 5323 746 5377 in
794 5324 1058 5379 membris
1108 5327 1313 5381 nostris
1349 5325 1556 5395 peccati
1607 5325 1698 5379 lex
1743 5323 1809 5387 ",
1849 5325 2097 5393 quamvis

499 5415 715 5469 Christo
740 5415 1033 5485 adiuvante
1071 5428 1386 5473 sanctorum
1415 5416 1789 5472 moderatione
1822 5415 2093 5471 interdum

539 5593 578 5622 "
623 5594 639 5646 l
682 5595 810 5649 Cor.
853 5612 892 5659 I,
931 5596 984 5651 5.
1028 5597 1119 5652 “l
1151 5597 1277 5653 Cor.
1321 5611 1444 5663 xm,
1490 5596 1579 5650 Β.
1624 5596 1665 5629 ¹⁹
1695 5595 1831 5651 Ibid.
1878 5593 1971 5651 l0.
2010 5594 2055 5625 ²⁹
2086 5594 2221 5649 lbid.
2264 5596 2305 5625 "
2334 5596 2466 5651 Ibid.
2507 5594 2565 5648 8.

501 5661 547 5692 ’δ
582 5663 739 5720 Rom.
776 5681 871 5729 vit,
912 5670 1001 5721 ‘25.

2208 4684 2402 4745 τιθείς.
2434 4681 2608 4734 Τοῦτο
2635 4680 2745 4751 γάρ
2775 4681 2891 4733 ἐστι
2922 4681 2983 4733 τό
3003 4695 3017 4708 θ
3055 4700 3071 4731 ι
3102 4681 3273 4742 Ἴασις
3303 4681 3361 4731 ἐν
3394 4678 3514 4739 ταῖς
3544 4667 3781 4743 πτέρυξιν

2206 4773 2377 4829 αὐτοῦ
2402 4791 2415 4804 ⁸
2448 4768 2561 4826 οἷον
2600 4774 2676 4835 ῶς
2730 4774 2817 4825 ἐπ’
2850 4773 3009 4827 ἀετοῦ
3055 4773 3147 4827 καὶ
3204 4771 3436 4826 νεοττῶν
3488 4763 3779 4838 εἰρημένον»

2204 4869 2325 4923 κατ’
2354 4866 2533 4921 ἐκεῖνό
2574 4884 2674 4920 που
2720 4866 2960 4932 πάντως,
3006 4866 3070 4920 τὸ
3103 4865 3191 4919 διὰ
3234 4864 3335 4919 τοῦ
3364 4860 3639 4928 πανσόφου
3671 4856 3781 4911 Mm-

2202 4962 2345 5021 σέως
2376 4960 2705 5030 λελεγμένον
2745 4962 2878 5032 περὶ
2920 4959 3090 5027 Θεοῦ,
3135 4959 3230 5014 καὶ
3272 4957 3381 5012 τῶν
3423 4954 3483 5021 ἐξ
3518 4950 3779 5020 Δῑγύπτρυ

2203 5053 2644 5125 λιλυτρωμένωνο
2670 5072 2689 5105 ι
2712 5054 2799 5117 Ὠς
2832 5054 2987 5118 ἀετὸς
3019 5051 3288 5106 σκεπάσει
3322 5047 3544 5103 νοσσιὰν
3574 5036 3775 5097 ἑαυτοῦ·

2200 5142 2335 5205 διεὶς
2360 5143 2460 5206 τὰς
2490 5143 2769 5214 πτέρυγας
2793 5143 2981 5206 αὑτοῦ,
3026 5142 3247 5208 ἐδέξατο
3268 5137 3495 5201 αὐτούς.
3541 5153 3559 5186 ι
3599 5131 3778 5189 Ἔσται

2202 5236 2404 5299 τοίνυν,
2439 5236 2612 5308 φησὶ,
2651 5254 2668 5286 ι
2704 5238 2798 5289 καὶ
2831 5236 2970 5299 ἴασις
3013 5237 3071 5287 ἐν
3108 5237 3228 5297 ταῖς
3259 5230 3520 5302 πτέρυξιν
3546 5220 3723 5281 αὐτοῦ.
3755 5235 3772 5267 ι

2215 5328 2305 5381 Ἐν
2353 5326 2454 5397 μὲν
2500 5327 2607 5398 γὰρ
2654 5326 2733 5397 τῷ
2782 5326 2939 5380 αἰῶνι
2983 5326 3158 5397 τούτῳ
3201 5324 3352 5379 δεινά
3395 5321 3511 5384 πώς
3556 5320 3696 5370 ἐστιν
3724 5313 3776 5363 ἐν

2208 5421 2341 5489 ἡμῖν
2376 5420 2473 5489 τῆς
2500 5419 2701 5484 σαρκὸς
2733 5416 2801 5471 τὰ
2829 5420 3212 5489 σκιρτήματα’
3243 5414 3543 5483 καταθήγει
3568 5408 3667 5477 γὰρ
3696 5401 3773 5452 τὸν

2646 5595 2689 5625 “
2726 5593 2883 5648 Joan.
2927 5610 3037 5661 ut,
3075 5593 3165 5648 25.
3208 5593 3253 5625 ’⁸
3294 5593 3447 5647 Deut.
3494 5599 3657 5651 xuii,
3701 5583 3769 5633 ll.

571 5798 644 5867 (ι)
678 5801 978 5860 Cotelerius
1009 5801 1274 5875 (Monum.
1344 5800 1491 5858 Eccl.
1528 5800 1620 5856 Gr.
1660 5801 1736 5868 11,
1798 5803 1922 5873 σεο)
1991 5803 2105 5872 conj

2283 5805 2736 5874 ἐντεχνεστᾶτονς
2798 5806 2879 5857 vel
2947 5803 3390 5873 ευτεχνοτάτους,
3432 5791 3764 5851 doctissim”-

501 5872 660 5930 Enn.
