4098 6466
371 305 473 362 361
1210 305 1771 367 COMMENTARIUS
1812 307 1880 363 1N
1923 306 2331 367 MALACIHAM
2367 310 2816 370 PROPHETAM.
3571 324 3681 381 362

372 420 505 475 νοῦν
536 419 619 485 είς
653 418 918 487 ἐκτύπους
952 422 1177 496 ήδονὰς,
1205 425 1484 497 ἀγριαίνει
1512 426 1570 481 δὲ
1597 427 1654 480 ἐν
1678 427 1795 488 τοῖς
1824 424 1983 498 μέλε-

2087 426 2359 485 vincatur.
2404 427 2710 483 lnebriatur
2754 438 2936 485 autem
2973 430 3377 500 quodammodo
3415 451 3589 505 mens,
3629 452 3684 494 et

372 530 466 567 σιν
486 512 645 584 ὑμῶν
674 516 775 586 τῆς
802 515 1080 588 ἁμαρτίας
1100 517 1131 570 6
1158 516 1344 589 νόμος,
1375 518 1411 590 ἢ
1443 520 1540 572 καὶ
1568 519 1789 572 νικᾶται
1817 518 1979 589 τυχὺν

2087 519 2195 575 alio
2219 520 2381 576 modo
2416 535 2445 575 a
2478 520 2827 592 passionibns
2862 522 3075 578 irritata
3113 547 3123 579 :
3169 525 3383 581 irruunt
3413 529 3559 585 enim
3598 546 3672 585 ar.

369 605 464 661 διὰ
494 604 599 677 τῆς
629 606 741 661 τῶν
769 607 944 678 ἁγίων
969 609 1270 675 ἐπιεικείας
1307 609 1681 682 ἐπαμύνοντος
1711 610 1807 665 τοῦ
1839 612 1884 665 Χ
1895 628 1979 682 ρι-

2087 613 2373 684 rogantize,
2405 622 2459 668 et
2500 627 2653 669 amor
2697 630 2846 671 vana:
2880 630 2946 672 ac
2993 620 3284 676 mundana:
3320 620 3527 693 gloriae,
3569 626 3684 690 ira,

375 697 533 754 στοῦ.
581 699 940 770 Καταμεθύει
978 700 1037 754 δέ
1070 718 1191 767 πως
1235 702 1265 755 6
1310 700 1437 767 νοῦς
1459 742 1474 769 ,
1511 702 1606 757 καὶ
1635 701 1758 756 καθ’
1794 702 1983 775 ἕτερον

2084 704 2221 760 lucri
2275 705 2530 770 aviditas,
2583 715 2635 761 et
2684 707 2802 762 alia:
2855 706 3075 765 demum
3132 720 3338 781 pestes.
3390 714 3685 788 Postquam

372 792 585 861 τρόπον
610 793 1010 865 πειραζόμενος
1036 795 1142 849 ὑπὸ
1174 795 1366 850 παθῶν
1390 813 1403 828 ο
1444 794 1756 862 ἀλαζονεῖαί
1784 815 1842 852 τε
1872 797 1982 870 γὰρ

2087 805 2269 851 autem
2293 797 2520 868 pignore
2544 795 2779 867 Spiritus
2800 814 2899 869 pcr
2923 798 3204 858 Christum
3227 805 3384 860 ditati
3410 823 3599 863 sumus
3620 806 3685 875 ",

374 886 813 957 ἐπισκήπτουσι,
858 887 952 941 καὶ
986 887 1283 958 φιλοδοξίαι
1332 888 1633 961 κοσμικαὶ,
1664 890 1851 963 ὀργαὶ,
1888 890 1982 946 καὶ

2086 889 2322 945 domitas
2370 890 2575 945 habere
2626 891 2972 962 cupiditates,
3021 898 3276 965 quamvis
3332 898 3476 954 haud
3549 901 3687 956 citra

375 978 777 1049 φιλοκέρδειαι,
796 981 892 1034 καὶ
920 980 989 1035 τὰ
1013 981 1179 1053 ἕτερα
1203 982 1313 1035 τῶν
1345 983 1557 1038 κακῶν.
1577 983 1796 1055 Ἐπειδὴ
1812 984 1868 1039 δὲ
1890 983 1982 1038 τὸν

2087 981 2375 1048 sudorem,
2411 983 2819 1051 consuevimus,
2851 992 2907 1040 et
2941 987 3240 1043 secundum
3257 990 3685 1048 saeculuml'utu-

375 1071 688 1144 ἀρῥαόῶνα
714 1073 810 1128 τοῦ
838 1074 1162 1146 Πνεύματος
1192 1075 1283 1130 διά
1315 1076 1558 1150 Χριστοῦ
1592 1078 1981 1148 πεπλουτήκα-

2087 1088 2209 1127 rum
2256 1070 2414 1144 plena
2459 1070 2580 1127 luce
2616 1071 2816 1129 divinae
2855 1077 3183 1147 cognitionis
3222 1082 3456 1150 praediti,
3503 1083 3686 1155 perfe-

377 1184 506 1238 μεν,
535 1168 833 1240 είθίσμεθά
873 1189 933 1225 τε
967 1172 1400 1243 κατευμεγεθεῖν
1444 1173 1554 1227 τῶν
1587 1173 1799 1238 παθῶν,
1844 1173 1984 1246 πλὴν

2086 1167 2271 1224 ctione
2301 1166 2431 1222 doni
2460 1166 2699 1238 Spiritus
2730 1168 2904 1223 sancti
2941 1168 3135 1226 divites
3170 1186 3384 1240 sumus,
3411 1182 3465 1230 et
3496 1190 3690 1231 corru-

381 1258 615 1331 ίδρῶτος
645 1262 708 1315 οὺ
739 1262 885 1333 δίχα,
920 1263 1060 1318 κατά
1088 1262 1149 1316 δέ
1182 1280 1248 1334 γε
1274 1264 1370 1318 τὸν
1397 1264 1575 1320 αίῶνα
1596 1265 1687 1320 τὸν
1717 1265 1985 1337 μέλλοντα

2087 1256 2341 1328 ptionetn
2362 1257 2755 1327 passionesque
2780 1259 2965 1315 carnis
2991 1261 3267 1325 exuimus,
3287 1262 3396 1319 Deo
3414 1265 3687 1321 servimus

373 1352 568 1424 πλήρη
597 1356 698 1425 τῆς
730 1353 1063 1425 θεογνωσίας
1111 1355 1329 1427 ἔχοντες
1374 1355 1474 1428 τὴν
1503 1358 1700 1429 αὐγὴν,
1744 1358 1841 1412 καὶ
1885 1358 1985 1430 τὴν

2087 1351 2438 1419 omnimodis,
2485 1365 2591 1405 non
2627 1350 2786 1405 divisi
2819 1362 3041 1423 prapter
3073 1363 3392 1426 peccatum,
3427 1372 3605 1428 neque
3654 1374 3684 1412 a

368 1443 731 1517 τελειοτάτην
783 1446 885 1518 τῆς
942 1447 1154 1521 δωρεᾶς
1230 1446 1327 1502 τοῦ
1385 1449 1543 1519 ἁγίου
1624 1450 1985 1517 πλουτοῦντες

2089 1441 2365 1497 veteribus
2388 1442 2740 1512 passionibus
2776 1444 2988 1517 agitati,
3025 1446 3121 1501 sed
3161 1447 3336 1503 instar
3371 1458 3686 1505 sanctorum

370 1535 726 1608 Πνεύματος,
754 1538 1163 1611 ἁποδυσάμενοί
1194 1558 1254 1595 τε
1294 1540 1393 1613 τὴν
1420 1542 1628 1615 φθορὰν
1659 1544 1754 1598 καὶ
1787 1544 1858 1598 τὰ
1886 1546 1986 1616 τῆς

2088 1529 2401 1600 angelorum
2422 1546 2612 1601 puram
2632 1542 2685 1587 et
2703 1532 3045 1589 innocentem
3065 1539 3231 1591 vitam
3250 1537 3523 1595 ducimus.
3539 1539 3692 1596 Scri-

370 1628 588 1699 σαρκὸς
614 1629 788 1703 πάθη,
823 1631 944 1703 Θεῷ
993 1631 1333 1706 λατρεύομεν
1369 1634 1700 1706 ὁλοτρότιως,
1729 1636 1790 1690 οὐ
1824 1654 1984 1710 μερι-

2087 1628 2239 1689 ptum
2262 1628 2347 1674 est
2366 1621 2513 1675 enim
2541 1622 2610 1677 de
2635 1624 2859 1689 sanctis,
2882 1625 3026 1695 quod
3046 1626 3437 1685 ubliviscentur
3462 1631 3691 1688 tribula-

367 1719 598 1791 ζόμενοι
628 1722 766 1793 πρὸς
788 1724 1090 1795 ἁμαρτίαν,
1120 1723 1247 1778 οὔτε
1279 1724 1387 1796 μὴν
1411 1726 1518 1780 ὑπό
1546 1743 1643 1780 του
1676 1727 1786 1781 τῶν
1812 1729 1981 1783 πάλαι

2092 1712 2252 1768 tionis
2274 1728 2385 1769 sua:
2405 1723 2585 1770 etnon
2608 1716 2865 1772 ascendet
2890 1720 2941 1771 in
2959 1733 3055 1774 cor
3074 1734 3287 1777 eorum.
3310 1741 3328 1773 ι
3352 1721 3467 1779 Erit
3484 1731 3688 1787 autem.

368 1810 569 1865 παθῶν
601 1813 1005 1886 ἐνοχλούμενοι,
1052 1815 1168 1871 ἀλλ’
1213 1818 1271 1871 ἐν
1320 1816 1412 1889 ἴσῃ
1455 1818 1609 1885 τάξει
1656 1821 1771 1882 τοῖς
1803 1818 1980 1889 ἁγίοις

2089 1806 2286 1889 inquit,
2320 1805 2505 1862 laetitia
2535 1810 2869 1879 sempiterna
2899 1826 3065 1882 super
3091 1814 3270 1884 capita
3300 1829 3517 1881 eorum,
3548 1815 3687 1882 laus,

366 1905 635 1975 ἀγγέλοις
676 1907 771 1962 τὸν
813 1908 1057 1980 καθαρὸν
1100 1910 1197 1964 καὶ
1249 1910 1512 1982 ἀπήμονα
1549 1909 1793 1982 βιοῦντες
1843 1912 1976 1983 βίον.

2084 1910 2139 1955 et
2179 1899 2390 1971 laetitia,
2442 1911 2497 1958 et
2540 1903 2838 1959 exsultatio
2894 1906 3325 1976 comprehendet
3368 1922 3486 1974 eos,
3519 1905 3691 1978 fugiet

368 1998 700 2072 Γέγραπται
729 2000 837 2071 γὰρ
863 2003 995 2075 περὶ
1019 2001 1130 2056 τῶν
1160 2003 1357 2073 ἁγίων,
1387 2004 1472 2058 ὅτι
1502 2004 1859 2076 ἐπιλήσονται
1882 2003 1982 2075 τὴν

2084 1992 2259 2062 dolor,
2287 1993 2532 2060 tristitia,
2559 2005 2608 2049 et
2639 1996 2880 2062 gemitus
2906 1994 2975 2052 “.
3006 2014 3025 2048 ι
3058 1996 3272 2053 Idcirco
3300 1998 3376 2053 ait
3401 1998 3685 2068 propheta.

367 2092 556 2163 θλῖψιν
587 2093 794 2160 αὐτῶν,
820 2096 917 2150 καὶ
936 2096 1038 2150 οὐκ
1064 2096 1240 2169 ἀναϐῇ
1267 2096 1451 2151 αὐτῶν
1483 2097 1577 2151 ἐπὶ
1604 2096 1703 2171 τήν
1727 2097 1978 2169 καρδίαν.

2084 2087 2199 2142 sive
2221 2085 2362 2142 Deus
2382 2087 2577 2143 horum
2596 2088 2824 2146 cﬂ'ector
2842 2101 3008 2161 atque
3027 2091 3184 2149 dator
3209 2110 3220 2147 :
3246 2111 3264 2146 ι
3286 2092 3686 2165 Egrediemini,

373 2185 621 2238 «Ἔσται
653 2183 732 2250 δὲ,
774 2186 933 2256 φησι,
970 2186 1068 2241 καὶ
1099 2185 1414 2258 εὐφροσύνη
1449 2186 1669 2250 αἰώνιος
1716 2186 1861 2258 ὑπὲρ
1886 2203 1983 2240 κε-

2085 2186 2140 2234 et
2172 2179 2384 2235 salictis
2428 2179 2572 2236 sicut
2601 2181 2754 2237 vituli
2787 2185 2959 2239 teneri
2996 2184 3229 2243 vinculis
3261 2187 3450 2245 soluti.
3481 2206 3501 2241 ι
3532 2185 3687 2244 Sicut

366 2277 554 2349 τριπλῆς
586 2276 790 2346 αὐτῶν,
813 2278 1042 2346 αῐνεσις,
1063 2279 1159 2333 καὶ
1187 2279 1522 2352 εὐφροσύνη,
1542 2281 1639 2335 καὶ
1665 2278 1984 2351 ἀγαλλίαμα

2087 2287 2324 2343 namque
2346 2271 2497 2327 vituli
2516 2273 2698 2330 adhuc
2719 2276 2988 2343 subrumi,
3020 2293 3118 2334 seu
3143 2278 3430 2346 lactentes,
3453 2280 3690 2338 vinculis

363 2369 758 2443 καταλήψεται
786 2371 1008 2438 αὐτοὺς,
1043 2371 1258 2443 ἀπέδρα
1287 2371 1474 2444 ὀδύνη,
1523 2370 1694 2445 λύπη,
1730 2372 1827 2426 καὶ
1862 2389 1981 2425 στε-

2087 2362 2326 2433 demptis
2365 2378 2461 2435 per
2517 2380 2679 2437 agros
2733 2366 3016 2436 exsiliunt,
3058 2379 3114 2426 et
3166 2371 3220 2427 in
3266 2371 3436 2428 herba
3492 2375 3686 2428 virenti

364 2464 613 2536 ναγμός.
642 2482 662 2516 ι
701 2464 891 2538 Ταύτῃ
921 2480 1007 2518 τοι
1041 2464 1208 2536 φησὶν
1240 2465 1269 2518 ὁ
1302 2465 1613 2535 προφήτης,
1645 2464 1766 2536 ἢτοι
1794 2463 1925 2528 Θεὸς
1955 2463 1982 2516 6

2086 2454 2401 2511 subsultant
2440 2464 2497 2511 et
2541 2457 2823 2528 mugiunt;
2864 2459 2938 2514 ita
2983 2460 3114 2515 olim
3152 2464 3330 2519 sancti
3371 2462 3532 2535 huius
3567 2464 3690 2520 Vlla!

365 2558 587 2612 τούτων
610 2558 854 2628 ἐργάτης
885 2557 982 2612 καὶ
1022 2557 1215 2630 δοτὴρ,
1248 2558 1331 2613 ὅτι
1367 2576 1386 2610 ι
1434 2556 1817 2624 Ἐξελεύσεσθε
1837 2596 1851 2623 ,
1889 2559 1983 2613 καὶ

2090 2549 2478 2617 tribulationis,
2505 2565 2784 2618 curarum,
2827 2555 3066 2624 sudoris,
3103 2554 3354 2613 laborum
3383 2558 3537 2630 quasi
3574 2558 3691 2614 vin-

371 2647 750 2720 σκιρτήσεσθε
779 2648 855 2713 ὡς
888 2647 1166 2721 μοσχάρια
1192 2650 1257 2702 ἐκ
1280 2648 1496 2720 δεσμῶν
1519 2648 1801 2721 ἀνειμένα.
1825 2648 1987 2701 »Ὥσ-

2088 2642 2226 2698 culis
2252 2642 2512 2711 cxsoluti,
2544 2644 2599 2698 in
2620 2642 3023 2712 iucunditatem
3059 2648 3269 2705 sanctis
3298 2662 3688 2719 congruentem

367 2761 488 2817 περ
519 2745 635 2818 γὰρ
667 2745 739 2799 τὰ
773 2746 1050 2817 μοσχάρια
1075 2743 1146 2799 τά
1178 2744 1446 2798 ὑπότιτθα
1471 2743 1691 2816 δεσμῶν
1719 2744 1985 2815 ἀνιέμενα

2088 2734 2486 2808 ingrediantur,
2539 2747 2597 2793 et
2645 2737 2889 2808 iniquos,
2943 2753 3053 2795 non
3120 2739 3234 2809 jam
3286 2751 3594 2813 pugnantes
3634 2754 3691 2799 et

369 2837 815 2908 κατασκαίρουσι
849 2836 960 2890 τῶν
1005 2834 1215 2908 ἀγρῶν,
1260 2836 1320 2890 ἐν
1360 2835 1581 2890 εὐανθεῖ
1607 2838 1673 2909 τῇ
1706 2835 1816 2908 πόᾳ
1847 2837 1985 2889 ἀπο-

2090 2826 2435 2892 resistentes,
2476 2828 2575 2883 sed
2622 2836 2948 2895 prostratos,
2991 2840 3048 2885 et
3090 2831 3286 2900 victos,
3332 2843 3388 2888 ct
3431 2842 3688 2905 tanquam

370 2928 643 3002 πηδῶντά
665 2946 726 2983 τε
754 2929 851 2984 καὶ
874 2928 1272 3001 διαμυκώμενα
1291 2945 1305 2959 ·
1332 2927 1478 2983 οὕτω
1509 2927 1655 2982 κατὰ
1682 2930 1911 3001 καιροὺς
1936 2930 1986 2982 oi

2089 2919 2191 2974 sub
2217 2918 2446 2989 pedibus
2466 2919 2716 2988 jacentes
2743 2920 3165 2991 conculcabunt,
3199 2926 3346 2995 quod
3369 2927 3534 2983 etiam
3564 2927 3689 2983 belli

368 3021 531 3091 ἃγιοι
563 3020 855 3093 μονονουχὶ
892 3020 1112 3091 δεσμῶν
1144 3020 1426 3093 ἀνειμένοι
1472 3019 1572 3091 τῆς
1618 3021 1678 3074 ἐν
1723 3020 1861 3091 τῷδε
1908 3018 1986 3091 τῷ

2090 3011 2319 3066 materia
2354 3018 2407 3065 et
2435 3019 2615 3066 metus
2653 3013 2833 3070 omnis
2875 3014 2944 3070 ab
2972 3014 3106 3085 ipsis
3143 3016 3358 3074 ablatus
3389 3019 3483 3074 sit.
3516 3038 3539 3073 ι
3570 3017 3688 3076 Non

371 3112 482 3185 βίῳ
515 3112 774 3183 θλίψεως,
817 3114 1124 3185 φροντίδος,
1170 3114 1396 3187 ἱδρῶτός
1428 3130 1489 3168 τε
1526 3114 1626 3169 καὶ
1662 3114 1863 3184 πόνων,
1906 3117 1988 3180 είς

2090 3103 2233 3158 enim
2277 3103 2383 3159 erit
2434 3103 2505 3158 ibi
2553 3102 2663 3171 leo,
2706 3121 2884 3176 neque
2931 3106 3037 3162 ulla
3085 3110 3353 3165 malarum
3392 3112 3689 3169 bestiarum

367 3204 476 3278 τὴν
524 3208 641 3270 τοῖς
688 3205 859 3271 ὁσίοις
917 3206 1242 3277 πρέπουσαν
1295 3205 1564 3278 εὐθυμίαν
1615 3208 1982 3278 ἐκδήσανται,

2093 3199 2353 3255 ascendet
2396 3200 2531 3270 illic,
2570 3209 2630 3256 ut
2659 3201 2928 3271 scriptum
2961 3212 3080 3269 est;
3121 3203 3217 3260 sed
3251 3204 3359 3262 erit
3392 3203 3573 3276 potius
3605 3210 3690 3262 via

370 3294 682 3360 πατοῦντες
705 3296 966 3368 ἀνόμους,
996 3296 1059 3350 ού
1094 3297 1438 3368 μαχομένους
1467 3297 1549 3351 ἔτι
1597 3298 1693 3352 καὶ
1718 3296 1986 3368 ἀνθεστη-

2094 3306 2253 3363 pura,
2298 3301 2353 3346 et
2403 3291 2491 3347 via
2549 3302 2739 3347 sancta
2789 3292 3074 3349 vocabitur
3111 3293 3181 3348 ³⁷.
3229 3312 3250 3346 ι
3302 3294 3508 3351 Exsors
3545 3296 3690 3351 enim

372 3388 571 3454 κότας,
641 3390 913 3453 πεσόντας
941 3388 1000 3442 δὲ
1028 3387 1130 3461 ἤδη
1171 3390 1267 3443 καὶ
1303 3390 1717 3463 νενικημένους,
1749 3389 1845 3444 καὶ
1871 3383 1983 3445 οἷον

2092 3400 2307 3457 pugnat,
2336 3396 2394 3442 et
2415 3386 2596 3442 omnis
2626 3385 2856 3440 maculae
2887 3402 3020 3457 pura
3062 3387 3152 3443 illo
3186 3387 3529 3459 potissimum
3558 3400 3695 3446 tctn-

370 3479 487 3534 ὑπὸ
536 3481 707 3545 πόδας
740 3481 1056 3553 κειμένους,
1090 3479 1170 3552 τῷ
1211 3482 1306 3536 καὶ
1338 3483 1647 3556 ἀνῃρῆσθαι
1703 3482 1982 3547 παντελῶς

2093 3492 2228 3547 pore
2259 3489 2574 3534 sanctorum
2608 3482 2719 3534 vita
2755 3481 2883 3535 erit.

369 3574 472 3630 τὸν
512 3574 644 3644 παρ’
680 3571 864 3626 αὐτῶν
893 3572 1152 3643 πόλεμον.
1189 3592 1207 3626 ι
1243 3574 1318 3629 Οὐ
1354 3574 1465 3647 γὰρ
1521 3575 1676 3629 ἔσται
1709 3575 1827 3627 ἐκεῖ
1858 3572 2023 3637 λέων,
2061 3569 2185 3625 οὐδὲ
2242 3568 2350 3623 τῶν
2386 3567 2595 3642 θηρίων
2623 3572 2734 3627 τῶν
2767 3570 3020 3643 πονηρῶν
3053 3569 3207 3626 οὐδὲν
3241 3578 3317 3645 μὴ
3341 3574 3517 3648 ἀναϐῇ
3552 3574 3690 3638 ἐκεῖ.

370 3668 525 3723 κατά
552 3668 615 3721 τὸ
637 3667 1337 3739 γεγραμμένον.⁹Εσταιδὲ
1370 3669 1572 3741 μᾶλλον
1600 3670 1717 3732 ὁδὸς
1773 3666 2014 3735 καθαρὰ,
2056 3667 2153 3720 καὶ
2235 3665 2353 3729 ὁδὸς
2400 3665 2533 3736 ἁγία
2587 3665 2946 3737 κληθήσεται.
3003 3683 3021 3714 ι
3059 3665 3363 3738 Ἀπόλεμος
3426 3666 3537 3739 γὰρ
3598 3672 3694 3725 καὶ

369 3760 604 3831 ἀπάσης
648 3759 871 3830 κηλίδος
909 3759 1307 3834 ἀπηλλαγμένη
1358 3763 1481 3817 κατ’
1533 3766 1712 3818 ἐκεῖνο
1744 3765 1981 3836 μάλιστα
2018 3761 2115 3818 τοῦ
2151 3760 2346 3834 καιροῦ
2377 3760 2485 3814 τῶν
2553 3760 2726 3829 ἁγίων
2752 3759 2910 3813 ἔσται
2942 3756 3079 3830 ζωή.

449 3854 564 3909 Καὶ
635 3852 765 3907 ἰδοὺ
839 3851 958 3924 ἐγὼ
1022 3853 1348 3909 ἀποστελῶ
1399 3856 1546 3924 ὑμῖν
1607 3857 1814 3915 Ἠλίαν
1877 3858 1986 3912 τὸν

2166 3855 2330 3910 Vens.
2353 3854 2407 3921 5,
2437 3853 2489 3907 ϐ.
2520 3851 2657 3907 Ecce
2677 3869 2771 3924 ego
2800 3853 3005 3906 mittam
3029 3852 3169 3907 vobis
3186 3843 3365 3907 Etiam
3394 3853 3691 3919 Thesbiten.

373 3945 708 4014 Θεσόίτην,
753 3943 899 4013 πρὶν
942 3945 1147 3999 ἐλθεῖν
1185 3944 1301 4015 τὴν
1330 3948 1562 4017 ἡμέραν
1598 3949 1824 4018 Κυρίου
1871 3947 1987 4017 τὴν

2095 3958 2378 4019 antequam
2411 3946 2584 4001 veniat
2617 3947 2728 4000 dies
2755 3944 2971 3999 Domini
2995 3962 3219 4013 magnus
3244 3955 3291 4000 et
3325 3945 3569 4011 illustris,
3603 3951 3694 4020 qui

364 4028 657 4109 μεγάλην
700 4037 803 4092 καὶ
844 4035 1116 4107 ἐπιφανῆ
1141 4077 1157 4103 ,
1192 4035 1257 4104 ὃς
1304 4038 1801 4108 ἀποκαταστήσει
1846 4057 1982 4110 παρα

2095 4041 2330 4095 restituet
2358 4055 2452 4092 cor
2471 4038 2638 4108 patris
2660 4039 2730 4091 ad
2751 4036 2949 4105 ﬁlium,
2972 4049 3019 4092 et
3046 4053 3139 4092 cor
3161 4038 3390 4092 hominis
3412 4040 3482 4093 ad
3509 4044 3693 4109 proxi-

370 4130 521 4184 δίαν
548 4128 776 4197 πατρὸς
810 4129 955 4197 πρὸς
1003 4128 1163 4196 υἱὸν,
1217 4128 1321 4184 καὶ
1364 4130 1622 4199 καρδίαν
1665 4130 1986 4200 ἀνθρώπου

2095 4148 2240 4186 mum
2275 4149 2451 4195 suum,
2478 4146 2541 4184 ne
2565 4130 2767 4184 veniam
2784 4169 2801 4197 ,
2824 4139 2874 4185 et
2910 4132 3207 4201 percutiam
3233 4143 3435 4188 terram
3458 4135 3687 4204 penitus.

368 4223 533 4291 πρὸς
559 4222 669 4277 τόν
690 4223 967 4290 πλησίον
997 4222 1207 4289 αὐτοῦ,
1247 4224 1349 4278 ἵνα
1391 4224 1481 4294 μὴ
1515 4225 1692 4291 ἔλθω,
1721 4226 1821 4281 καὶ
1858 4224 2105 4293 πατάξω
2135 4226 2254 4295 τὴν
2278 4224 2398 4297 γῆν
2434 4223 2648 4294 ἄρδην.
3654 4282 3663 4290 ,

448 4319 587 4372 ME’.
649 4317 952 4384 Ἀπόδειξις
1033 4320 1375 4393 ἡμερότητος
1458 4323 1555 4376 καὶ
1632 4321 1986 4389 ἀνεξικακίας

2173 4323 2334 4379 XLV.
2380 4324 2778 4391 Argumentum
2828 4322 3267 4378 mansuetudinis
3299 4333 3355 4378 et
3391 4323 3692 4380 tolerantiae

366 4409 542 4478 Θεοῦ,
575 4410 637 4464 τὸ
677 4413 770 4465 καὶ
812 4411 999 4466 Ἠλίαν
1033 4413 1170 4483 ἡμῖν
1196 4414 1290 4466 τὸν
1323 4413 1592 4486 Θεσόίτην
1626 4414 1984 4487 προαναλάμ-

2096 4415 2217 4481 Dei,
2246 4414 2390 4485 quod
2420 4412 2570 4468 Elias
2600 4412 2891 4469 Thesbites
2927 4427 3145 4482 quoque
3177 4414 3335 4470 nobis
3382 4415 3534 4484 prius
3564 4415 3692 4469 οΙὶηι

366 4501 479 4573 ψαι
513 4499 660 4555 κατά
683 4502 934 4573 καιροὺς,
964 4501 1050 4554 ὃτι
1077 4502 1351 4573 παρέσται
1375 4503 1562 4558 λοιπὸν
1591 4507 1619 4559 ό
1638 4505 1851 4578 κριτὴς,
1874 4509 1984 4573 τοῖς

2090 4506 2384 4564 atInlsurus
2410 4516 2515 4575 est,
2557 4507 2648 4576 qui
2690 4504 2947 4562 onmibus
2990 4506 3161 4579 889
3187 4507 3510 4563 mortalibus
3550 4505 3693 4562 aflu-

362 4592 484 4647 ἁνὰ
540 4594 726 4646 πᾶσαν
773 4592 873 4666 τὴν
924 4595 1256 4666 οἰκουμένην
1299 4599 1765 4667 προαγγέλλοντα.
1800 4601 1980 4654 Κατα-

2089 4611 2273 4657 turum
2307 4600 2549 4672 judicem
2596 4599 2948 4669 prmnuntiet.
2997 4601 3302 4655 Descendet
3340 4600 3487 4654 enim
3525 4599 3691 4668 judcx

366 4682 618 4753 ϐήσεται
650 4681 762 4754 γὰρ
792 4683 988 4756 κριτὴς
1017 4687 1075 4739 ὲν
1102 4688 1170 4758 τῇ
1194 4686 1324 4759 δόξῃ
1351 4687 1444 4741 τοῦ
1469 4689 1605 4743 Θεοῦ
1630 4691 1724 4743 καὶ
1746 4692 1984 4763 Πατρός,

2091 4694 2342 4764 ingloria
2370 4693 2465 4748 Dei
2511 4702 2567 4748 et
2609 4690 2811 4761 Patris,
2851 4692 3241 4748 comitantibus
3300 4692 3533 4763 angelis,
3577 4710 3597 4746 ι
3629 4692 3693 4748 Et

360 4774 832 4846 δορυφορούντων
880 4776 1154 4846 ἀγγέλων,
1211 4797 1230 4829 ι
1270 4779 1383 4832 Καὶ
1424 4779 1697 4835 καθιείται
1742 4783 1844 4855 μὲν
1891 4784 1978 4837 ἐπὶ

2091 4785 2306 4844 sedebit
2343 4786 2394 4841 in
2440 4786 2571 4851 sede
2618 4785 2926 4854 majestatis
2956 4800 3069 4840 suae
3109 4784 3177 4850 ³⁸,
3204 4783 3461 4855 judicans
3503 4785 3693 4840 orbein

362 4868 577 4938 θρόνου
626 4867 789 4941 δόξης
835 4868 1026 4934 αὐτοῦ,
1064 4869 1268 4941 κρίνων
1301 4869 1400 4942 τὴν
1437 4872 1764 4944 οἰκουμένην
1809 4874 1866 4925 ἐν
1910 4873 1980 4927 δι-

2093 4887 2364 4934 terrarum
2415 4879 2468 4933 in
2505 4878 2721 4948 justitia
2754 4877 2824 4943 ”,
2854 4888 2910 4932 et
2954 4876 3144 4933 reddet
3193 4876 3353 4947 plane
3399 4876 3695 4947 unicuique

361 4959 673 5035 καιοσύνῃ,
692 4961 966 5019 ἀποδώσει
992 4962 1051 5016 δὲ
1078 4962 1300 5028 πάντως
1325 4964 1545 5035 ἑκάστῳ
1570 4964 1713 5018 κατὰ
1736 4965 1796 5019 τὸ
1825 4965 1979 5037 ἔργον

2087 4971 2388 5027 secundum
2423 4984 2590 5039 opera
2642 4984 2741 5026 sua
2767 4968 2833 5024 ³⁸.
2887 4988 2908 5022 ι
2956 4968 3226 5035 Quoniam
3277 4979 3462 5025 autem
3510 4969 3695 5025 multis

363 5050 627 5108 αὐτοῦ.)
675 5053 899 5126 Ἐπειδὴ
931 5053 989 5107 δὲ
1032 5056 1091 5109 ἐν
1121 5054 1406 5121 πλείσταις
1451 5058 1618 5129 ἐσμὲν
1663 5058 1981 5132 ἁμαρτίαις,

2087 5062 2331 5135 peccatis
2375 5061 2626 5117 obstricti
2669 5077 2893 5129 sumus,
2930 5061 3138 5117 utiliter
3173 5061 3432 5135 praecedit
3477 5060 3695 5116 divinus

367 5139 703 5212 προδαδίξει
765 5145 1058 5216 χρησίμως
1102 5145 1131 5198 6
1191 5144 1480 5209 θεσπέσιος
1526 5153 1851 5222 προφήτης,
1906 5153 1985 5214 είς

2092 5155 2376 5227 pr0pheta,
2422 5154 2674 5210 homines
2714 5168 2810 5225 per
2836 5163 3011 5209 terras
3043 5155 3098 5207 in
3130 5151 3485 5233 concordiam
3512 5153 3685 5221 Iredu-

364 5231 691 5304 ὁμοψυχίαν
717 5233 871 5303 ἄγων
902 5234 1030 5299 τοὺς
1055 5235 1147 5288 ἐπὶ
1175 5235 1275 5304 τῆς
1307 5236 1433 5304 γῆς,
1457 5237 1544 5291 ἵνα
1580 5238 1643 5308 δὴ
1669 5238 1982 5312 σύμπαντες

2092 5264 2249 5316 cens,
2295 5256 2358 5303 ut
2395 5262 2589 5304 omnes
2627 5247 2683 5303 in
2735 5248 3001 5304 unitatem
3046 5247 3171 5323 ﬁdei
3202 5231 3532 5324 congregati
3574 5255 3630 5300 et
3662 5261 3692 5299 a

365 5322 457 5382 εις
490 5324 727 5396 ἑνότητα
747 5327 848 5398 τὴν
885 5326 976 5381 διὰ
1007 5327 1245 5391 πίστεως
1280 5329 1632 5401 συνηγμένοι,
1664 5333 1885 5387 καὶτῶν
1908 5336 1983 5399 είς

2094 5353 2481 5411 perversorum
2551 5354 2779 5409 operum
2847 5340 3044 5395 studiis
3102 5322 3475 5413 quiescentes,
3549 5340 3692 5405 quo-.l

363 5413 699 5485 φαυλότητα
730 5420 1171 5493 σπουδασμάτων
1206 5422 1663 5496 ἀποπαυσάμενοι
1689 5466 1706 5493 ,
1742 5426 1981 5500 πληροῦν

2094 5432 2299 5488 bonum
2331 5441 2438 5497 est,
2460 5430 2678 5489 eﬂicere
2704 5431 2895 5498 velint,
2928 5441 3090 5505 atque
3120 5433 3191 5484 ita
3229 5429 3481 5486 veniente
3508 5427 3692 5494 judice

362 5506 588 5560 ἱλοιντο
613 5506 677 5560 τὸ
704 5508 933 5576 ἀγαθὸν,
968 5511 1113 5567 οῦτω
1141 5530 1203 5568 τε
1233 5516 1458 5570 σωθεῖεν
1483 5522 1980 5590 καταφοιτήσαντος

2096 5522 2397 5581 salventur.
2427 5522 2589 5579 l’rius
2607 5524 2771 5595 igitur
2792 5524 3151 5577 venitbeatus
3177 5519 3419 5599 Baptista
3451 5516 3691 5574 Joannes

359 5596 474 5652 τοῦ
514 5599 728 5672 κριτοῦ.
759 5601 978 5668 Φθάσας
1011 5606 1110 5676 μὲν
1156 5603 1250 5661 οὖν
1279 5610 1308 5662 6
1340 5611 1615 5682 μακάριος
1669 5612 1977 5686 Βαπτιστὴς

2100 5632 2119 5667 ι
2151 5615 2204 5670 in
2232 5616 2432 5687 spiritu
2463 5625 2520 5670 et
2552 5616 2755 5670 virtute
2784 5614 2916 5669 Elia:
2940 5615 3006 5667 ³⁸.
3040 5631 3060 5665 ι
3094 5612 3203 5668 Sed
3234 5596 3693 5693 quetnadntodum

448 5713 558 5797 "nl
599 5714 729 5772 Cor.
773 5717 905 5797 t,'_5.
946 5719 1173 5797 __"_lsa.
1218 5739 1381 5797 xxxv,
1427 5724 1514 5780 10.
1596 5727 1641 5759 "
1674 5727 1805 5783 ibid.
1860 5726 1913 5797 8,
1946 5729 1999 5783 9.
2079 5729 2127 5763 ’⁸
2167 5728 2358 5786 Matth.
2405 5745 2529 5797 xxv,
2566 5729 2656 5786 5|.
2734 5729 2778 5762 ²⁹
2817 5728 2963 5789 Psal.
3009 5742 3087 5793 lx,
3129 5726 3181 5783 5.
3263 5726 3308 5760 ⁸⁸
3342 5725 3539 5783 Matth.
3581 5740 3702 5796 xw,

360 5780 665 5850 27;Rom.
710 5803 768 5850 ιι,
811 5787 865 5843 6.
945 5788 985 5820 ἰ
1031 5790 1159 5846 an.
1191 5810 1229 5858 ι,
1267 5780 1381 5849 Π,’
1867 5780 1913 5797 ’⁸
1952 5780 1997 5783 "
2406 5780 2529 5797 "“"
2570 5780 2655 5786 "'
2817 5780 2962 5789 -“·“-·
3137 5780 3179 5817 ⁷ῖ

626 5881 896 5947 ΡΑΤιιοι..
931 5886 1046 5949 Gn.
1090 5889 1322 5950 LXXII.
1984 5884 1991 5895 ’
2116 5881 2127 5899 ’

1984 5881 2127 5899 ”
3181 5890 3251 5955 12
