4098 6492
585 341 692 395 365

583 467 700 536 ipse
748 460 1082 530 praedicabat
1130 475 1142 511 :

585 557 748 611 facite
786 554 1010 609 semitas
1054 553 1144 607 Dei
1185 551 1359 605 nostri
1407 549 1491 618 ³²;
1525 571 1544 603 ι
1579 552 1650 605 ita
1689 565 1743 606 et
1777 553 1990 606 divinus
2026 550 2168 607 Elias

581 649 820 704 vicinum
848 647 961 716 jam
987 655 1111 698 tunc
1137 644 1474 714 pnedicabit,
1501 653 1553 698 et
1577 645 1687 712 jam
1715 643 1822 713 jam
1848 643 2166 709 aﬂ'uturum,

587 760 607 794 ι
639 750 698 795 ιιι
730 740 935 808 iudicet
973 739 1158 792 orbem
1196 738 1248 790 in
1287 736 1520 804 jilstitia.
1561 757 1580 790 ι
1633 739 1708 792 Ac
1760 753 1903 792 nunc
1949 738 2165 807 quidem

583 831 815 888 fortasse
859 830 1121 884 dissident
1157 828 1402 897 quidam,
1439 837 1494 881 et
1541 828 1747 884 divisus
1787 839 1870 882 est
1919 839 2072 897 pater
2111 829 2163 882 in

583 923 772 985 lilium,
823 921 963 974 Illius
1004 929 1181 971 autem
1237 918 1288 971 in
1337 929 1542 987 patrem
1576 935 1732 972 suum
1770 919 1834 972 ³³.
1887 915 1986 972 llic
2019 917 2162 972 enim

581 1016 809 1071 credidit
854 1014 904 1066 in
948 1011 1248 1074 Christum,
1277 1010 1366 1063 ille
1416 1012 1470 1064 in
1513 1011 1776 1079 apostolis
1809 1020 2160 1077 numeratur;

577 1108 667 1161 alii
694 1105 955 1159 dissident
979 1103 1244 1156 charitate
1275 1113 1488 1166 mutua,
1510 1103 1667 1156 divisi
1703 1113 1922 1171 propter
1953 1103 2159 1168 odium,

573 1209 632 1256 et
659 1208 944 1268 perpetuas
987 1196 1123 1258 iras,
1155 1207 1209 1250 et
1245 1195 1627 1249 contentiones
1656 1210 1818 1265 super
1841 1210 2162 1264 quocunque

572 1292 760 1346 mtmdi
797 1289 1030 1352 negotio.
1081 1287 1351 1341 Rnstituet
1397 1296 1575 1340 autem
1611 1289 1895 1356 propheta,
1938 1297 1991 1341 et
2029 1288 2157 1341 olim

575 1384 952 1451 discrepantes
977 1381 1043 1434 ad
1077 1395 1236 1432 unam
1269 1378 1426 1432 Iidem
1457 1393 1751 1443 revocans,
1801 1395 1819 1429 ι
1857 1388 1910 1432 et
1939 1393 2161 1431 conver-

574 1486 694 1531 tens
741 1473 1013 1528 hominem
1069 1470 1136 1524 ad
1199 1470 1507 1540 proximum
1563 1484 1743 1532 suum,
1799 1481 1866 1521 ne
1922 1468 2156 1532 veniam,

574 1568 768 1639 inquit,
794 1576 848 1620 et
881 1565 1178 1634 percutiam
1213 1573 1412 1616 terram
1437 1561 1677 1630 penitus,
1702 1579 1721 1612 ι
1748 1561 1849 1614 boc
1879 1571 1982 1624 est,
2009 1561 2155 1614 onini

572 1661 783 1717 ratione
824 1668 878 1712 et
918 1655 1261 1710 omnimodis.
1305 1652 1462 1708 Vides
1508 1653 1671 1724 igitur
1721 1654 1994 1708 leuitatem
2048 1652 2154 1706 Do-

573 1754 703 1806 mini
735 1749 1000 1806 omnium.
1032 1745 1193 1800 Prius
1223 1756 1416 1799 auctor
1451 1753 1534 1798 est
1565 1744 1903 1806 mortalibus,
1949 1752 2002 1797 ct
2033 1758 2155 1813 pro-

1572 339 1631 394 8.
1672 339 1945 396 ειιιιιιι
1983 337 2451 396 Αιιεχιιιιυιιιιιι
2491 340 2810 396 ARCHIEP.

1197 474 1214 507 ι
1254 455 1448 512 Parata
1501 457 1639 512 viam
1696 456 1934 524 Domini,
1994 469 2137 512 recta

2284 457 2541 529 Ἰωάννης
2602 455 2872 529 προῆλθεν
2952 473 2970 508 ι
3015 456 3074 510 ὲν
3125 455 3394 527 πνεύματι
3459 458 3546 511 καὶ
3606 460 3806 534 δυνάμει

3724 351 3809 407 864

2283 551 2482 603 Ἠλίου.
2519 568 2536 601 ι
2598 550 2738 602 Ἀλλ’
2791 549 2978 621 ῶσπερ
3043 549 3204 613 αὐτὸς
3261 549 3565 620 διεκήρυττε
3624 551 3804 624 λέγων·

2276 657 2293 690 ι
2317 639 2675 710 Ἑτοιμάσατε
2702 641 2798 710 τὴν
2829 641 2944 693 όδὸν
2985 639 3214 711 Κυρίου,
3244 639 3455 703 εὐθείας
3499 645 3691 697 ποιεῖτε
3723 649 3808 709 τὰς

2267 730 2488 801 τρίϐους
2529 729 2622 783 τοῦ
2673 731 2808 783 Θεοῦ
2859 729 3051 801 ήμῶνι
3083 749 3102 782 ι
3156 728 3298 782 οῦτω
3338 730 3431 784 καὶ
3479 733 3506 784 6
3553 732 3809 800 Θεσπέσιος

2280 823 2466 885 Ἠλίας
2493 823 2658 892 ἐγγὺς
2697 823 2824 875 ὄντα
2849 821 3164 891 διακηρύξει
3191 821 3331 885 τότε,
3368 823 3458 874 καὶ
3481 823 3595 875 ὅσον
3620 825 3808 880 οὐδέπω

2267 917 2662 986 παρεσόμενον,
2711 933 2727 965 ι
2771 916 2858 967 ἵνα
2888 915 3048 986 κρίνῃ
3076 913 3172 982 τὴν
3195 915 3517 984 οἰκουμένην
3543 915 3598 966 ὲν
3627 915 3806 971 δικαιοο

2267 1006 2421 1079 σύνῃ.
2457 1025 2474 1058 ι
2521 1006 2628 1058 Καὶ
2664 1005 2756 1057 νῦν
2803 1005 2900 1074 μὲν
2932 1005 3062 1067 ἴσως
3098 1004 3392 1073 διχονοοῦσί
3416 1022 3575 1068 τινες.
3610 1007 3697 1060 καὶ
3728 1026 3806 1077 μευ

2268 1098 2521 1167 μέρισται
2560 1097 2657 1166 μὲν
2697 1095 2879 1166 πατὴρ
2905 1096 3041 1165 πρὸς
3073 1096 3206 1159 υἱόν,
3235 1096 3348 1158 υἱὸς
3371 1097 3427 1149 δὲ
3459 1097 3532 1159 ῶς
3567 1098 3692 1167 πρὸς
3721 1116 3809 1153 πα·

2261 1191 2416 1261 τέρα.
2449 1191 2505 1242 Ὀ
2531 1188 2628 1259 μὲν
2661 1189 2769 1258 γὰρ
2809 1189 3175 1240 πεπίστευκεν
3203 1189 3280 1250 εἰς
3308 1187 3559 1257 Χριστὸν,
3578 1192 3603 1242 6
3631 1190 3682 1243 δὲ
3711 1195 3807 1255 τοῖς

2262 1281 2578 1342 ἀποστόλοις
2631 1281 2775 1332 ὲστίν
2816 1279 3159 1350 ἐναρίθμιος,
3209 1280 3386 1348 ἕτεροι
3427 1279 3482 1332 δὲ
3522 1280 3808 1349 διεστήκασι

2258 1372 2358 1442 τῆς
2388 1371 2631 1441 ἀλλήλων
2663 1371 2902 1440 ἀγάπης,
2952 1371 3317 1440 διεοῖίισμένοι
3345 1370 3480 1442 πρὸς
3511 1369 3700 1440 ἔχθραν
3725 1373 3807 1424 καὶ

2258 1461 2668 1532 ἀκαταλήκτους
2716 1461 2884 1532 ὀργὰς
2939 1461 3030 1514 καὶ
3095 1463 3192 1522 τὰς
3245 1461 3331 1528 ἐφ’
3377 1458 3577 1530 ὁτῳοῦν
3621 1461 3722 1514 τῶν
3759 1462 3809 1513 ὲν

2259 1551 2450 1622 κόσμῳ
2493 1551 2834 1622 πραγμάτων
2867 1549 3217 1619 φιλονεικίας.
3260 1551 3717 1621 Ἀποκαταστήσει
3753 1568 3806 1620 γε

2262 1647 2368 1716 μὴν
2389 1647 2416 1698 6
2437 1645 2722 1714 προφήτης
2743 1685 2758 1710 ,
2786 1645 2880 1696 καὶ
2911 1645 2990 1704 εἰς
3025 1642 3153 1712 μίαν
3177 1642 3432 1709 συνάγων
3464 1642 3640 1695 πίστιν
3661 1644 3810 1696 πάλαι

2257 1737 2644 1808 διῃρημένους,
2681 1756 2697 1786 ι
2738 1738 2825 1788 καὶ
2860 1733 3231 1796 ἁποκαθιστὰς
3263 1734 3553 1804 ἄνθρωπον
3578 1733 3704 1804 πρὸς
3730 1733 3808 1786 τὸν

569 1844 856 1914 pemodum
903 1825 1238 1911 protestatur
1279 1851 1374 1906 per
1401 1849 1592 1889 vocem
1641 1835 1790 1900 Elite,
1818 1851 1876 1890 se
1913 1833 2140 1905 judieem

2255 1831 2484 1900 πλησίον
2516 1827 2700 1891 αὑτοῦ,
2735 1828 2822 1881 ἵνα
2855 1827 2930 1899 μὴ
2960 1827 3118 1888 ἔλθω,
3153 1828 3308 1896 φησὶ,
3341 1827 3440 1879 καὶ
3478 1825 3692 1889 πατάξω
3724 1825 3810 1894 τὴν

568 1945 880 1995 venturum,
921 1938 976 1983 ut
1016 1926 1262 1984 conversi
1311 1927 1376 1979 ad
1417 1925 1638 1979 meliora
1677 1934 1732 1980 et
1781 1927 1942 1979 vitam
1995 1941 2147 1978 suam

565 2025 917 2080 errrendanles
948 2023 1038 2092 qui
1066 2031 1195 2075 tunc
1226 2019 1461 2074 vixerint
1507 2019 1559 2072 in
1595 2018 1776 2082 terris,
1827 2019 1881 2071 in
1919 2018 2145 2088 rigidum

558 2119 794 2190 iudicem
849 2131 915 2171 ne
962 2115 1228 2178 incidant,
1282 2127 1311 2166 a
1366 2128 1471 2181 quo
1519 2111 1570 2162 in
1629 2109 1874 2164 ﬂarnmas
1923 2128 1942 2160 ι
1986 2120 2040 2164 et
2092 2111 2144 2164 in

564 2211 817 2269 tenebras
851 2207 1154 2262 exteriores
1189 2205 1474 2258 mittantur
1500 2201 1578 2266 “;
1615 2221 1632 2254 ι
1693 2204 1915 2256 audiant
1963 2212 2142 2256 autem

557 2303 741 2373 potius
780 2317 792 2352 :
836 2316 854 2350 ι
898 2297 1125 2358 Venite,
1174 2292 1447 2347 benedicti
1491 2291 1668 2345 Patris
1711 2291 1849 2356 mei,
1890 2292 2151 2360 percipite

562 2404 810 2463 paratum
845 2388 997 2442 vobis
1026 2399 1250 2454 regnum
1283 2398 1312 2435 a
1343 2383 1729 2437 constitutione
1766 2383 1949 2434 nmndi
1987 2382 2052 2436 ³⁵.
2089 2401 2108 2431 ι

2254 1925 2361 1990 γῆν
2399 1921 2599 1992 ἄρδην,
2637 1940 2656 1972 ι
2715 1919 2996 1971 τουτέστιν
3033 1917 3344 1988 ὸλοτρόπως
3396 1917 3493 1970 καὶ
3533 1915 3808 1978 παντελῶς.

2267 2014 2427 2085 Ὁρᾷς
2451 2010 2544 2066 οὖν
2575 2012 2683 2081 ἄρα
2708 2012 2808 2080 τὴν
2834 2011 3150 2081 ἡμερότητα
3172 2010 3265 2063 τοῦ
3290 2011 3512 2063 πάντων
3543 2009 3809 2062 Δεσπότου.

2253 2105 2656 2178 Προαναπεὶθει
2684 2106 2810 2168 τοὺς
2843 2104 2935 2156 ἐπὶ
2963 2104 3060 2173 τῆς
3101 2104 3226 2174 γῆς,
3261 2104 3354 2156 καὶ
3407 2103 3682 2174 μονονουχὶ
3709 2101 3812 2153 διαο

2259 2199 2592 2270 μαρτύρεται
2640 2197 2726 2250 διὰ
2777 2199 2875 2266 τῆς
2934 2195 3116 2250 Ἡλίου
3161 2195 3388 2265 φωνῆς,
3437 2196 3518 2248 ὃτι
3571 2193 3813 2263 παρέσται

2250 2291 2464 2361 κριτής,
2514 2289 2602 2343 ἵνα
2651 2291 2770 2351 ταῖς
2823 2291 2904 2352 εἰς
2949 2289 3012 2342 τὸ
3056 2289 3279 2359 ἄμεινον
3324 2287 3689 2358 μεταδρομαῖς
3735 2282 3814 2336 τὸν

2249 2383 2448 2434 οἰκεῖον
2499 2379 2927 2450 ἐπανορθοῦντες
2965 2379 3081 2450 βίον
3123 2381 3173 2432 οἱ
3214 2378 3276 2431 τὸ
3323 2377 3586 2449 τηνικάδε
3634 2374 3814 2438 ζῶντες

557 2486 656 2540 ἐπὶ
689 2481 788 2553 τῆς
827 2481 930 2552 γῆς
951 2519 965 2544 ,
1005 2476 1080 2549 μὴ
1143 2475 1328 2548 πικρῷ
1397 2473 1741 2545 περιτύχοιεν
1789 2474 2050 2545 δικαστῇ,
2102 2473 2378 2545 πέμποντι
2438 2474 2571 2546 πρὸς
2594 2473 2785 2542 φλόγα,
2816 2491 2834 2523 ι
2893 2472 2986 2525 καὶ
3015 2472 3094 2534 εἰς
3119 2470 3180 2522 τὸ
3210 2470 3410 2532 σκότος
3435 2469 3495 2522 το
3516 2468 3809 2535 ἐξώτερον.»

574 2576 886 2632 Ἀκούσειαν
919 2573 976 2626 δὲ
1017 2571 1251 2642 μᾶλλον·
1292 2588 1310 2620 ι
1339 2567 1526 2632 Δεῦτε,
1560 2571 1606 2622 oi
1651 2567 2004 2638 εὐλογημένοι
2034 2567 2129 2621 τοῦ
2204 2569 2418 2640 Πατρός
2451 2585 2574 2638 μου,
2647 2565 3092 2636 κληρονομήσατε
3117 2564 3217 2634 τὴν
3253 2561 3671 2634 ἡτοιμασμένην
3699 2557 3813 2626 ὑμῖν

561 2667 838 2742 βασιλείαν
871 2665 978 2718 ἀπὸ
1003 2661 1308 2732 καταϐολῆς
1340 2660 1566 2730 κόσμου.
1611 2679 1628 2711 ι

631 2758 797 2815 Vens.
855 2757 910 2811 4.
955 2755 1273 2810 Mementote
1322 2753 1450 2822 legis
1489 2751 1626 2806 Mosi
1665 2753 1800 2806 servi
1845 2754 1966 2817 mei,
2003 2754 2139 2807 sicut

2319 2745 2644 2811 Μνήσθητε
2667 2743 2854 2810 νόμου
2883 2738 3070 2806 Μωσῆ
3114 2735 3221 2791 τοῦ
3252 2736 3488 2791 δούλου
3515 2755 3650 2808 μου,
3691 2739 3816 2792 καθ·

558 2851 780 2920 ρι’ωεειιί
823 2850 870 2903 ei
906 2850 957 2901 in
1013 2844 1188 2899 [Ioreb
1231 2846 1300 2898 ad
1362 2860 1550 2899 mmem
1601 2841 1771 2899 Israel
1801 2857 2060 2914 prwcepta
2087 2851 2140 2896 et

2246 2837 2334 2890 ότι
2361 2835 2751 2904 ἐνετειλάμην
2776 2832 2938 2896 αὐτῷ
2965 2832 3034 2884 ὲν
3081 2831 3291 2898 Χωρὴσ
3324 2831 3486 2898 πρὸς
3510 2829 3701 2884 πάνια
3721 2828 3814 2882 τὸν

566 2940 777 2993 iudicia.

582 2961 777 2993 uarcra.

549 2961 576 3015 J
627 3028 812 3086 XLVI.
852 3027 1088 3081 Rursum
1119 3025 1309 3080 suadet
1344 3025 1619 3094 pmphetae
1647 3037 1929 3080 sermones
1958 3023 2141 3094 legen-

559 3123 702 3177 tibus
726 3121 798 3175 nti
826 3119 1085 3187 cogitent,
1111 3133 1215 3170 non
1244 3132 1435 3170 novatn
1462 3127 1554 3170 aut
1577 3115 1948 3171 inconsuetam
1979 3130 2142 3186 super

555 3212 776 3266 Christo
820 3208 1261 3279 praedicationem
1307 3221 1427 3261 esse
1469 3205 1690 3271 factam,
1728 3222 1902 3276 neque
1945 3223 1975 3260 a
2025 3207 2140 3262 solo

557 3299 816 3355 Malachia
857 3299 1268 3367 przenuntialam
1295 3335 1309 3362 ,
1359 3297 1452 3351 sed
1485 3297 1551 3350 ab
1582 3297 1819 3365 antiquis
1857 3305 1912 3350 et
1951 3297 2139 3366 primis

556 3389 908 3460 temporibus,
937 3396 994 3440 ut
1038 3388 1110 3442 ita
1149 3389 1345 3453 dicam,
1391 3387 1586 3456 quibus
1626 3391 1692 3441 ad
1744 3388 1834 3441 Dei
1889 3390 2136 3442 ιιοιιιὶιιιιι

557 3480 718 3536 Israel
758 3491 980 3534 vocatus
1021 3487 1123 3542 est,
1163 3478 1378 3548 quando
1419 3479 1562 3546 teges
1611 3478 1663 3530 in
1705 3478 1848 3532 Oreb
1877 3479 2138 3535 divinitus

551 3573 721 3646 87o
739 3574 861 3626 lata:
881 3581 1026 3626 sunt.
1054 3571 1344 3624 Descendit
1365 3571 1507 3623 enim
1529 3571 1902 3624 universorum
1925 3571 2063 3625 Deus
2083 3573 2134 3626 in

553 3667 733 3737 specie
756 3665 896 3736 ignis
923 3679 1088 3734 super
1113 3675 1352 3717 montem
1377 3661 1530 3726 Sina,
1550 3665 1906 3732 apparuitque
1933 3661 2131 3727 fumus,

551 3768 608 3814 et
658 3757 890 3811 Ilannnae
937 3755 990 3809 in
1041 3754 1257 3809 sublimi
1309 3755 1596 3817 miCantes,
1647 3763 1701 3808 et
1749 3754 2135 3823 aspicientibus

551 3849 780 3904 multum
814 3859 1076 3902 terrorem
1105 3846 1446 3900 incutientes.
1471 3846 1783 3901 Erantitem
1805 3849 2059 3913 tenebrze,
2081 3858 2136 3902 et

551 3941 748 4012 caligo,
777 3949 831 3994 et
857 3940 1118 4008 procella,
1151 3948 1204 3991 et
1229 3938 1436 3991 sonitus
1464 3938 1604 3992 tuba:
1630 3938 1817 4007 ingens
1839 3937 1927 3991 ³⁵⁵.
1956 3936 2130 4001 Tunc,

553 4044 680 4088 tunc
717 4032 950 4102 perculsi
992 4032 1186 4085 timore
1221 4031 1314 4084 lilii
1370 4029 1560 4094 Israel,
1603 4031 1936 4084 accedebant
1989 4031 2133 4085 dicc-

547 4122 787 4192 bantque
845 4121 1129 4177 mediatori
1174 4130 1228 4175 et
1274 4107 1593 4185 institutori,
1639 4119 1776 4174 Mosi
1819 4121 2069 4177 videlicet
2114 4139 2126 4176 :

553 4233 572 4267 ι
605 4212 874 4284 Loquere,
895 4223 971 4278 tu,
999 4213 1250 4277 nobis,et
1268 4228 1371 4266 non
1391 4211 1646 4282 loquatur
1661 4211 1816 4266 nobis
1847 4213 2126 4279 Dominus,

2169 2913 2212 2970 θ
2257 2929 2494 2994 Ἰσραὴλ
2527 2926 2951 2994 προστάγματα
2979 2923 3076 2976 καὶ
3099 2921 3490 2990 δικαιώματα.

2314 3018 2464 3087 Μετ’.
2505 3016 2812 3071 Ἀναπείθει
2843 3017 3004 3069 πάλιν
3032 3018 3233 3068 ἐννοεῖν
3258 3015 3389 3078 τοὺς
3417 3013 3811 3083 ἐντευξομένους

2241 3116 2353 3176 τοῖς
2393 3112 2486 3165 τοῦ
2528 3111 2806 3180 προφήτου
2849 3109 3027 3176 λόγοις
3055 3109 3136 3160 ὅτι
3167 3107 3240 3177 μὴ
3274 3107 3466 3160 καινὸν
3501 3106 3534 3176 ἢ
3567 3103 3810 3174 ἀσύνηθες

2241 3205 2302 3257 τὸ
2343 3203 2435 3256 ἐπὶ
2490 3201 2710 3273 Χριστῷ
2743 3203 2935 3271 γέγονε
2982 3202 3267 3272 κήρυγμα,
3303 3203 3444 3272 μήτε
3499 3203 3604 3271 μὴν
3641 3201 3811 3268 μόναις

2241 3298 2361 3357 ταῖς
2392 3295 2675 3365 Μαλαχίου
2719 3297 2924 3363 φωναῖς
2958 3293 3493 3364 προαπηγγελμένον
3514 3311 3527 3324 °
3556 3293 3689 3346 ἀλλὰ
3714 3289 3810 3360 γὰρ

2239 3386 2447 3441 ἄνωθέν
2479 3403 2536 3438 τε
2568 3387 2661 3439 καὶ
2697 3386 2757 3450 ἐξ
2783 3386 2956 3456 ἀρχῆς
2977 3427 2990 3452 ,
3019 3387 3110 3437 καὶ
3148 3389 3212 3438 ὲκ
3243 3385 3505 3457 πρώτων,
3544 3387 3630 3438 ἵνα
3654 3383 3810 3446 οὕτως

2239 3481 2508 3549 εἴπωμεν,
2528 3477 2754 3549 χρόνων.
2775 3477 2895 3530 καθ’
2917 3477 3011 3540 οὓς
3037 3476 3294 3546 κέκληται
3327 3479 3471 3548 προς
3501 3473 3810 3543 θεογνωσίαν

2237 3574 2264 3625 6
2300 3570 2534 3642 Ἰσραὴλ,
2564 3571 2660 3622 ὅτε
2680 3571 2804 3632 τοὺς
2833 3571 2890 3622 ὲν
2912 3568 3113 3638 Χωρὴϐ
3147 3569 3590 3639 κεχρησμῲδηκε
3612 3569 3811 3637 νόμους.

2237 3663 2600 3732 Καταϐέὸηκε
2639 3663 2737 3733 μὲν
2758 3662 2866 3732 γὰρ
2889 3665 2917 3716 ό
2945 3662 3052 3714 τῶν
3081 3661 3217 3715 ὅλων
3251 3662 3388 3726 Θεὸς
3419 3665 3478 3715 ἐν
3505 3663 3634 3716 εἴδει
3658 3660 3812 3730 πυρὸς

2235 3756 2327 3809 ἐπὶ
2357 3756 2416 3808 τὸ
2450 3755 2574 3824 ὄρος
2616 3755 2676 3808 τὸ
2722 3755 2874 3816 Σινᾶ,
2922 3753 3205 3823 ἐφαίνοντο
3232 3753 3289 3806 δὲ
3344 3756 3550 3807 καπνοὶ
3583 3755 3700 3824 μὲν,
3729 3750 3811 3804 καὶ

2237 3848 2435 3918 φλόγες
2462 3846 2597 3916 ὑψοῦ
2625 3863 2686 3899 τε
2719 3846 3054 3906 διάττουσαι,
3086 3846 3182 3898 καὶ
3213 3844 3352 3900 πολὺ
3384 3849 3499 3909 τοῖς
3534 3845 3812 3916 θεωμένοις

2234 3939 2559 4009 ἐμποιοῦσαι
2591 3939 2652 3991 τὸ
2685 3938 2867 4006 δεῖμα.
2904 3938 3101 4000 Σκότος
3142 3937 3199 3990 δὲ
3223 3933 3312 4008 ἦν,
3343 3940 3442 3992 καὶ
3478 3941 3695 4009 γνόφος,
3725 3937 3814 3991 καὶ

2235 4033 2453 4096 θύελλα,
2498 4033 2593 4087 καὶ
2643 4035 2795 4103 φωνὴ
2847 4031 2944 4100 τῆς
2989 4031 3312 4099 σάλπιγγος,
3360 4033 3612 4105 ἡκούσης
3660 4030 3810 4101 μέγα.

2233 4127 2368 4179 Τότε
2424 4126 2525 4196 δὴ,
2592 4126 2713 4178 τότε
2763 4123 3049 4193 περίφοὸοι
3106 4125 3397 4192 γεγονότες
3445 4128 3552 4178 υἱοὶ
3616 4120 3816 4195 Ἰσραὴλ

2235 4218 2549 4290 προσῄεσαν
2581 4218 2830 4287 λέγοντες
2857 4235 2936 4288 τῳ
2963 4217 3158 4290 μεσίτῃ
3191 4217 3283 4269 καὶ
3314 4214 3659 4286 παιδαγωγῷ
3677 4214 3814 4282 (Μω-

545 4319 616 4359 ne
657 4279 954 4358 moriamur
995 4301 1060 4356 ³⁸.
1094 4321 1114 4354 ι
1165 4301 1247 4355 Ad
1279 4315 1399 4371 quae
1449 4279 1632 4356 Deus:
1669 4320 1688 4353 ι
1717 4301 1882 4368 Bene,
1931 4304 2126 4374 inquit,

2243 4279 2336 4382 σής
2376 4279 2532 4374 οἶτος
2564 4279 2692 4383 ἧν)ν’
2733 4330 2751 4362 ι
2780 4279 3057 4364 Ᾱάλεινσὺ
3093 4279 3227 4380 πρὸς
3260 4312 3451 4380 ήμᾶς,
3487 4279 3694 4379 καὶ⁷
3731 4307 3816 4358 λιι⁹

546 4396 727 4451 οηιιιὶιι
766 4408 1104 4464 quaecunque
1149 4393 1315 4448 locuti
1359 4401 1503 4448 sunt.
1550 4393 1811 4448 Excitabo
1853 4395 1961 4450 illis
2006 4412 2131 4465 pro—

548 4487 768 4556 phetam
793 4486 861 4542 de
889 4485 1149 4540 fratribus
1178 4485 1440 4554 ipsorum,
1474 4487 1616 4542 sicut
1650 4497 1720 4552 te,
1759 4496 1814 4541 et
1838 4487 1977 4541 dabo
2004 4504 2129 4542 ver-

549 4581 675 4632 hum
715 4592 892 4633 meum
934 4577 987 4631 in
1030 4592 1123 4632 ore
1149 4575 1287 4645 ejus,
1335 4589 1391 4631 et
1437 4577 1684 4646 loquetur
1712 4579 1793 4632 eis
1833 4582 2129 4633 secundum

545 4673 725 4724 omnia
760 4685 878 4738 qua:
911 4672 1238 4723 mandavero
1275 4669 1324 4723 ei
1357 4669 1424 4722 ⁸⁷.
1466 4687 1484 4720 ι
1517 4667 1680 4723 Vides
1707 4674 1981 4738 quomodo
2011 4671 2122 4740 jam

543 4780 572 4813 ιι
596 4761 982 4816 vetustissimis
1005 4761 1344 4830 temporibus
1366 4759 1642 4814 Christum
1665 4775 1820 4815 sacra
1843 4759 2124 4831 Scriptura

541 4855 963 4922 pranuutiavit?
993 4852 1097 4908 Sed
1148 4863 1204 4909 et
1247 4855 1294 4909 si
1351 4854 1474 4923 quis
1522 4853 1745 4908 umbras
1791 4855 1936 4924 ipsas
1986 4855 2123 4925 legis

541 4944 856 5000 examinare
885 4945 1134 5013 voluerit,
1185 4944 1462 5001 Christum
1505 4945 1561 4999 in
1609 4945 1675 5000 iis
1706 4956 1762 5001 et
1807 4949 2121 5017 mysterium

539 5035 656 5103 ejus
699 5036 959 5105 scriptum
991 5037 1382 5107 deprehendet.
1426 5037 1611 5108 Itaque
1635 5038 1848 5096 dicebat
1875 5038 2118 5094 Jndmis:

543 5149 565 5180 ο
600 5126 658 5184 Si
700 5129 997 5185 crederetis
1043 5129 1200 5195 Mosi,
1251 5133 1546 5187 crederetis
1585 5132 1810 5187 forsitan
1843 5142 1898 5185 et
1929 5132 2060 5185 mihi
2103 5147 2118 5183 :

537 5222 606 5275 de
634 5235 722 5275 me
754 5221 900 5276 enim
927 5221 1019 5277 ille
1039 5223 1262 5293 scripsit
1288 5223 1351 5275 ³⁸.
1385 5241 1404 5275 ι
1434 5223 1716 5279 Plenitudo
1740 5223 1884 5278 enim
1910 5223 2046 5292 legis
2067 5230 2123 5278 et

539 5315 926 5382 prophetarum
969 5315 1243 5379 Christus,
1277 5330 1374 5384 per
1416 5329 1600 5385 quem,
1639 5324 1842 5371 etcum
1872 5330 1982 5385 quo
2013 5313 2123 5369 Deo

538 5414 594 5459 ιιι
626 5402 774 5461 Patri
803 5408 994 5477 gloria,
1029 5423 1153 5460 cum
1189 5407 1536 5462 sanctissimo
1572 5406 1778 5476 Spiritu
1810 5407 1864 5460 in
1906 5419 2120 5460 omnem

538 5499 916 5554 aeternitatem.
955 5501 1151 5554 Amen.

2231 4405 2394 4457 λειτω
2425 4403 2560 4474 πρὸς
2597 4404 2743 4472 ἡμᾶς
2768 4403 2794 4455 6
2823 4402 2976 4468 Θεὸς,
3004 4403 3090 4454 ἵνα
3125 4403 3199 4473 μὴ
3236 4402 3634 4472 ἀποθάνωμεν.
3667 4418 3685 4451 ι
3717 4397 3817 4450 Καὶ

2231 4495 2297 4564 δὴ
2333 4495 2468 4566 πρὸς
2509 4493 2683 4547 ταῦτα
2716 4494 2884 4557 Θεός·
2933 4513 2951 4544 ι
2995 4493 3222 4563 Ὀρθῶς,
3269 4495 3451 4564 φησι.
3502 4493 3682 4547 πάντα
3729 4491 3818 4542 ὅσα

2235 4586 2525 4655 ἐλάλησαν.
2558 4586 2852 4656 Προφήτην
2887 4584 3070 4646 αὐτοῖς
3099 4585 3398 4654 ἀναστήσω
3435 4588 3502 4638 ὲκ
3533 4583 3645 4637 τῶν
3673 4579 3814 4634 ἀδελ·

2234 4677 2351 4749 φῶν
2377 4676 2554 4730 αὐτῶν
2585 4675 2773 4746 ῶσπερ
2809 4677 2891 4737 σὲ,
2924 4677 3020 4731 καὶ
3054 4676 3206 4746 θήσω
3235 4679 3365 4740 τοὺς
3389 4676 3592 4746 λόγους
3623 4692 3720 4748 μου
3749 4674 3819 4729 εἰς

2233 4770 2294 4822 τὸ
2330 4768 2506 4837 στόμα
2531 4766 2716 4832 αὑτοῦ,
2755 4767 2850 4820 καὶ
2877 4767 3098 4838 λαλήσει
3120 4767 3302 4830 αὐτοῖς
3325 4767 3480 4821 κατὰ
3519 4769 3700 4822 πάντα
3728 4765 3819 4816 ὅσα

2233 4861 2539 4931 ὲντέλωμαι
2597 4859 2766 4930 αὐτῷ.
2805 4877 2825 4911 ι
2889 4857 3052 4930 Ὁρᾷς
3101 4861 3252 4922 ὅπως
3297 4860 3367 4911 ὲκ
3434 4859 3674 4932 μακρῶν
3720 4853 3820 4910 τῶν

2230 4950 2439 5006 ἄνωθεν
2477 4949 2685 5021 χρόνων
2717 4950 3093 5021 προανεφὼνει
3118 4948 3358 5021 Χριστὸν
3389 4951 3455 5004 τὸ
3494 4950 3740 5022 Γράμμα
3764 4944 3821 4997 τὸ

2231 5042 2411 5113 ἱερόνς
2452 5041 2613 5095 Ἀλλὰ
2643 5042 2736 5094 καὶ
2781 5041 2952 5106 αὑτὰς
2998 5042 3048 5094 ει
3089 5040 3153 5107 δὴ
3189 5039 3440 5112 βούλοιτό
3473 5059 3562 5104 τις
3600 5041 3702 5103 τὰς
3733 5032 3818 5089 τοῦ

2228 5136 2395 5205 νόμου
2423 5133 2737 5204 βασανίζειν
2755 5133 3181 5203 σκιὰς,Χριστὸν
3195 5133 3426 5204 εὑρήσει
3451 5131 3815 5205 γραφόμενον,

2229 5225 2326 5278 καὶ
2358 5225 2420 5278 τὸ
2449 5227 2536 5278 ἐπ’
2567 5224 2717 5295 αὑτῷ
2751 5227 3072 5296 μυστήριον.
3102 5225 3212 5279 Καὶ
3243 5223 3381 5292 γοῦν
3412 5224 3662 5295 ἔφασκεν
3698 5220 3818 5274 ’1ου-

2228 5315 2430 5378 δαίοις·
2484 5335 2503 5367 ι
2546 5315 2608 5368 Et
2640 5317 2953 5368 ἐπιστεύετε
3000 5316 3172 5387 Μωσῇ
3199 5355 3215 5380 ,
3263 5313 3598 5368 ἐπιστεύετε
3637 5313 3702 5362 ἂν
3729 5301 3815 5358 καὶ

2229 5406 2372 5477 ἐμοί·
2408 5408 2535 5478 περὶ
2564 5405 2698 5475 ἐμοῦ
2719 5404 2830 5477 γὰρ
2852 5407 3056 5468 ἐκεῖνος
3083 5405 3311 5477 ἔγραψε.
3340 5423 3360 5456 ι
3398 5405 3690 5472 Πλήρωμα
3715 5393 3815 5478 γὰρ

2229 5475 2397 5568 νόμου
2425 5475 2520 5552 καὶ
2550 5475 2847 5566 προφητῶν
2873 5499 2900 5549 6
2928 5475 3163 5567 Χριστός
3192 5514 3205 5527 -
3251 5495 3320 5546 δι’
3350 5487 3440 5555 οὗ,
3481 5491 3578 5545 καὶ
3612 5487 3728 5560 μεθ’
3757 5475 3812 5536 οὗ

537 5588 614 5660 τῷ
641 5588 759 5661 Θεῷ
805 5593 897 5644 καὶ
931 5593 1106 5665 Ila.st
1131 5595 1164 5663 ή
1195 5592 1319 5657 δόξα
1339 5635 1355 5660 ,
1391 5596 1487 5648 σὺν
1519 5593 1595 5666 τῷ
1639 5594 1892 5664 παναγίῳ
1935 5593 2214 5662 Πνεύματι
2245 5595 2322 5655 εἰς
2348 5593 2472 5656 τοὺς
2504 5591 2728 5654 αἰῶνας.
2773 5593 2964 5661 Ἀμήν.

611 5708 654 5738 ³⁸
694 5708 798 5763 lsa.
838 5726 929 5773 XL,
969 5710 1045 5776 ὅς
1090 5712 1273 5764 Matth.
1317 5727 1403 5776 ιιι,
1449 5713 1534 5766 15.
1613 5713 1656 5744 ³³
1697 5711 1885 5772 Matth.
1928 5729 1980 5775 ιι,
2023 5712 2114 5766 53.

537 5790 652 5851 nx,
696 5780 781 5834 18.
848 5795 1002 5852 seqq.

1081 5781 1125 5813 ³⁸
1167 5775 1339 5837 Exod.
1387 5775 1476 5850 ax,
1526 5783 1607 5838 19.
1655 5785 1695 5816 ³⁷
1741 5784 1896 5838 Deut.
1932 5799 2087 5851 xviri,
2136 5783 2220 5846 l7,
2261 5782 2344 5836 l8.

2221 5712 2265 5742 ³⁸
2306 5710 2492 5762 Matth.
2546 5723 2681 5773 χχιι,
2738 5709 2790 5762 5.
2870 5709 2914 5740 ³⁸
2955 5707 3143 5762 Matth.
3225 5703 3459 5769 xxv,54.
3542 5700 3609 5733 "‘
3651 5693 3810 5753 Exod.

2461 5780 2505 5810 ³⁸
2545 5778 2695 5832 Juan.
2737 5795 2786 5843 γ,
2828 5779 2914 5833 46.
