4098 6476
381 347 506 404 565

1580 359 1940 419 (ΣΟΜΜΕΝΤ.
1984 360 2048 415 ΙΝ
2091 357 2527 415 ΜΑΤΤΠᾸΞΕΜ.
3587 359 3690 415 368

409 512 3669 550 ‘W

661 595 1599 878 SUPPLEMENTUM
1689 718 1851 872 AD
1932 717 2577 876 manu!
2653 721 2754 874 ι.
2873 719 3425 876 Αιιιιτιι.

1254 1172 1942 1330 SANCTI
2058 1074 2839 1329 CYRILLI

955 1451 2128 1552 COMMENTARIORUM
2229 1455 2352 1545 IN
2431 1453 3151 1545 MATTHIEUM

1678 1669 1866 1747 οἱ]λέ
1923 1668 2378 1732 SUPERSUNT

394 1869 475 1919 ει
500 1860 736 1918 Corderii
761 1866 807 1915 et
849 1857 1040 1914 Possini
1063 1857 1244 1912 catenis
1275 1862 1521 1922 excerpta,
1546 1852 1834 1926 intermisit:
1865 1850 2296 1969 fragmentisque
2320 1851 2561 1923 recentius
2599 1865 2665 1906 ex
2694 1851 2861 1906 codice
2903 1849 3201 1906 Coislittiano
3227 1855 3279 1904 J.
3311 1859 3371 1904 Δ.
3404 1855 3693 1921 Cramem,

1485 1924 1531 1969 et
1554 1931 1619 1969 ex
1648 1919 1902 1968 Vaticanis
1963 1929 2045 1969 na.
2073 1919 2232 1967 Mutus
2252 1915 2544 1969 ediderunt.

1485 1924 1531 1970 et
1554 1931 1619 1970 ex
1648 1918 1902 1968 Vaticanis

1963 1914 2045 1983 ης.
2073 1914 2232 1967 Maius
2252 1914 2544 1974 ediderunt.

471 2245 554 2318 (1)
592 2244 928 2314 Εὐαγγέλιόν
957 2246 1075 2299 ἐστι
1121 2242 1279 2314 λόγος
1309 2243 1586 2315 περιέχων
1631 2243 1857 2314 ἀγαθῶν
1904 2243 2029 2312 ἁγ-,

2175 2241 2219 2310 ι
2254 2236 2606 2309 Evangelium
2650 2246 2736 2292 est
2773 2252 2956 2293 sermo
2988 2239 3276 2294 continens
3311 2239 3682 2294 annuntiatio-

392 2340 594 2410 γελίαν
643 2339 991 2410 πραγμάτων
1045 2338 1188 2393 κατὰ
1243 2336 1305 2390 τὸ
1361 2337 1584 2406 εὔλογον
1628 2337 1723 2392 καὶ
1781 2337 1872 2392 διὰ
1934 2337 1997 2390 τὸ

392 2431 636 2502 ὠφελεῖν
664 2429 977 2502 εὐφραίνων
1023 2429 1115 2483 τὸν
1161 2428 1452 2494 ἀκούοντα,
1490 2431 1586 2484 ἐὰν
1617 2429 1994 2502 παραδέξηται

393 2521 458 2573 τὸ
515 2519 1004 2588 ἀπαγγελλομένον
1210 2518 1367 2587 λόγος
1431 2519 1707 2591 περιέχων
1773 2519 1996 2588 ἀγαθῶν

393 2614 734 2686 παρουσίαν,
766 2613 800 2684 ἢ
833 2613 990 2681 λόγος
1019 2613 1381 2684 ἀπαγγέλλων
1410 2612 1884 2686 προσδοκώμενον.

485 2726 694 2794 Ἰησοῦ
726 2727 1010 2797 Χριστοῦ.

470 2842 788 2908 Κυρίλλου
866 2840 1325 2909 Ἀλεξανδρέως.
1381 2842 1512 2897 Ἰαὼ
1560 2843 1660 2915 τὴν
1715 2843 1994 2914 σωτηρίαν

403 2928 656 3006 Ἐϐραίοι
698 2935 906 3002 ἔλεγον.
949 2934 1209 3002 Χριστοῦ
1251 2934 1308 2987 δὲ
1348 2931 1469 2988 εἶπε
1505 2935 1596 2989 διὰ
1631 2935 1692 2988 τὸ
1729 2937 1855 3000 τοὺς
1887 2954 1996 2990 πα·

396 3024 590 3089 λαιοὺς
623 3024 866 3096 βασιλεῖς
896 3043 954 3078 τε
995 3027 1089 3079 καὶ
1124 3028 1291 3096 ἱερεῖς
1325 3026 1402 3097 τῷ
1433 3027 1598 3096 ἐλαίῳ
1623 3026 1873 3098 χρίεσθαι
1904 3027 1994 3081 διὰ

395 3118 495 3171 τοῦ
537 3119 806 3188 κέρατος·
842 3120 871 3171 ὁ
909 3117 966 3170 δὲ
1005 3119 1276 3191 ἡμέτερος
1317 3117 1526 3187 Ἰησοῦς
1557 3119 1791 3189 Χριστὸς
1816 3119 1876 3172 οὐ
1905 3117 1995 3172 διὰ

394 3212 460 3263 τὸ
487 3210 570 3280 τῷ
609 3211 805 3282 κέρατι
839 3209 1130 3282 χρισθῆναι
1170 3227 1276 3280 προ
1313 3207 1394 3282 [σ]
1436 3209 1713 3280 ηγορεύθη
1735 3210 1990 3282 Χριστὸς,

394 3304 538 3357 ἀλλὰ
581 3305 670 3359 διὰ
722 3304 782 3358 τὸ
855 3303 930 3375 τῷ
964 3302 1094 3374 θείῳ
1127 3302 1443 3374 Πνεύματι·
1488 3303 1703 3370 ἀληθῶς
1737 3305 1848 3376 γὰρ
1899 3305 1994 3358 καὶ

393 3397 610 3469 κυρίως
638 3396 802 3459 αὐτὸς
829 3392 942 3466 εἶχε
965 3397 1026 3448 τὸ
1055 3395 1283 3466 Πνεῦμα
1311 3396 1371 3449 τὸ
1394 3394 1570 3464 ἅγιον.

483 3509 628 3564 Υἰοῦ
669 3508 850 3563 Δαϐίδ
880 3508 1018 3563 υίοῦ
1059 3507 1330 3578 Ἀϐραάμ.

2098 2349 2222 2390 nem
2266 2348 2446 2389 rerum
2470 2333 2626 2403 juxta
2657 2330 3010 2401 Evangelium
3045 2333 3098 2386 in
3129 2332 3418 2388 utilitatem
3450 2335 3685 2390 audien.

2099 2426 2188 2489 lis,
2225 2425 2422 2496 gaudio
2455 2439 2579 2478 eum
2628 2422 2868 2478 alliciens
2907 2435 3194 2494 postquam
3223 2426 3499 2496 acceperit
3539 2426 3686 2497 quod

2095 2519 2145 2572 ei
2180 2520 2357 2572 fuerat
2380 2517 2794 2584 annuntiatum;
2827 2527 2920 2570 aut
2943 2531 3125 2572 sermo
3150 2517 3411 2572 bonorum
3437 2517 3686 2575 indicans

2093 2611 2480 2680 praesentiam;
2509 2618 2600 2664 aut
2627 2623 2810 2666 sermo
2839 2611 3262 2682 exspectationis
3295 2612 3585 2683 interpres.

2165 2721 2211 2790 Ῑ,
2249 2724 2301 2780 1.
2335 2723 2466 2778 Jestt
2499 2722 2726 2780 Christi.

2165 2835 2355 2908 Cyrilli
2381 2837 2749 2892 Alexandrini.
2769 2837 2870 2892 Iao
2895 2838 3124 2894 salutem
3160 2838 3371 2894 Hebraei
3408 2841 3683 2897 dicebant.

2097 2928 2300 2983 Christi
2332 2944 2460 2982 vero
2507 2930 2644 2983 dixit
2683 2940 2967 2999 prepterea
3025 2931 3168 2998 quod
3224 2933 3482 3000 antiquos
3530 2950 3686 3005 rcges

2096 3031 2151 3075 et
2171 3022 2481 3076 sacerdotes
2502 3021 2622 3076 Olco
2648 3022 2828 3092 inungi
2851 3022 3093 3078 solemne
3121 3034 3264 3090 erat,
3288 3023 3456 3081 eﬂ‘usa
3488 3025 3541 3081 in
3591 3042 3686 3083 eos

2097 3112 2352 3168 corneola
2389 3114 2603 3184 pyxide.
2633 3114 2824 3170 Noster
2856 3131 2986 3170 vero
3006 3116 3164 3172 Jesns
3193 3117 3441 3174 Christus
3471 3136 3577 3175 non
3606 3122 3683 3175 id.

2097 3205 2245 3260 circo
2272 3207 2418 3276 quod
2453 3222 2621 3261 cornu
2672 3207 2927 3262 inunctns
2955 3208 3027 3264 sit
3053 3209 3352 3279 appellatus
3383 3219 3468 3266 est
3523 3210 3685 3267 Chri-

2096 3307 2233 3362 stus,
2261 3299 2352 3352 sed
2378 3299 2521 3366 quod
2549 3297 2732 3352 divino
2780 3297 2988 3367 Spiritu
3041 3299 3354 3356 delibutus:
3388 3317 3514 3357 vere
3541 3306 3684 3358 enim

2097 3399 2150 3445 et
2187 3391 2404 3460 proprie
2442 3393 2556 3460 ipse
2587 3391 2775 3446 habuit
2811 3391 3073 3461 Spiritum
3103 3403 3377 3449 sanctum.

2165 3502 2298 3558 Filii
2331 3504 2498 3559 David
2532 3499 2628 3573 ﬁlii
2653 3504 2945 3560 Abraham.

479 3619 743 3692 Ἀϐραὰμ
785 3619 843 3672 ὲν
889 3617 1231 3691 ἀκροϐυστίᾳ
1258 3617 1355 3687 ὢν,
1387 3619 1680 3674 ἐπίστευσε
1713 3619 1792 3692 τῷ
1835 3619 1954 3691 Θεῷ
1976 3638 1988 3651 ·
2023 3613 2029 3668 1

2166 3617 2442 3674 Abraham
2475 3633 2599 3674 cum
2623 3618 2801 3674 adhuc
2860 3620 2914 3674 in
2949 3620 3215 3689 praeputio
3275 3628 3423 3676 esset
3455 3621 3686 3676 credidit

392 3709 523 3767 εἶτα
544 3712 835 3784 δεξάμενος
867 3711 968 3775 τὰς
994 3712 1314 3782 ὑποσχέσεις
1342 3713 1438 3766 καὶ
1464 3713 1826 3784 περιτμηθεὶς
1852 3711 1994 3766 ἁλώ-

392 3803 570 3875 δητον
603 3803 702 3873 τὴν
749 3801 936 3856 πίστιν
965 3801 1310 3872 διετήρησεν.
1354 3803 1596 3866 Εἰκότως
1641 3803 1826 3857 τοίνυν
1860 3805 1994 3857 ἁναο

392 3895 664 3966 χθήσεται
702 3893 763 3946 τὸ
795 3892 958 3964 ῥητὸν
994 3893 1076 3956 εἰς
1118 3892 1307 3964 ἕτερόν
1337 3911 1389 3946 τι
1426 3893 1692 3965 θεώρημα
1721 3895 1855 3965 περὶ
1890 3894 1992 3965 τῆς

391 3986 494 4040 τοῦ
544 3985 783 4056 Χριστοῦ
819 3987 1149 4056 Ἐκκλησίας
1193 3989 1293 4058 τῆς
1330 4004 1389 4040 τε
1440 3989 1504 4042 ἐκ
1552 3987 1858 4059 περιτομῆς
1899 3989 1994 4041 καὶ

395 4078 498 4147 τῆς
537 4075 597 4140 ἐξ
627 4075 818 4128 ἐθνῶν.
853 4075 1035 4140 Tum;
1057 4076 1168 4146 γὰρ
1193 4071 1287 4146 ἦν,
1317 4076 1392 4140 ὼς
1419 4075 1587 4144 εἰκὸς,
1611 4077 1720 4129 τῶν
1737 4076 1831 4130 δύο
1847 4076 1993 4131 λαῶν

393 4168 507 4222 τῶν
539 4170 620 4231 είς
642 4167 879 4238 Χριστὸν
911 4171 1374 4222 πεπιστευκότων.
1419 4167 1558 4221 Ἀλλ’
1592 4170 1710 4222 ἐκεῖ
1736 4170 1835 4239 μὲν
1858 4186 1994 4241 προ·

393 4262 535 4333 τέρα
587 4264 621 4332 ἡ
675 4259 1020 4331 ἀκροϐυστία
1059 4261 1160 4334 τῆς
1227 4260 1552 4333 περιτομῆς.
1604 4261 1826 4326 Φύσεως
1882 4263 1992 4334 γὰρ

391 4355 563 4427 ἔργον
593 4356 629 4424 ἡ
659 4352 1018 4424 ἀκροϐυστία,
1055 4353 1276 4424 ἐντολῆς
1313 4353 1372 4407 δὲ
1426 4353 1522 4408 καὶ
1549 4355 1718 4426 νόμου
1757 4356 1790 4426 ἡ
1831 4371 1991 4426 περι-

393 4451 562 4522 τομή’
589 4450 680 4503 διὰ
704 4449 867 4504 τοῦτο
890 4449 1075 4519 ἐκείνη
1096 4449 1299 4521 ταύτης
1329 4453 1702 4522 προηγήσατο·
1727 4451 1820 4504 καὶ
1853 4451 1992 4521 μετὰ

388 4541 576 4596 ταῦτα
605 4543 687 4605 εἰς
730 4542 905 4614 αὐτὴν
936 4546 970 4618 ή
1003 4543 1275 4615 περιτομὴ
1321 4545 1672 4615 ἀνακάμπτει
1693 4560 1708 4576 ο
1744 4545 1866 4598 ἐπεὶ
1899 4546 1992 4599 καὶ

387 4636 613 4707 βέλτιόν
645 4638 764 4690 ἐστι
795 4635 955 4706 φύσις
995 4635 1114 4708 ἅμα
1155 4638 1252 4689 καὶ
1291 4637 1475 4708 νόμος,
1502 4637 1533 4708 ἢ
1563 4638 1624 4690 τὸ
1644 4637 1992 4710 διεστηκέναι
2049 4703 2052 4706 ,

385 4727 492 4782 ἀπ’
536 4725 790 4798 ἀλλήλων
822 4727 1014 4799 χωρίς.
1063 4726 1224 4780 Ἀλλὰ
1265 4729 1361 4781 καὶ
1393 4728 1558 4782 Δαϐὶδ
1588 4727 1761 4792 τύπος
1799 4725 1868 4801 ἦν
1896 4730 1991 4785 τοῦ

385 4817 684 4888 Χριστοῦ⁹
729 4816 826 4870 τοῦ
870 4818 982 4890 γὰρ
1033 4817 1209 4871 Σαοὺλ
1257 4817 1616 4890 ἐκϐληθέντος
1655 4821 1991 4892 ἁντεισήχθη

383 4908 600 4962 Δαϐίδ”
635 4907 782 4962 οὕτω
815 4908 912 4962 καὶ
945 4907 1038 4963 τοῦ
1077 4908 1254 4980 ’Δδὰμ
1292 4909 1383 4963 διὰ
1425 4909 1527 4980 τὴν
1564 4910 1854 4983 παρακοήν
1889 4914 1990 4985 τῆς

399 5001 578 5072 Ἐδὲμ
602 5001 929 5073 διωχθέντοας
958 5004 987 5056 ὀ
1023 5000 1278 5074 δεύτερος
1318 5002 1650 5076 ἁντσισήχθη
1683 5005 1876 5077 mea“,
1913 5006 1992 5071 ὡς

384 5093 458 5145 ἂν
497 5091 643 5164 πρὸς
691 5094 795 5166 τὴν
841 5094 1076 5166 ἀρχαίαν
1113 5095 1268 5160 τάξιν
1304 5093 1396 5150 τὸν
1436 5094 1612 5166 Ἀδὰμ
1643 5095 1738 5151 τὸν
1772 5098 1988 5168 πρῶτον

387 5187 427 5237 ἁ
438 5186 860 5258 ποκαταστήσῃ.

473 5449 596 5505 τοῦ
637 5453 707 5508 δὲ
759 5453 964 5522 Ἰησοῦ
1010 5455 1050 5523 ἡ
1101 5453 1389 5526 γέννησις
1437 5453 1627 5521 οὕτως
1663 5447 1743 5525 ἦν
1763 5471 1778 5488 ’
1836 5459 1998 5524 Μνη-

295 5546 308 5556 ’
386 5543 771 5613 στευθεισης
806 5549 920 5616 γὰρ
970 5546 1084 5617 τῆς
1138 5547 1367 5617 μητρὸς
1415 5547 1602 5602 αὐτοῦ
1638 5549 1873 5615 Μαρίας
1915 5548 1998 5616 τῷ

2098 5552 2412 5620 desponsata
2441 5563 2610 5607 mater
2636 5555 2752 5623 ejus
2794 5553 2971 5609 Maria
2996 5554 3218 5625 Joseph,
3248 5566 3530 5625 antequam
3554 5569 3682 5608 oon.

473 5729 557 5802 (1)
589 5729 795 5802 Catena
847 5731 1114 5797 Crameri,
1165 5749 1218 5800 p.
1263 5732 1413 5788 5.-
1442 5728 1556 5785 Hoc
1607 5728 1990 5802 fragmentum,

2093 3711 2230 3768 Deo.
2278 3712 2479 3766 Deinde
2526 3711 2982 3782 promissionibus
3039 3712 3280 3781 acceptis
3332 3723 3388 3768 et
3452 3714 3684 3769 cireum-

2093 3804 2240 3859 cisus
2291 3803 2608 3858 inviolatam
2645 3802 2940 3858 custodiuit
3000 3803 3185 3860 ﬁdem.
3213 3803 3366 3870 Quod
3399 3805 3542 3860 haud
3585 3807 3685 3863 sb-

2093 3897 2257 3953 surde
2295 3896 2486 3952 referri
2523 3905 2699 3966 potest
2717 3897 2784 3950 ad
2807 3897 3359 3952 aceommodationem
3395 3900 3684 3966 quamdam

2093 3987 2508 4058 signiﬁcationis
2573 3987 2818 4057 mysticae
2877 3987 2946 4041 de
2994 3984 3194 4041 Christi
3240 3986 3511 4054 Ecclesia,
3564 4005 3685 4058 quae

2093 4097 2160 4136 ex
2188 4079 2604 4136 circumcisione
2653 4089 2705 4134 et
2765 4093 2884 4148 quae
2931 4093 3000 4135 ex
3058 4080 3310 4150 gentibus
3359 4093 3684 4154 congregata

2092 4181 2197 4228 est.
2225 4171 2528 4226 Verisimile
2550 4172 2750 4240 quippe
2773 4179 2856 4225 est
2885 4171 2937 4224 in
2969 4170 3076 4225 illis
3124 4185 3242 4239 qua:
3266 4171 3333 4226 de
3369 4173 3684 4227 Ahrahamo

2092 4263 2236 4319 dicta
2269 4272 2396 4317 sunt
2429 4262 2656 4331 ligurum
2707 4261 2938 4316 duorum
2983 4262 3301 4332 populorum
3338 4264 3684 4333 praecessisse

2093 4361 2184 4429 qui
2211 4358 2265 4412 iu
2289 4355 2566 4412 Christum
2596 4354 2972 4410 crediderunt.
3012 4356 3119 4411 Sed
3149 4356 3260 4412 illic
3291 4357 3509 4428 quidem
3535 4361 3684 4428 prius

2093 4449 2506 4505 circumcisione
2544 4449 2866 4517 praeputium
2920 4460 3023 4502 est.
3050 4446 3200 4518 Opus
3250 4451 3394 4504 enim
3439 4450 3542 4505 hoc
3585 4465 3682 4505 na-

2097 4553 2264 4609 turae;
2303 4539 2650 4595 circumcisio
2682 4555 2810 4593 vero
2842 4541 3098 4610 praecepti
3133 4549 3188 4596 et
3221 4541 3376 4611 legis.
3422 4540 3683 4613 Propter-

2092 4648 2157 4688 ea
2229 4633 2424 4688 merito
2481 4633 2611 4687 illud
2662 4632 2803 4687 hanc
2851 4632 3156 4703 prteczessit.
3227 4633 3308 4688 Ad
3381 4643 3684 4688 extremum

2095 4740 2258 4794 porro
2293 4724 2346 4778 in
2380 4724 2706 4794 praeputium
2747 4725 3093 4779 circumcisio
3139 4738 3359 4780 reversa
3401 4734 3506 4780 est.
3541 4723 3684 4780 Sane

2094 4818 2240 4872 enim
2299 4827 2420 4872 erat
2465 4816 2661 4872 melius
2721 4817 3014 4872 convenire
3079 4827 3328 4872 naturam
3380 4825 3436 4872 et
3485 4817 3684 4889 legem,

2097 4923 2260 4978 quam
2279 4908 2543 4963 dissidere
2561 4906 2750 4962 ambas
2772 4908 2841 4960 ab
2868 4907 3119 4962 invicem.
3141 4907 3410 4962 Ctelerum
3440 4917 3496 4962 et
3519 4907 3684 4963 David

2101 5003 2271 5072 iigura
2291 5010 2410 5055 erat
2437 5000 2662 5055 Christi.
2704 5000 2872 5056 Saule
2917 5000 3186 5069 siquidem
3239 4999 3688 5069 ejectosuﬂ‘ectus

2097 5101 2183 5146 est
2241 5090 2411 5147 David
2441 5108 2456 5146 :
2481 5091 2564 5147 sic
2596 5101 2652 5148 et
2673 5091 2885 5147 Adamo
2905 5101 3131 5163 pr0pter
3166 5091 3590 5148 inobedienliam
3619 5107 3686 5149 ex

2101 5179 2271 5236 Edem
2319 5182 2700 5247 exterminata,
2735 5183 3005 5238 secundus
3055 5182 3110 5236 in
3164 5182 3342 5238 locum
3369 5182 3488 5252 ejus
3515 5181 3685 5238 suffe-

2097 5283 2219 5329 ctus
2243 5282 2327 5330 est
2351 5273 2548 5329 Adam.
2569 5273 2765 5346 Utique
2787 5285 2842 5330 nt
2859 5276 2914 5332 in
2936 5277 3228 5340 pristinum
3245 5277 3422 5333 locum
3447 5278 3682 5347 primum

2097 5365 2270 5420 Adam
2307 5368 2639 5424 restitueret.

2172 5459 2213 5524 Ι,
2247 5458 2329 5513 18.
2356 5459 2558 5515 Christi
2589 5471 2765 5516 autem
2796 5462 3066 5532 generatio
3095 5463 3173 5516 sic
3199 5472 3314 5516 erat
3339 5477 3360 5516 :
3389 5461 3522 5516 Cum
3552 5471 3683 5516 esset

2105 5731 2214 5803 (ap.
2254 5732 2356 5790 Mai
2397 5731 2464 5791 Β.
2527 5733 2593 5791 Ν.
2639 5737 2728 5806 Ill,
2783 5744 2910 5809 132,
2984 5755 3016 5794 n
3057 5754 3163 5810 qua
3207 5739 3429 5812 Origenl
3487 5743 3681 5798 tribul-

392 5799 569 5858 antea
618 5800 961 5873 lacunosum,
1015 5799 1324 5861 restituitur
1370 5818 1438 5858 ex
1494 5816 1687 5857 catena
1745 5799 2004 5857 Vaticana
2116 5799 2220 5858 tur.
