4098 6476
296 389 406 444 569

1480 382 1839 440 COMMENT.
1885 382 1948 438 IN
1995 381 2357 453 MATTlIAfJU
2371 383 2416 438 Μ

3501 375 3608 434 370

308 501 593 575 ’Δϐραάμ,
623 501 717 555 καὶ
747 500 924 554 οὐδενὶ
946 499 1382 572 δεδουλεύκαμεν
1421 501 1663 554 πώποτε.
1688 520 1707 554 ι
1746 501 1901 554 'Ertsl
1930 527 1946 565 λ

2051 519 2170 559 nam
2223 501 2552 559 servivimus
2587 502 2623 553 ί.
2661 519 2679 554 ι
2713 499 2848 556 Cum
2893 499 3058 571 igitur
3087 497 3188 553 hoc
3246 505 3412 559 esset,
3461 499 3603 566 quod

295 589 395 650 οὖν
427 593 592 648 τοῦτο
614 587 683 666 ἦν
709 594 738 648 δ
771 592 1011 665 μάλιστα
1040 592 1242 656 αὐτοὺς
1267 593 1344 656 εἰς
1369 593 1630 647 ἀπόνοιαν
1655 589 1779 666 ᾗρε,
1811 595 1906 647 καὶ

2051 596 2250 652 taxime
2295 610 2391 651 eos
2446 594 2504 649 in
2553 592 2869 664 superbiam
2911 589 3196 653 eﬁ‘erebat,
3235 602 3297 642 ac
3325 584 3604 658 perdebat,

296 686 585 752 ἀπώλεσε,
618 686 840 759 πρῶτον
892 683 1270 739 καταστέλλει.
1306 685 1451 756 Ὅρα
1499 686 1555 739 δὲ
1599 687 1717 750 πῶς
1768 685 1907 757 μετὰ

2051 689 2248 744 rimum
2296 687 2589 758 prohibet:
2618 685 2745 741 vide
2809 692 2991 740 autem
3039 680 3314 752 quomodo
3360 693 3483 734 cum
3514 677 3614 732 ho-

296 779 406 850 τῆς
460 781 544 844 εἰς
590 781 683 834 τὸν
732 778 1085 851 πατριάρχην
1126 778 1319 848 τιμῆς,
1367 779 1466 849 τὴν
1514 778 1655 850 ὑπὲρ
1700 778 1910 832 τούτων

2051 796 2147 838 ore
2188 779 2536 852 patriarchae,
2567 779 2633 834 de
2671 778 2824 833 hisce
2876 775 3274 831 correctionem
3322 771 3610 834 instituat;

300 876 551 928 ποιεῖται
578 874 870 947 διόρθωσιν
892 892 906 906 ο
939 875 1114 930 εἰπὼν
1139 875 1248 947 γάρ
1275 891 1285 903 ·
1317 894 1334 926 ι
1360 873 1450 944 Μὴ
1483 874 1674 945 δόξητε
1707 873 1911 942 λέγειν,

2015 873 2210 930 dicens
2240 873 2388 928 enim
2418 890 2432 927 :
2469 890 2487 924 ι
2532 870 2713 927 Nolite
2734 869 2918 924 dicere
2947 868 3072 938 quia
3093 866 3317 922 Patrem
3349 864 3615 920 habemus

301 960 390 1014 ὃτι
429 963 657 1035 Πατέρα
681 963 881 1036 ἔχομεν
905 965 996 1020 τὸν
1034 964 1309 1037 Ἀϐραὰμ,
1345 983 1362 1016 ι
1399 964 1500 1016 οὐκ
1529 959 1712 1018 εἶπεν·
1745 963 1914 1017 Οὐδὲν

2051 965 2332 1030 ιὺινείιαω;
2372 982 2391 1016 ›
2437 978 2548 1019 non
2581 962 2744 1028 dixit,
2779 959 2929 1016 Nihil
2963 959 3109 1014 enim
3158 971 3255 1014 vos
3300 952 3631 1026 patriarcha-

303 1052 421 1124 γάρ
456 1053 603 1123 ὑμᾶς
636 1057 666 1108 6
721 1057 1070 1128 πατριάρχης
1115 1055 1397 1126 ὠφελῆσαι
1448 1055 1762 1125 δυνήσεται·
1797 1054 1913 1110 ἀλλ’

302 1143 672 1216 ἡμερώτερόν
715 1163 836 1211 πως
888 1145 1050 1217 τοῦτο
1101 1145 1355 1217 ᾐνίξατο,
1402 1145 1612 1200 εἰπών·
1674 1165 1692 1198 ι
1742 1146 1916 1199 Δύνα-

2011 1057 2207 1128 jnvare
2229 1063 2427 1126 potest,
2457 1056 2554 1110 sed
2588 1056 2776 1110 mitius
2813 1054 2919 1109 hoc
2947 1048 3349 1122 quodammodo
3378 1047 3616 1103 insinuat

2019 1151 2207 1206 dicens
2236 1166 2249 1203 :
2286 1166 2305 1200 ι
2346 1147 2549 1204 Potens
2579 1157 2664 1204 est
2694 1146 2838 1202 Deus
2869 1145 2937 1200 de
2980 1144 3251 1215 lapidibus
3279 1140 3400 1197 istis
3437 1138 3616 1195 susci-

304 1249 404 1285 ται
433 1235 462 1286 6
497 1233 632 1298 Θεὸς
690 1236 756 1288 ἐκ
798 1235 908 1288 τῶν
939 1235 1104 1289 λίθων
1130 1235 1338 1290 τούτων
1383 1238 1598 1307 ἐγεῖραι
1642 1238 1807 1291 τέκνα
1841 1234 1919 1306 τῷ

2051 1256 2140 1298 are
2189 1241 2331 1297 ﬁlios
2379 1240 2634 1296 Abrahae.
2676 1257 2694 1292 ι
2751 1238 2984 1306 Quidam
3037 1236 3206 1307 igitur
3259 1233 3432 1296 aiunt,
3500 1231 3618 1284 haec

323 1321 606 1394 Ἀϐραάμ.
639 1344 656 1377 ι
694 1325 853 1391 Τινὲς
891 1326 989 1397 μὲν
1019 1320 1112 1379 οὖν
1150 1344 1317 1396 φασιν
1349 1328 1430 1381 ὅτι
1461 1328 1591 1399 περὶ
1617 1327 1727 1382 τῶν
1749 1326 1920 1381 ἐθνῶν

2051 1350 2200 1406 psum
2237 1336 2304 1392 de
2335 1333 2586 1406 gentibus
2627 1333 2848 1398 dicere,
2866 1329 3078 1400 lapides
3113 1343 3210 1383 eos
3241 1320 3619 1394 metaphorice

309 1415 497 1470 ταῦτα
550 1416 727 1486 λέγει,
787 1417 970 1482 λίθους
1021 1418 1221 1482 αὐτοὺς
1275 1418 1663 1490 μεταφορικῶς
1713 1419 1918 1473 καλῶν.

325 1506 479 1576 Ἐγὼ
508 1507 566 1562 δὲ
594 1507 690 1562 καὶ
719 1509 916 1581 ἐτέραν
941 1509 1154 1564 ἔννοιαν
1177 1509 1236 1564 τὸ
1259 1511 1554 1583 εἰρημένον
1585 1514 1730 1584 φημὶ
1752 1511 1918 1584 ἔχειν.

2022 1435 2330 1483 vocantem.
2361 1425 2475 1496 Ego
2497 1439 2628 1481 vero
2669 1423 2835 1479 etiam
2872 1421 3040 1476 alium
3082 1431 3305 1474 sensum
3340 1415 3427 1469 aio
3470 1412 3618 1467 dicto

2025 1518 2155 1576 huic
2183 1517 2428 1573 subesse.
2463 1515 2635 1582 Quem
2693 1521 2875 1570 autem
2928 1510 3121 1567 hunc?
3176 1508 3257 1565 Ue
3296 1501 3624 1562 existimetis

319 1599 502 1654 Ποίαν
533 1600 591 1654 δέ
618 1601 826 1672 ταύτην
848 1619 861 1667 ;
893 1603 985 1672 Μὴ
1012 1603 1296 1674 νομίσητε,
1321 1605 1509 1676 φησὶν,
1534 1605 1619 1658 ὅτι
1646 1606 1741 1658 ἐὰν
1764 1605 1924 1675 ὑμεῖς

2051 1609 2226 1678 nquit,
2263 1607 2310 1663 si
2343 1622 2438 1662 vos
2464 1605 2765 1676 perieritis,
2810 1604 3055 1658 facturos
3083 1597 3456 1671 patriarcham
3503 1591 3621 1647 sine

312 1692 626 1764 ἀπόλησθε,
659 1693 863 1748 ἄπαιδα
923 1697 1182 1766 ποιήσετε
1240 1696 1333 1750 τὸν
1385 1697 1771 1769 πατριάρχην’
1822 1699 1924 1751 οὐκ

2051 1699 2248 1766 iberis;
2287 1714 2392 1754 non
2444 1699 2518 1754 ita
2567 1706 2672 1767 est,
2727 1710 3068 1768 nequaquam
3101 1692 3156 1765 4
3192 1692 3296 1747 hoc
3339 1689 3485 1754 erit;
3518 1685 3643 1740 Deo‘

313 1788 510 1840 εσται·
547 1787 626 1858 τῷ
655 1787 766 1860 γὰρ
814 1787 935 1861 Θεῷ
967 1789 1192 1845 δυνατὸν
1228 1791 1323 1844 καὶ
1369 1790 1478 1844 ἀπὸ
1515 1791 1680 1846 λίθων
1711 1790 1925 1861 ἀνθρώ-

2029 1795 2176 1850 enim
2221 1793 2482 1865 possibile
2529 1801 2614 1848 est
2659 1791 2710 1848 ei
2747 1791 2830 1846 vel
2877 1806 2909 1846 e
2949 1789 3220 1859 lapidibus
3278 1783 3420 1857 ﬁlios
3468 1780 3623 1840 dare,

315 1894 461 1942 πους
494 1882 674 1949 τούτῳ
704 1878 913 1945 δοῦναι,
942 1880 1040 1933 καὶ
1075 1879 1154 1943 είς
1188 1879 1510 1949 συγγένειαν
1537 1880 1752 1934 ἐκείνου
1786 1881 1926 1950 ἀγα-

2051 1898 2086 1944 ει
2122 1889 2174 1944 in
2221 1861 2606 1958 cognationem
2653 1886 2800 1941 illius
2855 1884 3149 1943 adducere,
3183 1873 3622 1950 quandoquidem

315 1973 463 2038 γεῖν,
495 1971 622 2025 ἐπεὶ
657 1973 752 2026 καὶ
779 1972 841 2037 ἐξ
874 1971 1053 2043 ἀρχῆς
1079 1971 1252 2034 οὕτως
1286 1972 1527 2042 ἐγένετο.
1562 1973 1638 2027 Τὸ
1679 1973 1813 2045 γὰρ,
1867 1974 1932 2026 ἐκ

317 2065 492 2120 λίθων
522 2064 850 2136 ἀνθρώπους
875 2065 1158 2136 γενέσθαι,
1192 2067 1380 2138 ὅμοιόν
1414 2068 1532 2120 ἐστι
1559 2066 1656 2138 τῷ,
1698 2067 1806 2122 ἀπὸ
1832 2070 1933 2140 τῆς

323 2154 549 2226 μήτρας
575 2154 798 2226 Σάρρας
829 2156 1049 2228 ἐκείνης
1087 2156 1190 2228 τῆς
1219 2158 1444 2230 στείρας
1482 2159 1772 2230 προελθεῖν
1800 2176 1932 2213 παι-

317 2247 459 2302 δίον.
490 2246 674 2318 ὐπερ
704 2242 798 2302 οὖν
838 2247 935 2301 καὶ
978 2250 1006 2302 6
1054 2250 1349 2322 προφήτης
1395 2251 1772 2322 αἰνιττόμενος
1819 2250 1934 2304 ἔλε-

320 2353 460 2408 γεν.
501 2356 520 2390 ε
561 2336 906 2408 Ἑμσλὲψατε
950 2340 1030 2404 εἰς
1083 2340 1181 2412 τὴν
1215 2340 1444 2413 στερεὰν
1495 2343 1707 2413 πέτραν
1754 2341 1815 2408 ἐξ
1865 2336 1935 2414 ἧς

321 2427 752 2500 ἐλατομήθητε,
803 2429 903 2482 καὶ
953 2431 1034 2494 εἰς
1092 2430 1316 2501 βόθυνον
1374 2432 1469 2486 τοῦ
1517 2434 1726 2488 λάκκου
1762 2435 1822 2502 ἐξ
1874 2428 1936 2490 οὗ

325 2519 655 2592 ὠρύχθητε.
725 2521 1070 2592 Ἐμϐλὲψατε
1117 2525 1202 2587 εἰς
1265 2523 1521 2596 Ἀϐραὰμ
1569 2526 1661 2580 τὸν
1719 2527 1938 2600 πατέρα

324 2611 513 2682 ὑμῶν,
535 2614 630 2666 καὶ
657 2613 738 2677 εἰς
765 2615 988 2686 Σάρραν
1019 2616 1116 2687 τὴν
1141 2615 1441 2672 ὠδίνουσαν
1473 2618 1640 2689 ὑμᾶς.
1668 2637 1686 2670 ι
1717 2619 1938 2692 Ταύτης

324 2704 517 2758 τοίνυν
545 2705 647 2776 τῆς
677 2707 1020 2778 προφητείας
1049 2709 1249 2772 αὐτοὺς
1270 2708 1706 2782 ἀναμιμνήσκει,
1725 2711 1940 2777 δεικνὺς

327 2793 414 2848 δτι
446 2794 497 2847 εἰ
531 2795 592 2862 ἐξ
627 2797 806 2868 ἀρχῆς
833 2799 1001 2853 αὑτὸν
1035 2797 1179 2853 οὕτω
1210 2799 1544 2871 θαυμαστῶς
1578 2801 1804 2874 ἐποίησε
1835 2821 1941 2856 πα-

328 2885 500 2956 τέρα,
526 2886 732 2941 ὠσανεὶ
750 2889 815 2943 ἐκ
829 2888 996 2943 λίθων
1021 2889 1185 2944 αὑτὸν
1206 2891 1454 2963 ἐποίησε,
1479 2892 1706 2946 δυνατὸν
1737 2893 1830 2946 καὶ
1846 2894 1941 2947 νῦν

330 2976 500 3033 τοῦτο
533 2979 810 3048 γενέσθαι.
851 2983 964 3037 Καὶ
1012 2985 1114 3055 ὅρα
1160 2984 1278 3049 πῶς
1337 2985 1432 3038 καὶ
1479 2985 1658 3053 φοϐεῖ,
1701 2987 1798 3040 καλ⁹
1845 2988 1942 3040 ἐκ-

333 3071 555 3126 κόπτει.
590 3073 665 3126 Οὐ
697 3072 810 3146 γὰρ
841 3069 996 3128 εἶπεν
1046 3077 1127 3129 ὃτι
1157 3076 1384 3148 ἤγειρεν
1427 3077 1550 3148 ἤδη,
1581 3077 1668 3130 ἵνα
1699 3077 1772 3150 μὴ
1810 3079 1944 3132 ἀποο

335 3163 548 3232 γνῶσιν
600 3165 832 3232 ἑαυτῶν,
877 3167 994 3220 ἀλλ’
1039 3168 1120 3220 ὅτι
1155 3167 1382 3221 δύναται
1432 3169 1663 3238 ἐγεῖραι.
1707 3169 1820 3222 Καὶ
1845 3169 1945 3222 οὐκ

337 3252 500 3310 εἶπεν
546 3257 633 3311 ὅτι
692 3257 1019 3329 ἀνθρώπους
1054 3260 1281 3314 δύναται
1329 3259 1558 3330 ποιῆσαι
1611 3260 1720 3314 ἀπὸ
1758 3260 1944 3324 λίθων,

337 3349 460 3404 ἀλλ’
500 3349 530 3403 6
560 3350 746 3420 πολλῷ
774 3350 962 3422 μεῖζον
990 3348 1079 3425 ἦν,
1115 3354 1210 3406 καὶ
1238 3355 1526 3422 συγγενεῖς
1552 3352 1585 3424 ἢ
1623 3353 1822 3417 παῖδας
1853 3353 1948 3406 τοῦ

353 3440 640 3512 ’Δϐραάμη
694 3439 848 3508 Εἶδες
883 3443 1003 3508 πῶς
1056 3444 1197 3509 τέως
1249 3444 1565 3516 ἀπέστησεν
1603 3447 1805 3509 αὐτοὺς
1850 3445 1950 3517 τῆς

340 3534 481 3606 περὶ
510 3535 582 3588 τὰ
614 3536 912 3606 σωματικά
939 3539 1267 3607 φαντασίας,
1308 3539 1405 3592 καὶ
1425 3539 1527 3608 τῆς
1555 3541 1635 3603 εἰς
1662 3539 1790 3601 τοὺς
1818 3554 1954 3609 προ-

343 3626 544 3695 γόνους
596 3629 948 3698 καταφυγῆς,
983 3629 1073 3682 ἴνα
1117 3629 1178 3681 ἐν
1215 3631 1281 3700 τῇ
1327 3629 1506 3700 οἰκείᾳ
1548 3628 1811 3700 μετανοίᾳ
1859 3628 1954 3682 καὶ

349 3717 692 3791 σωφροσύνῃ
724 3719 824 3790 τὴν
853 3718 1048 3772 ἐλπίδα
1076 3719 1175 3790 τῆς
1212 3719 1491 3790 σωτηρίας
1520 3717 1741 3790 ἔχωσιν.

419 3809 639 3882 Ὠσπερ
678 3812 787 3882 γὰρ
824 3810 924 3883 τὴν
973 3813 1211 3879 γυναῖκα
1249 3811 1343 3866 τοῦ
1403 3811 1528 3865 Λὼτ
1578 3811 1952 3877 ἀπελίθωσεν,

340 3902 525 3964 οὕτως
558 3901 788 3957 δυνατὸν
814 3903 966 3974 αὐτῷ
994 3903 1092 3956 καὶ
1123 3905 1189 3956 ἐκ
1219 3903 1389 3957 λίθων
1433 3903 1762 3976 ἀνθρώπους
1792 3905 1954 3976 ποιῆ-

347 4011 472 4058 σαι,
503 3994 700 4066 ὥσπερ
725 3995 823 4050 καὶ
855 3996 948 4050 τὸν
981 3996 1156 4068 Ἀδὰμ
1179 3997 1243 4051 ἐκ
1264 4000 1363 4069 τῆς
1389 4000 1512 4070 γῆς.
1550 3998 1750 4051 Σκόπει
1777 3998 1960 4052 τοίνυν

347 4087 451 4140 καὶ
485 4084 580 4140 διὰ
627 4087 739 4141 τῶν
770 4085 918 4158 ἐξῆς
948 4087 1024 4150 ώς
1074 4086 1232 4152 αὔξει
1271 4089 1479 4142 τούτων
1512 4089 1606 4142 τὸν
1640 4087 1829 4157 φόϐον,
1863 4090 1960 4144 κα)⁹

346 4179 620 4234 ἐπιτείνει
654 4180 756 4253 τὴν
782 4180 1050 4248 ἀγωνίαν.
1072 4179 1257 4235 Εἰπὼν
1277 4181 1411 4252 γὰρ,
1441 4199 1460 4232 ι
1499 4182 1624 4235 Ὅτι
1667 4181 1890 4236 δύναται
1931 4183 1960 4235 6

346 4271 491 4336 Θεὸς
547 4273 612 4326 ἐκ
656 4271 768 4327 τῶν
835 4271 1002 4327 λίθων
1072 4273 1280 4328 τούτων
1357 4275 1572 4344 ἐγεῖραι
1647 4273 1812 4328 τέκνα
1881 4271 1960 4345 τῷ

362 4363 650 4437 Ἀϐραὰμ,
702 4385 721 4419 t
764 4367 1082 4439 ἐπήγαγενο

429 4459 591 4530 Ἤδη
626 4459 696 4513 δὲ
726 4461 826 4515 καί
861 4460 899 4528 ἢ
932 4459 1116 4530 ἀξίνη
1149 4462 1300 4531 πρὸς
1337 4459 1454 4529 τὴν
1473 4457 1649 4528 ῥίζαν
1680 4459 1800 4514 τῶν
1826 4459 1962 4514 δέν-

351 4554 525 4625 δρων
544 4554 756 4609 κεῖται.

427 4649 495 4702 Εἰ
527 4647 586 4702 δὲ
620 4647 828 4718 βούλει,
857 4647 1052 4718 ἀξίνην
1085 4648 1280 4719 νόησον
1309 4648 1410 4718 τῆς
1445 4645 1827 4719 ἀθεραπεύτου
1858 4645 1958 4716 ψυ-

2033 1983 2197 2037 etiam
2225 1982 2294 2036 ab
2322 1980 2480 2035 initio
2503 1979 2577 2034 ita
2620 1979 2822 2034 factum
2849 1977 2944 2032 sit.
3007 1971 3272 2028 Homines
3301 1969 3445 2025 enim
3475 1963 3649 2019 nasci:

2034 2089 2101 2130 ex
2139 2073 2414 2146 lapidibus
2456 2072 2640 2129 simile
2671 2080 2758 2126 est
2782 2069 2934 2134 huic,
2964 2067 3030 2123 de
3058 2065 3215 2120 vulva
3251 2061 3402 2118 Sarae
3423 2055 3630 2114 sterilis

2036 2167 2183 2223 illius
2207 2181 2437 2238 puerum
2485 2165 2742 2235 prodire;
2784 2158 3248 2234 quemadmodum
3300 2153 3466 2209 etiam
3495 2163 3627 2220 pro-

2035 2262 2201 2332 pheta
2264 2260 2573 2326 insinuans,
2621 2257 2802 2314 dixit":
2839 2275 2860 2309 ι
2921 2249 3214 2309 Intuemini
3282 2248 3340 2303 in
3394 2244 3646 2301 solidani‘

2038 2363 2246 2425 petram
2273 2367 2337 2407 ex
2369 2366 2475 2422 qua
2513 2349 2681 2406 excisi
2727 2346 2880 2412 estis,
2911 2352 2966 2401 et
3002 2344 3058 2400 in
3108 2341 3362 2398 scrobem
3411 2333 3538 2399 laci,
3563 2347 3633 2386 ex

2039 2461 2146 2516 quo
2197 2443 2380 2501 cﬁ‘ossi
2426 2443 2582 2499 estis.
2640 2439 2936 2496 intuemini
2990 2437 3046 2492 in
3093 2433 3370 2491 Abraham
3421 2435 3632 2499 patrem

2041 2544 2307 2601 vestrum,
2334 2540 2390 2589 et
2420 2533 2472 2587 in
2506 2531 2699 2587 Saram
2731 2527 3053 2600 genitricem
3080 2533 3323 2580 vestram
3355 2522 3396 2576 ’.
3436 2536 3456 2572 ι
3482 2517 3638 2571 Hanc

2043 2628 2208 2698 igitur
2270 2623 2614 2695 prophetiam
2691 2621 2800 2677 illis
2894 2620 2949 2674 in
3018 2615 3346 2674 memoriam
3394 2617 3638 2671 revocat.

2043 2721 2461 2784 demonstrans,
2507 2714 2651 2787 quod
2681 2714 2726 2770 si
2751 2715 2931 2785 ipsum
2963 2711 3032 2766 ab
3085 2709 3244 2765 initio
3286 2706 3422 2763 adeo
3465 2705 3638 2761 mira—

2045 2811 2141 2868 bili
2190 2811 2352 2866 modo
2398 2819 2613 2880 patrem
2660 2807 2861 2871 eﬁ’ecit,
2919 2804 3078 2875 quasi
3112 2819 3181 2859 ex
3233 2800 3415 2872 lapide
3463 2799 3642 2868 ipsum
3706 2843 3713 2848 .

2045 2901 2286 2969 fecisset,
2319 2913 2478 2971 posse
2532 2908 2588 2954 et
2648 2911 2791 2952 nunc
2821 2895 2874 2950 id
2909 2893 3049 2948 ﬁeri.
3079 2893 3147 2948 Et
3199 2890 3343 2958 vide,
3368 2890 3642 2960 quomodo

2047 2992 2210 3048 etiam
2265 2997 2469 3045 terreat
2524 2996 2579 3044 et
2625 2985 2932 3044 exscindat.
2974 2983 3092 3039 Non
3140 2982 3286 3038 enim
3322 2981 3460 3036 dixit
3491 2980 3640 3049 quod

2043 3085 2366 3157 jampridem
2394 3082 2672 3148 excitarit,
2711 3095 2782 3135 ne
2827 3079 3140 3149 desperent,
3171 3075 3266 3132 sed
3301 3073 3446 3144 quod
3474 3073 3646 3142 possit

2051 3177 2356 3244 suscitare;
2393 3190 2571 3245 neque
2607 3172 2763 3240 dixit,
2799 3170 3051 3226 homines
3082 3184 3144 3226 se
3174 3182 3334 3238 posse
3363 3165 3550 3221 facere
3573 3179 3640 3218 ex

2053 3267 2349 3338 lapidibus,
2381 3267 2476 3322 sed
2525 3265 2672 3336 quod
2706 3263 2876 3318 multo
2908 3260 3086 3333 majus
3113 3269 3218 3327 est,
3254 3259 3418 3313 etiam
3444 3270 3647 3326 cogna-

2054 3371 2139 3419 tos
2193 3370 2249 3418 et
2291 3361 2434 3416 ﬁlios
2487 3357 2745 3414 Abrahte.
2801 3355 2969 3413 Vides
3015 3351 3288 3425 quomodo
3324 3350 3432 3405 huc
3477 3362 3664 3417 usque.

2054 3455 2342 3512 abduxerit
2371 3469 2466 3510 eos
2493 3469 2521 3508 a
2547 3467 2811 3523 corporea
2835 3448 3242 3524 imaginatione,
3271 3453 3327 3500 et
3348 3459 3377 3498 a
3416 3455 3644 3498 recursu

2055 3552 2121 3606 ad
2150 3549 2548 3621 progenitores,
2572 3555 2631 3600 ut
2665 3547 2718 3601 in
2747 3546 2968 3616 propria
2991 3539 3335 3615 poenitentia,
3377 3547 3432 3593 et
3465 3552 3656 3592 emen-

2058 3644 2277 3699 datione
2310 3655 2462 3714 spem
2481 3639 2675 3696 salutis
2719 3638 3005 3694 haberent.

2159 3819 2625 3891 Quemadmodum
2685 3817 2832 3874 enim
2890 3828 3119 3871 uxorem
3181 3811 3283 3867 Lot
3321 3810 3374 3865 in
3420 3806 3670 3878 lapidem

2060 3914 2355 3978 convertit,
2416 3912 2492 3968 ita
2557 3923 2625 3964 ex
2694 3906 2968 3980 lapidibus
3029 3903 3279 3960 homines
3352 3897 3654 3969 producere

2060 4013 2294 4078 poterat,
2350 4012 2411 4059 ut
2471 4001 2743 4056 Adamum
2779 4013 2810 4055 e
2858 4009 3026 4054 terra.
3053 3992 3446 4050 Animadverte
3489 3987 3655 4058 igitur

2063 4099 2228 4154 etiam
2284 4111 2352 4151 ex
2407 4094 2780 4164 sequentibus,
2844 4088 3114 4160 quomodo
3194 4086 3390 4141 horum
3463 4087 3683 4148 augeat,

2066 4188 2340 4253 timorem,
2385 4193 2440 4242 et
2493 4193 2773 4240 certamen
2863 4179 3147 4244 intendat;
3213 4176 3402 4231 dicens
3486 4170 3679 4231 enim“

2065 4279 2339 4348 Quoniam
2367 4285 2562 4349 potens
2577 4284 2662 4332 est
2694 4274 2840 4331 Deus
2866 4289 2933 4331 ex
2953 4271 3226 4344 lapidibus
3244 4267 3362 4325 istis
3385 4263 3675 4323 suscitare.

2067 4371 2210 4427 ﬁlios
2231 4369 2490 4436 Abrahae,
2518 4385 2537 4420 ι
2577 4367 2859 4438 subiungit
2889 4381 2904 4421 :

2139 4462 2267 4519 1am
2311 4462 2452 4518 enim
2512 4460 2714 4516 securis
2766 4459 2836 4514 ad
2899 4458 3130 4513 radicem
3176 4454 3427 4512 arborum
3490 4451 3680 4523 positu.

1994 4571 2038 4626 ι)
2067 4563 2163 4609 est.

2147 4645 2244 4702 Sin
2288 4659 2418 4700 vero
2477 4643 2582 4710 vis,
2647 4642 2882 4699 securim
2956 4639 3195 4712 intelligo
3247 4637 3663 4694 immedicabilis

349 4741 464 4812 λιῆς
493 4739 594 4811 τὴν
621 4741 890 4813 ἐκτομὴν.
927 4741 992 4795 Ἦ
1031 4740 1189 4812 ἀξίνη
1222 4740 1385 4804 αὐτός
1416 4739 1564 4792 ἐστιν
1588 4740 1616 4792 6
1653 4739 1912 4810 Χριστὸς,
1942 4762 1946 4783 ι

2073 4738 2270 4794 anima:
2299 4737 2658 4794 excisionem.
2699 4733 2924 4791 Securis
2952 4746 3036 4789 est
3068 4734 3183 4803 ipse
3205 4730 3458 4787 Christus
3489 4727 3687 4800 gladiis.

349 4830 682 4904 τομώτερος
717 4835 1000 4906 μαχαίρας
1050 4832 1332 4904 διστόμου,
1365 4833 1394 4886 6
1437 4831 1650 4904 μέλλων
1675 4829 1970 4884 ἐκκόπτειν

351 4927 492 4990 τοὺς
523 4926 790 4990 ἀπίστους
824 4926 1144 4991 Ἰουδαίους,
1187 4927 1298 4980 ἀπὸ
1331 4926 1431 4996 τῆς
1464 4923 1577 4979 τῶν
1610 4921 1971 4994 πατριαρχῶν

352 5018 533 5090 τιμῆς
566 5018 664 5071 καὶ
698 5017 1008 5083 κοινωνίας,
1039 5016 1116 5081 ὠς
1145 5016 1256 5070 ἀπὸ
1287 5015 1446 5087 ῥίζης
1479 5013 1645 5079 τινὸς,
1687 5012 1970 5084 ἐγκεντρί-

355 5111 484 5177 {etv
533 5110 594 5164 δὲ
624 5112 708 5176 εἰς
735 5110 946 5183 ταύτην
979 5111 1108 5176 τοὺς
1139 5110 1201 5176 ἐξ
1230 5109 1403 5164 ἐθνῶν
1431 5106 1839 5171 πιστεύσαντας
1863 5106 1964 5178 (νί).

437 5297 458 5328 ⁸
488 5294 652 5353 Joan.
689 5309 811 5364 rut,
838 5295 928 5351 3'5.
1008 5296 1028 5327 ²
1052 5292 1154 5350 lsa.
1184 5310 1258 5359 LI,
1286 5294 1339 5361 i,
1363 5293 1419 5349 2.
1443 5357 1460 5364 _

439 5479 524 5549 (Ι)
559 5477 731 5549 Aliter
755 5473 959 5549 Qatena
1004 5475 1256 5549 ϐρωθζίἰῇ
1286 5472 1516 5549 ιοιη-ηἰι,
1565 5490 1618 5545 p.
1654 5474 1763 5549 βξ),
1796 5477 1961 5549 etiam

365 5544 477 5608 Sub
504 5544 736 5616 nomine
765 5546 952 5616 Cyrilli
975 5565 1000 5600 ’ζ
1039 5547 1172 5599 Τίνα
1199 5544 1604 5616 λέγειάξίνην;
1642 5546 1811 5599 Οὐδὲν
1838 5546 1968 5601 ἀλλο

365 5625 402 5695 ἢ
430 5619 535 5695 τὴν
570 5615 880 5690 μέλλουσαν
904 5616 1128 5695 κόπτειν
1153 5617 1262 5695 ἀπὸ
1301 5615 1410 5695 τῷν
1453 5616 1812 5695 πατᾼριαρχῶν
1831 5616 1968 5695 Δτοὺς

372 5687 582 5765 μάτην
607 5689 1214 5765 καυχησαμένουςηκαὶ
1260 5687 1426 5765 μηδέν
1457 5703 1522 5765 τι.
1555 5687 1970 5765 ἐργασαμένους

371 5756 588 5830 ἀγαθόν
609 5774 622 5787 ⁸
655 5756 749 5811 δεῖ
921 5761 1049 5821 τοὺς
1088 5758 1196 5811 ἀπὸ
1228 5756 1336 5810 τῶν
1377 5756 1639 5830 τοιούτων
1689 5756 1973 5830 ἀκάρπους

375 5827 680 5904 γέγονότας
712 5827 1006 5885 ἐκκόπτειν
1038 5846 1093 5881 τε
1132 5831 1224 5884 καὶ
1263 5830 1341 5893 εἰς
1372 5828 1484 5899 πῦρ
1527 5827 1760 5898 βάλλειν.
1802 5827 1976 5895 Quam

2071 4829 2309 4899 ancipite
2361 4828 2596 4894 acutior,
2659 4827 2756 4898 qui
2807 4827 3098 4882 excisurus
3137 4831 3222 4879 est
3277 4822 3526 4879 inﬁdeles
3569 4820 3665 4877 ,ιιι-

2069 4923 2216 4978 datos
2273 4935 2304 4975 a
2365 4920 2803 4991 patriarcharum
2866 4919 3074 4974 honore
3129 4933 3194 4973 ac
3247 4917 3666 4973 communione.

2070 5013 2532 5086 quemadmodum
2565 5027 2595 5067 a
2629 5011 2816 5069 radice
2845 5010 3046 5082 aliqua,
3083 5011 3138 5068 in
3169 5025 3291 5068 eam
3326 5009 3510 5067 ﬁdeles
3542 5025 3688 5081 κοιλ-

2070 5109 2202 5162 tium
2243 5108 2568 5162 lnserturus.

2071 5473 2197 5526 dicit
2229 5471 2451 5525 securim
2481 5469 2505 5524 ?
2548 5469 2670 5525 Nan
2709 5470 2872 5524 aliam
2901 5485 3057 5538 quam
3100 5482 3215 5535 qua:
3252 5464 3495 5519 excisum
3527 5473 3602 5514 est
3638 5481 3668 5514 a

2072 5543 2392 5610 patriarchis
2437 5551 2672 5610 posteros
2703 5555 2907 5603 eorum,
2938 5538 3137 5610 frustrri
3182 5547 3226 5589 el
3252 5551 3415 5610 suprq
3456 5539 3667 5610 modum

2075 5604 2140 5666 de
2167 5615 2415 5681 prosapia
2437 5604 2552 5666 'sua
2585 5610 2894 5681 gloriantes,
2934 5604 3050 5661 cum
3078 5606 3290 5681 illorum
3321 5604 3671 5681 imitationem

2079 5675 2364 5754 negligant,
2390 5693 2436 5736 et
2464 5675 2721 5754 nihil-ipsi
2743 5679 2870 5731 ~boni
2902 5688 3079 5746 agant.
3112 5675 3502 5742 .‘Equissimum
3528 5677 3667 5754 enim

2081 5746 2164 5808 εεῖ
2191 5746 2257 5808 ea:
2297 5763 2403 5806 tam
2454 5751 2746 5819 fructiferis
2787 5755 2991 5801 truncis
3039 5757 3180 5801 ortos
3230 5764 3424 5814 ramos,
3453 5746 3673 5816 proprio

2085 5826 2207 5880 vitio
2239 5823 2439 5878 steriles
2465 5823 2723 5887 excidere,
2753 5831 2797 5875 ct
2831 5822 2884 5873 in
2914 5821 3083 5889 ignem
3118 5819 3319 5889 jacere.
