4146 6506
531 377 634 439 375

1593 407 1654 463 S.
1692 405 1971 463 CYltlLLI
2011 406 2487 469 ALEXANDRINI
2528 412 2852 473 ARCHIEP.

3713 427 3808 485 376

619 515 847 574 Carnali
874 518 1043 576 cultui
1076 520 1281 578 cultum
1313 522 1367 579 in
1397 524 1593 597 spiritu
1644 542 1710 585 ac
1739 529 1969 585 veritate
2008 531 2117 587 sub-

2313 532 2391 604 (i)
2436 534 2583 589 Ἀντὶ
2604 535 2706 606 τῆς
2736 536 3004 608 σαρκικῆς
3032 533 3291 605 λατρείας
3330 534 3620 608 εἰσήγαγεν
3645 543 3671 595 6
3704 544 3798 598 Κῦ-

553 607 731 665 stituit
760 609 1045 667 Dominus.
1077 613 1217 682 Quin
1256 616 1395 673 adeo
1437 634 1558 690 quae
1593 635 1660 676 ne
1690 622 1987 678 carnaliter
2017 623 2139 692 qui-

553 704 678 757 dem
711 701 883 759 ιιιόωί
918 702 1152 761 fortasse
1187 707 1458 778 agebant,
1494 708 1609 765 hac
1629 710 1952 782 spiritaliter
1980 711 2137 767 Chri-

2244 642 2359 695 ριος
2387 625 2487 699 τὴν
2520 630 2579 681 ἐν
2619 627 2893 700 πνεύματι
2930 628 3024 681 καὶ
3067 627 3300 700 ἀληθείᾳ.
3383 631 3476 683 καὶ
3506 632 3638 703 τάχα.
3668 633 3798 708 άπερ

2240 715 2363 769 οὔτε
2390 717 2672 789 σαρκικῶς
2694 720 2912 773 ἐποίουν
2946 720 2994 772 οί
3020 719 3287 785 Ἰουδαῖοι,
3315 720 3487 775 ταῦτα
3518 721 3609 775 νῦν
3649 742 3796 778 πνευ-

549 795 619 850 sti
650 803 819 865 agunt
846 796 1117 868 discipuli.
1155 799 1526 867 Quamobrem
1572 821 1592 858 ¢
1647 805 1719 858 ait
1754 823 1767 859 :
1828 805 1941 860 lota
1969 820 2117 859 untm

2243 810 2490 879 ματικῶς
2529 812 2578 864 oi
2631 812 2870 881 Χριστοῦ
2926 811 3169 883 μαθηταὶ
3200 811 3444 866 ποιοῦσι·
3490 812 3567 866 διό
3616 833 3794 887 φησιν’

550 895 643 943 aut
679 904 819 944 unus
849 904 988 960 apex
1017 906 1126 947 non
1159 893 1613 963 praetermittetur
1661 897 1728 951 de
1776 897 1927 968 lege,
1961 896 2117 954 donet

2242 916 2262 950 ι
2300 899 2453 953 Ἰῶτα
2470 900 2527 954 ἓν
2557 899 2591 972 ἢ
2619 901 2717 972 μία
2741 903 2937 973 κεραία
2966 902 3025 956 οὐ
3054 904 3127 973 μὴ
3154 902 3398 975 παρέλθῃ
3426 904 3489 956 ἐκ
3512 904 3601 958 τοῦ
3628 908 3797 977 νόμου,

547 982 731 1036 omnia
767 980 919 1039 fiant.
960 1003 979 1037 ι
1013 983 1363 1057 Perspicuum
1387 997 1505 1058 est,
1544 999 1737 1047 cuncta
1784 989 1999 1049 Judmos
2027 1008 2132 1048 non

550 1072 766 1141 fecisse,
821 1075 902 1130 vel
933 1075 979 1132 si
1018 1078 1150 1133 olim
1186 1079 1467 1148 fecerunt,
1518 1081 1632 1154 jam
1675 1099 1819 1139 nunc
1857 1085 2135 1143 desierant

546 1164 764 1233 facere,
830 1169 1090 1238 prohibiti
1160 1173 1391 1239 scilicet,
1434 1176 1594 1231 modo
1654 1190 1841 1248 regum
1913 1180 2132 1249 timore,

546 1259 707 1314 modo
735 1262 915 1330 templi
939 1264 1334 1332 destructione,
1354 1268 1404 1322 in
1427 1284 1536 1339 quo
1563 1285 1669 1325 uno
1694 1270 1960 1327 sacriﬁcia
2002 1289 2130 1343 per-

544 1350 629 1418 agi
656 1352 962 1422 oportebat.

613 1440 682 1507 ν,
719 1442 804 1498 i9.
841 1444 947 1511 Qui
971 1446 1181 1504 solverit
1214 1467 1375 1505 unum
1421 1452 1484 1507 de
1536 1453 1801 1509 mandatis
1852 1455 1972 1509 istis
2016 1456 2125 1509 mi-

543 1548 720 1586 ηιηιισ.

612 1627 717 1693 Qui
745 1629 826 1684 vel
864 1645 1028 1687 unum
1063 1632 1198 1704 legis
1222 1643 1552 1707 praeceptum
1578 1637 1746 1703 delet,
1774 1638 1984 1695 deletur
2012 1640 2127 1710 ipse

540 1731 569 1769 a
603 1714 753 1784 Deo,
803 1728 990 1792 utpote
1044 1722 1142 1779 Dei
1196 1725 1576 1795 adversarius,
1615 1737 1670 1783 et
1704 1739 1896 1785 contra
1951 1731 2124 1802 legem

2236 989 2341 1054 ἕως
2369 992 2549 1046 πάντα
2585 993 2843 1064 γένηται·
2879 1012 2898 1046 ι
2937 993 3093 1064 δῆλον
3123 995 3209 1049 ὅτι
3238 995 3298 1047 ού
3341 995 3517 1048 πάντα
3557 997 3800 1070 ἐποίησαν

2234 1084 2285 1137 oi
2317 1084 2599 1139 Ἰουδαῖοι·
2627 1084 2659 1157 ἢ
2684 1086 2789 1140 κᾶν
2827 1086 3110 1158 ἐποίησαν,
3164 1086 3469 1140 ἐπαύσαντο
3500 1087 3589 1141 τοῦ
3623 1094 3798 1155 ποιεῖν,

2239 1175 2438 1246 μηκέτι
2470 1177 2913 1249 συγχωρούμενοι
2944 1179 3171 1248 ποιῆσαι
3200 1179 3360 1245 αὐτὰ,
3389 1182 3464 1249 πῆ
3500 1181 3594 1250 μὲν
3620 1181 3703 1235 διὰ
3720 1184 3800 1237 τὸν

2234 1268 2401 1336 φόϐον
2429 1267 2538 1321 τῶν
2562 1268 2852 1340 βασιλέων,
2877 1273 2953 1342 πῆ
2993 1270 3049 1324 δὲ
3081 1271 3176 1325 καὶ
3202 1270 3279 1343 τῷ
3305 1272 3697 1328 καταλελύσθαι
3725 1276 3806 1330 τὸν

2232 1358 2379 1421 ναὸν,
2413 1359 2469 1411 ἐν
2505 1352 2549 1427 ᾧ
2572 1359 2718 1431 μόνῳ
2749 1359 2856 1413 ἔδει
2880 1361 2982 1425 τὰς
3014 1360 3208 1425 θυσίας
3245 1362 3629 1419 ἐπιτελεῖσθαι.

2310 1450 2407 1515 Ὃς
2436 1449 2545 1503 ἐὰν
2585 1446 2700 1505 οὖν
2725 1452 2889 1521 λύσῃ
2939 1453 3089 1523 μίαν
3138 1451 3256 1507 τῶν
3287 1452 3555 1509 ἐντολῶν
3593 1456 3810 1511 τούτων

2231 1540 2349 1594 τῶν
2388 1543 2751 1612 ἐλαχίστων.

2313 1634 2371 1686 Ὀ
2405 1634 2613 1688 ἀθετῶν
2644 1634 2719 1704 (2)
2755 1634 2882 1706 μίαν
2909 1634 3017 1688 τῶν
3059 1633 3154 1688 τοῦ
3205 1636 3372 1706 νόμου
3417 1637 3663 1697 ἐντολῶν,
3690 1637 3802 1691 aes.

2226 1725 2401 1776 τεῖται
2437 1723 2587 1794 παρὰ
2613 1723 2705 1776 τοῦ
2732 1724 2868 1777 Θεοῦ
2894 1725 2969 1787 ὡς
2997 1723 3291 1795 θεομάχος.
3333 1724 3431 1777 καὶ
3472 1724 3803 1795 ἀντινομοθε-

537 1803 658 1874 ejus
683 1823 870 1879 agens.
921 1811 1035 1868 lmo
1076 1830 1222 1871 nunc
1276 1817 1345 1873 ab
1395 1817 1711 1890 evangelica
1751 1822 1869 1892 lege
1904 1836 2117 1891 poenam

2225 1814 2336 1868 τῶν
2360 1814 2438 1885 τῷ
2461 1813 2579 1887 Θεῷ
2613 1815 2688 1887 (5)
2711 1832 2725 1847 ·
2759 1816 2855 1869 καὶ
2878 1815 2974 1868 νῦν
3015 1817 3081 1869 ἐκ
3118 1814 3214 1868 τοῦ
3252 1815 3615 1884 εὐαγγελικοῦ
3653 1817 3803 1886 νόμου

535 1899 813 1968 perferet,
853 1918 1012 1974 quam
1044 1907 1220 1976 prisca
1254 1908 1336 1963 lex
1392 1924 1496 1964 non
1535 1881 1834 1967 inferebat:
1884 1881 2117 1986 Ideoque

2231 1881 2445 1977 δέχεται
2468 1881 2568 1977 τὴν
2604 1881 2897 1979 τιμωρίαν,
2923 1908 2989 1977 ἣν
3021 1908 3049 1960 6
3080 1906 3246 1977 νόμος
3268 1881 3443 1961 πάλαι
3473 1909 3574 1961 οὐκ
3602 1904 3667 1978 ἦν
3697 1881 3802 1979 69i-

535 1998 591 2044 et
616 2005 1011 2063 consequenter
1034 1999 1110 2053 ait
1131 1999 1380 2056 Christus
1410 2020 1422 2056 :
1463 2021 1482 2055 ι
1518 2000 1633 2058 Non
1663 2008 1787 2059 veni
1818 2006 1989 2076 legem
2014 2009 2123 2062 sol-

535 2096 699 2147 vere.
729 2086 828 2142 sed
859 2088 1176 2159 adimplere.
1211 2111 1230 2144 ι
1263 2091 1417 2160 Quod
1452 2096 1596 2149 enim
1634 2096 1705 2152 ibi
1739 2098 1941 2153 dictum
1982 2099 2118 2168 fuit,

535 2172 624 2230 hic
654 2185 738 2231 est
760 2178 1083 2249 perfectum.
1109 2180 1167 2238 In
1198 2183 1349 2256 lege,
1383 2198 1541 2256 puta,
1567 2187 1767 2243 dictum
1797 2188 1897 2246 fuit
1927 2210 1942 2247 :
1976 2211 1994 2245 ι
2017 2193 2122 2248 Co~

533 2279 648 2321 ram
673 2283 809 2324 cauo
840 2272 1016 2342 capite
1052 2288 1318 2347 consurge
1342 2278 1386 2332 '.
1419 2298 1438 2331 ι
1497 2280 1608 2336 Et:
1646 2300 1665 2334 ι
1706 2282 1763 2338 Si
1801 2284 2002 2339 videris
2032 2283 2121 2352 ju-

532 2368 780 2414 tnentum
834 2362 1041 2420 inimici
1096 2366 1173 2420 tui
1212 2369 1313 2423 sub
1359 2373 1574 2427 sarcina
1603 2372 1853 2443 lapsum,
1904 2375 1985 2430 fer
2016 2376 2118 2446 ipsi

530 2462 691 2519 opem
721 2451 790 2507 ad
822 2452 956 2509 illud
1000 2455 1399 2515 sublevandum
1434 2460 1477 2518 ⁸.
1520 2480 1540 2515 ι
1598 2464 1851 2520 Attamen
1900 2465 1943 2521 si
1997 2468 2119 2535 quis

531 2539 651 2599 haec
676 2555 945 2617 praecepta
977 2557 1348 2621 transgressus
1387 2554 1600 2622 fuisset,
1636 2572 1854 2626 poenam
1914 2559 2115 2616 nullam

498 2632 619 2713 (lex
671 2634 992 2707 indigebat:
1027 2656 1189 2711 quam
1238 2646 1457 2716 quidem
1509 2648 1812 2719 adimplens
1867 2649 2117 2708 Christus

531 2724 645 2791 ait,
702 2726 976 2785 hominem
1040 2731 1348 2804 huiusmodi
1399 2737 1452 2792 in
1489 2753 1658 2811 regno
1706 2740 1801 2796 Dei
1829 2740 1947 2798 fore
1976 2756 2112 2799 con-

529 2820 902 2876 temnendum.
932 2820 1048 2879 Hoc
1078 2825 1262 2897 itaque
1290 2829 1399 2884 etsi
1433 2831 1724 2887 minimum
1757 2844 2111 2904 praeceptum,

528 2906 685 2979 cujus
710 2911 893 2970 violati
928 2914 1058 2971 olim
1093 2918 1238 2974 nulla
1270 2929 1391 2977 erat
1438 2922 1672 2979 vindicta
1694 2965 1711 2991 ,
1753 2926 1797 2979 si
1820 2926 1947 2996 quis
1973 2926 2115 2983 dele-

526 3000 707 3068 verit,
742 3001 831 3059 hic
862 3004 918 3059 in
950 3021 1092 3062 novo
1119 3007 1323 3065 findere
1347 3026 1566 3081 poenam
1610 3013 1837 3071 referet.

598 3088 651 3177 7
683 3088 787 3157 Qui
821 3104 998 3149 autem
1029 3097 1213 3167 fecerit
1237 3109 1290 3154 et
1327 3101 1590 3173 docuerit,
1631 3104 1716 3160 hic
1761 3121 1987 3177 magnus
2020 3123 2113 3162 va-

527 3172 738 3233 cabitttr
759 3180 815 3237 in
843 3199 1001 3256 regno
1032 3187 1304 3245 calorum.

599 3267 756 3335 Quod
785 3272 874 3329 hic
902 3278 969 3331 de
992 3279 1371 3352 conjungenda
1420 3282 1621 3338 actioni
1655 3283 1904 3341 doctrina
1950 3286 2110 3343 Chri-

527 3369 648 3415 stus
681 3373 891 3432 monet,
927 3376 1060 3436 puto
1094 3370 1147 3425 in
1186 3370 1306 3443 lege
1339 3371 1709 3443 significatum
1758 3377 2113 3436 distinctione

526 3454 856 3512 mandarunt
885 3461 1192 3532 pecudum;
1226 3481 1464 3535 quarum
1499 3483 1642 3525 unus
1674 3484 1742 3525 ex
1774 3470 2113 3528 characteri-

526 3545 635 3601 bus
659 3558 806 3615 erat,
838 3548 1000 3608 fissas
1033 3554 1270 3624 ungulas
1297 3558 1496 3627 pedum
1528 3558 1769 3628 habere;
1814 3576 1924 3632 quo
1950 3565 2113 3621 tacite

523 3637 903 3706 praescribitur
944 3643 1159 3701 bisulco
1197 3647 1357 3717 pede,
1382 3650 1841 3722 consideratione,
1863 3654 2106 3726 inquam.

524 3737 581 3783 et
618 3732 802 3802 praxi,
836 3734 1224 3793 ambulandum
1275 3753 1400 3796 esse
1444 3742 1623 3809 nobis,
1653 3753 1713 3799 ut
1752 3761 1927 3817 neque
1971 3762 2108 3820 aga-

525 3837 649 3879 mus
699 3825 822 3881 sine
886 3830 1371 3899 contemplatione,
1425 3848 1604 3906 neque
1679 3838 2111 3909 contemplemur

2234 2014 2363 2062 σας·
2390 1997 2470 2052 διὸ
2501 1998 2594 2051 καὶ
2621 1998 2931 2063 ἀκολούθως
2976 1999 3123 2068 λέγει
3170 2000 3199 2052 ὁ
3229 2000 3493 2070 Χριστὸς,
3533 2001 3612 2054 ὅτι
3640 2020 3658 2052 ι
3700 2001 3805 2054 Οὐκ

2229 2085 2393 2161 ἦλθον
2421 2089 2728 2143 καταλῦσαι
2755 2088 2846 2141 τὸν
2863 2089 3047 2160 νόμον,
3078 2088 3217 2143 ἀλλά
3247 2089 3544 2162 πληρῶσαι
3567 2104 3580 2119 ·
3613 2110 3631 2140 ι
3656 2089 3682 2143 ὃ
3706 2089 3806 2159 γὰρ

2228 2181 2347 2235 ἐκεῖ
2380 2180 2586 2249 ἔλεγεν,
2617 2175 2719 2234 ὧδε
2743 2181 2809 2235 ἂν
2834 2180 3127 2252 ἐπληρώθη
3154 2197 3168 2211 ⁸
3201 2175 3312 2234 οἷον
3334 2183 3395 2234 ἐν
3426 2181 3505 2252 τῷ
3533 2181 3679 2253 νόμῳ
3706 2180 3807 2233 ἐλέ-

2228 2271 2352 2342 χθη·
2391 2290 2412 2323 ι
2463 2271 2595 2324 Ἀπὸ
2630 2271 2924 2342 προσώπου
2964 2271 3151 2325 πολιοῦ
3193 2271 3578 2347 ἐξαναστήσῃ.
3621 2290 3640 2325 t
3682 2271 3804 2325 Καί·

2214 2380 2253 2415 ,ι
2303 2360 2427 2414 Ἐὰν
2453 2360 2569 2434 ἴδῃς
2597 2362 2657 2414 τὸ
2680 2360 2976 2431 ὑποζύγιον
3005 2362 3098 2416 τοῦ
3126 2363 3322 2434 ἐχθροῦ
3367 2380 3468 2416 σου
3501 2364 3803 2415 ἐπιπεπτω-

2225 2454 2321 2517 κὺς
2369 2454 2475 2508 ὑπὸ
2521 2455 2613 2508 τὸν
2660 2455 2853 2526 γόμον,
2888 2456 3205 2527 συνέγειρον
3240 2456 3375 2511 αὐτὸ
3415 2457 3538 2527 μετ’
3567 2454 3743 2511 αὑτοῦ.
3781 2474 3799 2506 i

2227 2544 2413 2599 Ταῦτα
2449 2546 2498 2599 εί
2539 2545 2752 2618 παρέϐη
2777 2564 2882 2611 τις,
2906 2548 3006 2601 οὐκ
3035 2543 3103 2620 ἦν
3132 2548 3375 2619 τιμωρία
3411 2546 3687 2620 ὀρισθεῖσα
3710 2544 3805 2599 ὑπὸ

2223 2637 2317 2692 τοῦ
2343 2638 2534 2708 νόμου,
2561 2639 2630 2711 ἣν
2652 2640 2989 2713 ἀποπληρῶν
3011 2640 3039 2692 ὁ
3063 2640 3300 2712 Χριστός
3326 2657 3523 2710 φησιν,
3546 2641 3628 2693 ὅτι
3660 2640 3716 2692 ἐν
3743 2640 3804 2708 τῇ

2226 2730 2475 2801 βασιλείᾳ
2496 2728 2590 2783 τοῦ
2622 2728 2758 2783 Θεοῦ
2786 2732 2814 2783 ό
2838 2730 3081 2794 τοιοῦτος
3122 2729 3637 2801 ἐξουθενηθήσεται.
3669 2726 3804 2781 Ταύ-

2220 2839 2320 2894 την
2347 2818 2442 2877 οὗν
2470 2823 2567 2875 καὶ
2594 2822 2645 2874 εί
2667 2821 2962 2893 ἐλαχίστην
2994 2821 3236 2893 ἐντολὴν,
3261 2823 3349 2891 ἐφ’
3383 2822 3457 2894 ἥν
3484 2822 3585 2876 οὐκ
3610 2816 3676 2891 ἦν
3701 2819 3808 2872 ἐκεῖ

2221 2914 2588 2985 παραϐάσεως
2615 2912 2932 2983 ἐπαγομένη
2958 2913 3203 2977 κόλασις,
3235 2915 3263 2967 6
3294 2912 3540 2982 ἀθετῶν,
3569 2905 3720 2976 οὗτος
3747 2912 3806 2963 ἐκ

2218 3007 2317 3079 τῆς
2348 3009 2476 3071 νέας
2513 3005 2784 3078 διαθήκης
2808 3005 3287 3079 τιμωρηθήσεται.

2296 3104 2392 3169 Ὃς
2416 3100 2470 3155 δ’
2493 3101 2572 3156 ἂν
2592 3099 2820 3168 ποιήσῃ
2849 3100 2947 3154 καὶ
2979 3098 3215 3168 διδάξῃ.
3239 3093 3433 3165 οὗτος
3450 3097 3639 3170 μέγας
3673 3090 3805 3163 κλη-

2217 3193 2469 3264 θήσεται
2499 3193 2571 3246 ἐν
2598 3189 2673 3261 τῇ
2695 3190 2988 3258 ,ϐασιλείᾳ
3016 3187 3137 3244 τῶν
3163 3188 3471 3258 οὐρανῶν.

2281 3280 2450 3354 Οἶμαι
2477 3284 2535 3337 δέ
2566 3282 2662 3338 καὶ
2695 3282 2756 3337 τὺ
2780 3281 2999 3353 δίχηλον
3027 3283 3085 3335 ἐν
3107 3280 3187 3352 τῷ
3220 3281 3387 3352 νόμῳ
3421 3279 3584 3335 τοῦτο
3617 3277 3806 3351 σημαί-

2209 3395 2342 3435 νεινο
2364 3376 2427 3431 τὸ
2443 3376 2533 3432 διὰ
2552 3376 2713 3443 λόγου
2737 3376 2833 3429 καὶ
2857 3372 3109 3446 πράξεως
3127 3373 3334 3427 ὁδεύειν
3351 3374 3534 3445 ἡμᾶς·
3560 3374 3655 3428 καὶ
3679 3374 3805 3442 μήτε

2213 3470 2475 3544 πράττειν
2515 3468 2751 3537 ἀλόγως,
2788 3466 2930 3539 μήτε
2958 3465 3122 3535 λόγον
3148 3464 3290 3536 ἔχειν
3322 3464 3589 3537 πράξεως
3609 3463 3801 3537 χωρίς·

2210 3563 2261 3616 εί
2289 3560 2345 3615 δέ
2374 3578 2428 3615 τι
2459 3558 2647 3614 ἐκτῶν
2670 3556 2928 3613 τοιούτων
2951 3552 3089 3611 εἶναι
3116 3555 3369 3627 βούλεται
3401 3556 3801 3628 μεμονωμένον,

2214 3653 2416 3726 πρᾶξις
2448 3651 2587 3705 ἔστω
2615 3648 2802 3705 λοιπὸν
2827 3647 2922 3702 καὶ
2954 3647 3030 3719 μὴ
3050 3645 3229 3716 λόγος.
3266 3645 3451 3717 Λόγος
3482 3646 3594 3717 γὰρ
3622 3642 3799 3716 ἀχαλί-

2213 3764 2384 3812 νωτος
2404 3744 2551 3801 κατά
2595 3741 2861 3817 κρημνῶν
2911 3741 3091 3813 ῶθησε
3134 3740 3406 3806 πολλάκις
3455 3742 3586 3806 τοὺς
3615 3754 3797 3807 κεκτη·

2219 3839 2415 3913 μένους
2435 3855 2449 3868 ·
2476 3836 2677 3907 πρᾶξις
2701 3835 2759 3889 δὲ
2790 3834 3067 3890 οὐδέποτε.

524 3917 646 3973 sine
718 3920 898 3991 praxi.
962 3921 1116 3990 Quod
1150 3924 1199 3980 si
1264 3925 1496 3983 alterum
1542 3930 1737 3987 horum
1781 3932 1851 3988 ab
1898 3934 2074 3991 altero
2106 3935 2472 4007 separandum
2512 3942 2619 3998 est,
2679 3930 3021 3987 tolerabilius
3090 3927 3260 3984 fuerit
3296 3931 3521 3999 praxim
3610 3929 3803 3984 habere

522 4007 718 4077 solam,
747 4026 911 4083 quam
973 4016 1339 4085 cognitionem
1376 4021 1631 4081 otiosam.
1663 4023 1905 4082 Scientia
1963 4028 2110 4084 enim
2134 4026 2496 4100 speCulationi
2555 4026 2772 4082 curiose
2799 4024 3182 4092 desidioseque
3217 4022 3517 4095 indulgens
3543 4062 3561 4090 ,
3593 4018 3801 4079 eﬁ‘renis

519 4107 975 4178 contumacisque
1039 4118 1249 4166 naturae
1315 4122 1437 4179 est,
1488 4116 1794 4187 nutritosque
1834 4120 1888 4174 in
1937 4135 2180 4193 praeceps
2227 4120 2441 4189 impulit
2479 4118 2586 4175 sibi
2644 4118 2897 4186 deditos;
2949 4126 3170 4172 actuosa
3214 4131 3350 4172 vero
3406 4119 3524 4173 vita
3567 4116 3801 4172 minimc.

592 4196 659 4263 ν,
691 4197 781 4255 23.
820 4196 880 4255 Si
905 4216 1026 4272 ergo
1053 4203 1211 4273 oﬂ'ers
1240 4222 1431 4263 manus
1466 4219 1613 4265 tuum
1646 4211 1715 4264 ad
1748 4212 1941 4271 altare.

590 4376 797 4437 Salutis
827 4385 1222 4454 consequendae
1256 4404 1541 4459 pcenacqne
1570 4391 1802 4447 vitandae
1829 4395 2098 4453 rationem

516 4471 848 4540 excogitavit
880 4474 1025 4531 Deus
1055 4480 1433 4547 peccatoribus
1470 4482 1880 4553 pcenitentiam;
1902 4496 2099 4543 etcum

514 4557 642 4617 Iaso
686 4563 1181 4622 reconciliationem
1239 4569 1409 4624 edixit
1458 4570 1577 4625 fore
1621 4587 1797 4641 poenae
1825 4552 2103 4634 retnissio-
2139 4552 2180 4605 θ

515 4665 680 4723 stem;
705 4656 924 4725 quando
951 4660 1172 4729 quidem
1210 4662 1303 4730 qui
1332 4661 1558 4721 fratrem
1595 4680 1755 4722 suum
1793 4685 1897 4725 non
1931 4681 2101 4735 amat,

514 4743 686 4800 Deum
711 4761 817 4802 non
850 4749 1046 4820 diligit.
1080 4749 1180 4805 Hic
1210 4760 1389 4807 autem
1429 4756 1624 4812 merito
1654 4758 1801 4815 illum
1822 4803 1837 4828 ,
1868 4763 1959 4831 qui
1995 4763 2098 4819 ad-

514 4850 708 4893 versus
758 4838 984 4897 fratrem
1034 4840 1298 4896 oll‘ensam
1345 4842 1522 4913 fovet,
1573 4862 1680 4904 non
1725 4852 1952 4922 recipit,
1998 4870 2096 4910 ceu

513 4927 731 4983 sincere
768 4928 835 4984 ad
858 4944 918 4985 se
952 4944 1061 4985 non
1095 4934 1471 4991 accedentem.

581 5020 642 5090 8
665 5019 730 5089 ν,
762 5020 853 5075 26.
882 5020 1139 5093 Relinque
1162 5026 1235 5079 ibi
1268 5043 1461 5083 munus
1490 5039 1639 5085 tuum
1668 5043 1790 5089 ante
1820 5036 2017 5100 altare,
2046 5048 2097 5092 et

512 5113 647 5167 unde
672 5125 692 5165 :
719 5113 868 5183 prius
899 5116 1244 5174 reconciliare
1279 5119 1438 5188 fratri
1472 5133 1585 5189 tuo,
1641 5135 1688 5180 et
1730 5138 1852 5181 tunc
1880 5129 2091 5185 veniens

512 5201 701 5273 σπάνει
737 5221 927 5263 munus
963 5215 1135 5265 tuum.

588 5444 610 5477 ⁸
636 5444 809 5504 Levit.
834 5465 951 5517 χες,
986 5450 1077 5507 52.
1154 5452 1177 5484 ⁸
1213 5452 1385 5511 Exod.
1417 5469 1579 5524 xxttt,
1612 5457 1666 5513 5.
1774 5409 1791 5428 .

889 5639 957 5688 -—_
984 5609 1416 5688 ιέτνιξιινελεῖσθαι.⁸
1440 5612 1580 5667 Ibid.

514 5674 658 5800 iagi)
699 5673 753 5729 Ὀ
779 5675 1093 5733 ἁθετῶν-
1121 5681 1614 5751 τιμωρηθήσεται.
1653 5682 1755 5740 Mai
1789 5684 1855 5740 Β.
1891 5685 1963 5741 Ν.
2001 5687 2088 5753 lli,

580 5816 657 5885 (ξι)
693 5812 1001 5885 Fragmcttti
1038 5819 1194 5889 lmjus
1242 5822 1389 5885 prior
1421 5824 1532 5879 lucc
1573 5836 1775 5882 tantum
1830 5829 2092 5898 particula

2295 4214 2437 4269 Ἐὰν
2456 4208 2572 4268 οὖν
2599 4209 2951 4282 προσφέρῃς
2978 4209 3043 4264 τὸ
3083 4207 3278 4277 δῶρόν
3306 4224 3431 4264 σου
3473 4206 3579 4264 ἐπὶ
3615 4207 3680 4261 τὸ
3710 4206 3799 4259 θυ-

2209 4308 2587 4376 σιαστήριον.

2281 4398 2358 4468 (4)
2383 4396 2597 4466 Τρόπον
2623 4395 2900 4466 σωτηρίας
2932 4396 3029 4451 καὶ
3060 4393 3333 4466 διαφυγὴν
3362 4390 3650 4464 τιμωρίας
3696 4385 3805 4447 τοῖς

2206 4490 2618 4560 ἁμαρτάνουσιν
2660 4487 2896 4560 ἐφεῦρεν
2922 4489 2950 4542 6
2976 4487 3111 4552 Θεὸς
3149 4486 3245 4559 τὴν
3286 4486 3673 4558 μετάγνωσιν,
3716 4477 3802 4533 καὶ

2206 4581 2307 4653 τὴν
2326 4580 2421 4635 τοῦ
2446 4580 2826 4651 λελυπημένου
2855 4579 3180 4651 θεραπείαν,
3217 4577 3547 4649 ἀνατροπὴν
3587 4571 3801 4629 ἔσεσθαι

2207 4670 2477 4743 τιμωρίας
2523 4670 2720 4743 φησίν¹
2756 4669 2945 4743 ἐπειδὴ
2974 4673 3003 4723 ό
3052 4669 3128 4741 μὴ
3177 4668 3414 4738 ἀγαπῶν
3453 4668 3553 4722 τὸν
3582 4661 3803 4732 ἀδελφὸν

2206 4762 2395 4827 αὐτοῦ,
2430 4763 2532 4816 οὐκ
2562 4763 2754 4834 ἀγαπᾷ
2778 4762 2868 4815 τὸν
2902 4760 3109 4833 Κύριον
3128 4779 3141 4792 ·
3180 4761 3415 4822 εἰκότως
3464 4757 3561 4813 τὸν
3588 4757 3720 4811 ὄντα
3750 4754 3803 4805 ἐν

2204 4854 2349 4928 λύπῃ
2378 4852 2474 4908 τοῦ
2529 4854 2759 4925 ἀδελφοῦ
2805 4855 2868 4908 οὐ
2897 4853 3281 4926 προσδέχεται,
3328 4851 3410 4917 ὡς
3455 4852 3538 4924 μὴ
3588 4846 3804 4921 ἀληθῶς

2205 4945 2357 5017 αὐτῷ
2395 4945 2709 5018 προσιόντα.

2278 5035 2464 5103 ’Ἄφες
2497 5034 2627 5090 ἐκεῖ
2645 5034 2712 5090 τὸ
2751 5034 2948 5105 δῶρόν
2986 5050 3126 5102 σου,
3161 5034 3516 5106 ἔμπροσθεν
3558 5031 3669 5087 τοῦ
3710 5033 3805 5087 0v-

2202 5128 2583 5195 σιαστηρίου,
2620 5127 2720 5184 καί
2750 5127 2944 5198 ὕπαγε
2966 5168 2982 5194 ,
3028 5125 3265 5196 πρῶτον
3312 5124 3692 5193 διαλλάγηθι
3729 5114 3803 5182 τῶ

2200 5215 2443 5286 ἀδελφῷ
2478 5230 2619 5283 σου,
2650 5215 2751 5272 καί
2778 5217 2911 5271 τότε
2941 5214 3137 5271 ἐλθὼν
3161 5214 3477 5284 πρόσφερε
3516 5211 3587 5267 τὸ
3618 5206 3803 5279 δῶρόν

2201 5324 2337 5362 σου.

2203 5595 2468 5675 hactenus
2519 5619 2800 5690 legebatur
2846 5616 3038 5692 iisdem
3076 5617 3191 5671 fere
3240 5616 3432 5692 verbis
3465 5615 3524 5670 in
3584 5610 3795 5692 Possini

2203 5699 2432 5754 catena;
2462 5685 2657 5745 caetera
2692 5704 2825 5743 vero
2863 5686 3160 5742 Vaticanus
3192 5688 3379 5742 codex
3409 5701 3563 5741 nunc
3593 5685 3764 5739 addit.

2277 5760 2353 5832 (li)
2390 5761 2705 5830 Τρόπον-
2734 5762 3085 5829 προσιόντα.
3122 5756 3222 5812 Mai
3266 5755 3421 5811 ibid.
