4146 6482
406 414 522 475 3Ὶ7

1592 421 1956 481 ΕΟΜΜΕΝΤ.
2000 425 2066 481 IN
2105 427 2556 489 ΜΔΤΤΗίΕυΜ.
2654 430 2669 471 ἶ

3611 408 3716 465 573

477 527 737 589 Διδάσκει
769 528 920 601 ἡμᾶς
949 529 1189 589 ἑνταῦθα
1208 536 1238 590 ό
1263 535 1457 609 Σωτὴρ
1477 538 1580 609 τὴν
1606 542 1880 613 τιμωρίαν
1899 543 2011 599 δια-

2193 549 2360 606 Docet
2389 565 2489 606 nos
2520 552 2622 607 hoc
2651 551 2775 608 loco
2802 550 3079 622 quomodo
3114 552 3440 624 suppiicium
3467 554 3699 627 eﬂ‘ugete

396 625 605 691 φυγεῖν
635 623 1053 695 ἁμαρτάνοντας
1071 643 1087 657 ·
1118 629 1152 699 ή
1180 628 1362 683 τοίνυν
1390 631 1734 700 μετάγνωσις
1765 636 1859 689 ἐπὶ
1896 639 2011 703 τοῖς

400 714 796 785 ἁμαρτήμασι,
847 717 1007 789 καὶὴ
1050 718 1187 789 πρὸς
1234 719 1326 775 τὸν
1378 722 1691 795 λυπηθέντα
1734 729 2010 802 ὑφ’ήμῶν

400 804 797 878 παράκλησις,
845 808 938 862 καὶ
972 811 1003 877 ή
1033 810 1134 881 τῆς
1169 814 1574 885 συγχωρήσεως
1614 818 1708 871 τοῦ
1754 820 2011 892 άμαρτήυ

401 912 584 967 ματος
615 897 837 970 αἴτησις
885 900 980 954 καὶ
1022 901 1116 956 τὸν
1156 902 1385 973 ἀδελφὸν
1428 904 1727 977 θεραπεύει
1777 911 1873 964 καὶ
1917 911 2008 965 τὸν

400 989 562 1044 Θεόν.

477 1081 575 1149 Μή
604 1082 755 1139 ποτέ
798 1100 873 1141 σε
922 1085 1168 1156 παραδῷ
1207 1088 1242 1143 ὁ
1294 1088 1600 1158 ἀντίδικος
1649 1089 1730 1157 τῷ
1791 1093 2000 1165 κριτῇ.

401 1174 603 1230 κ.τ.λ

479 1263 558 1336 (1)
613 1265 956 1322 ’Υποκείσθω
989 1286 1094 1337 τις,
1118 1270 1306 1341 φησὶν,
1338 1275 1426 1345 ἐφ’
1447 1274 1567 1340 ἑνὸς
1591 1277 1702 1331 τῶν
1730 1278 2004 1349 τεταγμέ-

399 1372 517 1409 νων
567 1358 649 1420 είς
697 1358 896 1430 ἀρχὴν,
941 1361 1247 1433 αἰτιάματά
1298 1382 1422 1419 τινα
1451 1369 1822 1439 ποιησάμενος
1859 1370 2002 1426 κατά

401 1447 505 1502 σοῦ
526 1465 541 1480 ⁸
572 1445 695 1505 εῐτα
716 1455 831 1516 τοῖς
860 1453 1161 1524 ἐπάγουσιν
1191 1457 1288 1511 ἐπὶ
1317 1458 1378 1512 τὸ
1400 1459 1756 1533 δικαστήριον
1788 1463 2004 1518 ὑποδεί-

401 1537 507 1603 ξας
536 1539 917 1611 ἀποφέρεσθαι
950 1548 1116 1600 ποιεί.
1149 1546 1296 1612 Ἕως
1320 1548 1524 1615 τοίνυν,
1555 1552 1712 1623 φησὶ,
1740 1555 1863 1624 μετ’
1898 1554 1998 1608 αὐ-

397 1628 503 1684 τοῦ
542 1627 596 1684 εἶ
617 1632 676 1685 ὲν
706 1635 774 1705 τῇ
809 1633 935 1706 ὀδῷ,
965 1636 1248 1691 τουτέστιν
1270 1640 1402 1710 πρὶν
1430 1641 1726 1711 ἀφικέσθαι
1752 1644 1889 1716 πρὸς
1908 1646 2001 1698 τὸν

400 1718 624 1792 κριτὴν,
640 1721 729 1784 δὸς
750 1724 1035 1794 ἐργασίαν,
1055 1728 1177 1781 ἀντὶ
1201 1728 1317 1795 τοῦ,
1334 1731 1521 1786 Πᾶσαν
1548 1733 1736 1789 θέσθαι
1750 1734 1825 1806 μὴ
1844 1735 2001 1806 ὀκνή-

2115 646 2387 711 posshnus
2419 642 2472 697 in
2508 652 2795 712 peccatum
2836 642 2997 712 lapsi.
3049 642 3320 699 Nimirum
3374 645 3705 715 pteuitentia

2112 736 2414 801 commissi,
2451 737 2734 805 reparatio
2761 735 2979 803 injuriae
3000 747 3057 793 et
3098 739 3407 793 satisfactio
3440 754 3537 808 per
3562 740 3706 793 ami-

2111 840 2231 880 cam
2274 827 2746 897 compellationem
2776 826 2897 896 ejus
2932 830 3024 899 qui
3065 846 3096 885 a
3140 831 3302 885 nobis
3341 831 3587 884 molestia
3622 840 3709 886 est

2110 916 2369 983 atl'cctus,
2400 926 2683 986 postremo
2715 919 2916 990 petitio
2949 921 3124 976 venia:
3160 931 3217 977 et
3253 919 3479 976 fratrem
3515 921 3707 978 laesum

2109 1008 2290 1079 placat
2320 1017 2378 1064 et
2419 1008 2609 1065 Deum.
2655 1055 2660 1059 .

2181 1096 2255 1163 V,
2288 1099 2383 1155 25.
2418 1098 2502 1155 Ne
2525 1111 2575 1157 te
2607 1101 2951 1157 aduersarius
2983 1103 3161 1174 judici
3195 1106 3396 1173 tradat,
3427 1114 3534 1161 etc.

2179 1285 2314 1340 Puta
2336 1300 2462 1342 esse
2490 1286 2727 1356 aliquem
2781 1287 2835 1341 in
2880 1287 3148 1357 dignitate
3170 1289 3557 1354 constitutum,
3608 1290 3701 1360 qui

2106 1378 2373 1434 adversus
2416 1389 2468 1434 te
2489 1379 2730 1449 qualibet
2774 1380 2843 1435 de
2888 1394 3049 1434 causa
3091 1381 3429 1448 expostulet,
3464 1381 3704 1450 ideoque

2103 1470 2433 1526 satellitibus
2510 1471 2746 1540 imperet
2829 1481 2889 1525 ut
2960 1471 3028 1526 ad
3092 1471 3330 1527 tribunal
3376 1480 3429 1527 te
3478 1472 3700 1527 ducant.

2103 1562 2380 1629 Quandiu,
2420 1564 2630 1633 inquit,
2662 1563 2715 1617 in
2751 1564 2836 1618 via
2866 1578 2990 1618 cum
3036 1563 3128 1618 illo
3153 1579 3248 1627 es,
3286 1563 3554 1628 videlicet,
3593 1577 3699 1617 au-

2102 1663 2322 1724 teqnam
2352 1655 2418 1709 ad
2465 1654 2705 1723 jndicem
2738 1655 3033 1720 devenias,
3088 1656 3155 1711 da
3202 1671 3463 1725 operam,
3510 1655 3563 1708 id
3617 1665 3704 1710 est

2101 1747 2251 1799 omni
2298 1745 2484 1801 studio
2538 1746 2846 1812 contende,
2896 1756 2958 1801 ut
3007 1747 3076 1802 ab
3121 1761 3188 1803 eo
3249 1746 3517 1802 discedas.
3586 1737 3701 1800 Nisi

398 1814 800 1909 σῃς-σπουδὴν,
837 1817 924 1870 ἵνα
954 1818 1278 1893 ἀπαλλαγῇς
1305 1823 1401 1876 ἀπ’
1437 1824 1606 1879 αὐτοῦ
1628 1844 1640 1858 ·
1675 1828 1723 1880 εί
1752 1826 1811 1881 δὲ
1837 1827 1998 1882 τοῦτο

2113 1837 2250 1890 enim
2309 1836 2384 1890 ita
2442 1837 2765 1908 contingat,
2816 1838 2992 1908 judici
3047 1838 3512 1907 praesentaberis;
3559 1839 3701 1909 apud

400 1902 535 1976 [μὴ]
556 1905 806 1978 γένηται,
830 1910 1148 1982 παραδώσει
1173 1930 1233 1967 σε
1248 1914 1325 1987 τῷ
1344 1920 1528 1988 κριτῇ·
1550 1913 1670 1973 εἶτα
1688 1920 1765 1973 ὅτ’
1794 1919 1863 1975 ἂν
1886 1921 2003 1975 ἔνο-

2113 1941 2268 1999 quem
2293 1928 2419 1984 teris
2438 1930 2600 1984 alieni
2642 1944 2767 1984 reus
2786 1938 3122 1999 compertus,
3152 1933 3418 1999 quaestori
3445 1930 3701 1994 traderis,

397 2015 500 2068 χος
510 2000 631 2063 τοῖς
645 1999 958 2072 ὀφλήμασιν
970 2003 1198 2075 εὑρεθῇς
1208 2047 1223 2073 ,
1241 2009 1598 2081 παραδοθήσῃ
1613 2010 1691 2082 τῷ
1710 2013 2003 2084 πράκτορι,

398 2091 658 2144 τουτέστι
686 2092 1184 2178 τοίςμάπαιτηταῖς,
1222 2099 1465 2153 κάκεῖνοί
1503 2117 1561 2153 σε
1605 2101 2004 2158 κατακλείσαν-

401 2198 498 2246 τες
547 2183 921 2258 ἀπαιτήσουσι
976 2187 1168 2242 καὶτὸ
1216 2189 1445 2262 ἔσχατον
1505 2193 1725 2249 λεπτόν.
1788 2194 2004 2250 Οὐκοῦν

400 2271 585 2345 ἔνοχοι
620 2274 723 2345 μὲν
770 2276 1240 2350 πλημμελήμασίν
1285 2284 1455 2355 ἐσμεν
1499 2286 1742 2350 ἅπαντες
1769 2290 1820 2341 οί
1851 2288 2007 2354 ὄντες

400 2363 506 2418 ἐπὶ
528 2366 628 2436 τῆς
648 2365 756 2437 γῆς
779 2386 795 2400 ο
831 2369 1065 2423 ἑκάστου
1099 2387 1164 2440 γε
1199 2370 1305 2443 μὴν
1343 2374 1616 2440 ἀντίδικος
1648 2377 1743 2432 καὶ
1766 2380 2008 2449 κατήγο-

401 2473 505 2529 ρος
529 2458 560 2510 ὁ
586 2459 853 2526 Σατανᾶς·
878 2461 1071 2533 ἐχθρὸς
1095 2464 1204 2536 γάρ
1227 2465 1376 2519 ἐστιν
1394 2469 1489 2521 καὶ
1517 2469 1838 2541 ὲκδικητής.
1863 2472 2008 2537 Ἕως

401 2554 595 2609 τοίνυν
627 2555 797 2626 ἐσμὲν
848 2557 907 2611 ιν
933 2560 1001 2630 τῇ
1034 2558 1162 2632 ὀδῷ,
1203 2560 1489 2617 τουτέστιν
1537 2563 1644 2628 ἕως
1679 2564 1835 2640 οΰπῳ
1873 2565 2010 2637 πρὸς

399 2647 470 2702 τὸ
498 2648 602 2720 τῆς
627 2648 818 2703 ἐνθάδε
853 2648 1004 2721 ζωῆς
1027 2653 1458 2725 κατηντήσαμεν
1485 2655 1663 2721 τέλος,
1688 2656 2013 2728 ἀπαλλαγῶ-

348 2820 351 2823 Ἲ
404 2757 515 2811 μεν
545 2740 738 2804 αὐτοῦ,
765 2740 1022 2814 λύσωμεν
1039 2745 1141 2810 τὰς
1166 2746 1289 2801 καθ’
1322 2747 1536 2802 ἑαυτῶν
1562 2750 1766 2818 αἰτίας,
1800 2751 1898 2823 τὴν
1922 2751 2013 2807 διὰ

406 2830 654 2902 Χριστοῦ
690 2832 853 2905 χάριν
893 2832 1238 2903 άρπάσωμεν
1271 2835 1665 2909 ἐλευθεροῦσαν
1692 2839 1841 2909 ἡμᾶς
1869 2856 2011 2893 παν-

407 2926 502 2989 τὸς
531 2925 856 2997 ὀφλήματός
889 2944 950 2981 τε
985 2928 1078 2982 καὶ
1106 2926 1286 3000 δίκης,
1312 2928 1420 2997 ἔξω
1456 2929 1702 3002 τιθείσης
1733 2930 2013 2997 κολάσεώς

404 3033 468 3070 τε
498 3018 598 3071 καὶ
640 3017 844 3087 φόϐουο
897 3018 971 3090 μὴ
995 3018 1105 3089 ἄρα
1135 3037 1254 3085 πως
1294 3020 1666 3076 ἀναπόνιπτον
1717 3021 2014 3093 ἐσχηκότες

402 3108 502 3163 τὸν
527 3109 848 3181 μολυσμὸν,
902 3110 1300 3183 άπενεχθῶμεν
1348 3112 1489 3183 πρὸς
1542 3113 1633 3166 τὸν
1667 3112 1884 3184 κριτὴν,
1916 3112 2013 3168 καὶ⁸

2110 2020 2162 2073 id
2195 2031 2281 2074 est
2307 2022 2655 2090 exigentibus
2712 2023 2998 2087 debitum,
3047 2037 3076 2075 a
3131 2023 3333 2091 quibus
3379 2023 3432 2076 in
3485 2021 3702 2076 vincula

2107 2110 2391 2180 conjectus
2432 2125 2736 2168 extremum
2791 2128 3010 2183 quoque
3059 2116 3421 2182 quadrantem
3452 2112 3705 2167 'reddere

2110 2206 2344 2275 cogeris.
2377 2205 2631 2259 Profecto
2656 2215 2926 2275 quotquot
2953 2206 3004 2259 in
3042 2206 3174 2260 orbe
3204 2205 3440 2259 vivimus
3467 2245 3481 2269 ,
3510 2219 3705 2274 pecea-

2113 2297 2181 2352 tis
2203 2295 2611 2350 sumusirretiti
2639 2336 2654 2361 ,
2684 2296 3022 2364 singulorum
3070 2293 3424 2348 adversarius
3454 2302 3508 2347 et
3538 2306 3706 2347 accu-

2111 2398 2263 2444 sator
2294 2388 2564 2444 Satanas:
2623 2396 2706 2442 est
2748 2387 2895 2441 enim
2948 2386 3051 2441 hic
3078 2384 3332 2440 inimicus
3372 2392 3428 2437 et
3482 2382 3700 2439 vindex.

2112 2475 2362 2543 Quandlu
2406 2476 2573 2547 igitur
2614 2476 2672 2530 in
2713 2476 2800 2529 via
2830 2490 3056 2541 sumus,
3092 2475 3145 2529 id
3174 2482 3260 2529 est
3306 2481 3604 2541 antequam
3638 2472 3706 2527 ad

2113 2569 2275 2639 hujus
2303 2569 2427 2623 vitae
2473 2568 2634 2622 tinem
2665 2568 3054 2630 deveniamus,
3106 2564 3175 2619 ab
3223 2563 3327 2620 hoc
3355 2578 3456 2618 nos
3485 2562 3708 2618 inimico

2111 2660 2505 2730 espediamus,
2562 2660 2756 2729 culpas
2809 2659 3043 2729 quisque
3108 2663 3326 2712 nostras
3374 2668 3704 2725 purgemus,

2112 2753 2315 2808 Christi
2344 2754 2579 2823 gratiam
2608 2751 2983 2822 adipiscamur
3006 2789 3023 2816 ,
3065 2763 3190 2818 quae
3216 2763 3317 2803 nos
3344 2747 3494 2803 omni
3521 2745 3710 2801 debito

2113 2853 2171 2899 et
2215 2845 2422 2899 ultione
2471 2844 2700 2911 liberet,
2759 2852 2925 2911 atque
2954 2852 3111 2896 extra
3146 2853 3364 2909 poenam
3418 2839 3705 2892 timorem-

2114 2950 2220 3008 que
2246 2936 2483 2992 collocet
2509 2976 2526 3003 ,
2581 2950 2651 2990 ne
2680 2933 2896 2989 scilicet
2934 2932 3162 2988 maculis
3215 2930 3356 2986 haud
3386 2929 3614 2995 ablatis,
3639 2928 3709 2984 ad

2109 3032 2350 3103 jndicem
2398 3030 2817 3100 pertrahamur,
2875 3028 3270 3098 tradamurque
3323 3024 3708 3091 exactoribus,

2114 3125 2232 3179 sive
2254 3138 2475 3192 reorum.
2495 3122 2808 3177 vindicibus
2831 3159 2847 3185 ,
2875 3135 3108 3192 quorum
3143 3135 3306 3175 nemo
3327 3116 3592 3173 saevitiam
3623 3112 3712 3169 fu-

404 3201 810 3301 παραδοθῶμεν
840 3206 956 3269 τοῖς
982 3204 1345 3277 πράκτορσιν,
1373 3205 1491 3276 ἢτοι
1539 3207 1655 3269 τοῖς
1696 3204 2010 3271 κολασταῖς,

2117 3215 2270 3283 giet;
2324 3212 2435 3266 imo
2476 3226 2608 3266 vero
2663 3209 2908 3277 cujusvis
2954 3208 3161 3277 culpae,
3219 3208 3399 3262 tenuis
3453 3218 3610 3274 seque
3646 3217 3712 3259 ac

402 3286 486 3349 ὧν
512 3294 616 3348 οὐκ
654 3293 720 3348 ἄν
764 3294 851 3360 τις
884 3295 1129 3368 διαφύγῃ
1181 3296 1243 3351 τὸ
1275 3296 1487 3368 ἀπηνές
1512 3313 1525 3326 ·
1573 3297 2011 3370 άπαιτηθήσεται

2120 3318 2331 3374 magnae
2353 3343 2369 3366 ,
2394 3316 2585 3373 pmnas
2615 3301 2893 3357 dabimus.
2923 3298 3034 3354 Hac
3065 3309 3250 3354 autem
3276 3296 3590 3352 calamitate
3617 3307 3713 3349 ca-

401 3386 463 3442 δὲ
493 3385 701 3459 μᾶλλον
724 3385 827 3451 τὰς
848 3387 943 3441 ἐπὶ
963 3388 1131 3442 παντὶ
1154 3389 1263 3460 πλη
1273 3389 1600 3461 μμελήματι
1623 3389 1802 3455 δίκας,
1835 3387 2016 3462 μικρῷ

403 3479 505 3534 καὶ
538 3478 764 3551 μεγάλῳ
786 3497 799 3512 ο
830 3478 1041 3535 τούτων
1072 3479 1291 3535 ἔσονται
1314 3481 1533 3553 μακρὰν
1563 3480 1613 3535 oi
1638 3480 1726 3535 τὸν
1751 3480 1854 3551 τῆς
1876 3481 2015 3552 Χρι-

404 3572 540 3627 στοῦ
576 3574 888 3645 παρουσίας
941 3575 1137 3648 καιρὸν
1191 3575 1607 3646 δοκιμάζοντες,
1668 3575 1766 3629 καὶ
1811 3572 1875 3627 τὸ
1926 3575 2014 3627 ἐπ’

400 3664 560 3736 αὐτῷ
595 3669 899 3738 μυστήριον
921 3666 1023 3721 οὑκ
1048 3667 1406 3740 ἠγνοηκότες.

378 3808 385 3811 .
490 3757 673 3829 Ἀμὴν
711 3758 870 3830 λέγω
908 3772 1033 3823 σοι,
1085 3761 1160 3816 οὐ
1199 3759 1289 3831 μὴ
1336 3760 1597 3829 ἐξέλθῃς
1628 3759 1862 3816 ἐκεῖθεν
1903 3758 2017 3828 ἕως

396 3851 486 3908 ἂν
518 3850 763 3918 ἀποδῷς
796 3851 907 3907 τὸν
935 3851 1205 3922 ἔσχατον
1239 3852 1603 3921 κοδράντην.

484 3945 553 3999 Ὅ
579 3944 638 3998 δὲ
666 3943 816 4013 λέγει
851 3942 1096 3998 τοιοῦτόν
1119 3944 1236 3998 ἐστι
1256 3961 1271 3977 ο
1301 3948 1564 4016 παραινεί
1590 3946 1701 4017 γὰρ
1727 3945 2014 4015 εὐγνωμο-

401 4036 675 4103 νεῖνμκαὶ
716 4034 792 4108 μὴ
834 4037 902 4106 τῇ
946 4035 1127 4107 κρίσει
1163 4034 1388 4107 θαρρεῖν
1417 4050 1428 4065 '
1460 4036 1510 4088 εί
1544 4037 1654 4108 γάρ
1680 4054 1734 4090 τι
1766 4036 2011 4108 συμϐαίη

400 4127 540 4200 παρ’
570 4127 786 4194 ἐλπίδα,
816 4127 914 4181 καὶ
960 4127 1306 4199 κατασχεθῇς
1350 4127 1460 4181 ὑπὸ
1509 4131 1605 4182 τοῦ
1658 4127 1871 4199 κριτοῦ,
1912 4128 2015 4181 οὐκ

400 4217 732 4291 ἀπολυθήσῃ
756 4218 861 4284 ἕως
880 4210 943 4271 οὗ
965 4217 1236 4292 άποτίσῃς
1252 4217 1344 4271 τὸν
1362 4215 1591 4289 ἔσχατον
1615 4216 1803 4272 ὀϐολόν
1821 4234 1833 4247 ·
1855 4215 2015 4270 τοῦτο

400 4311 519 4384 γάρ
545 4310 773 4380 λέγεται
802 4309 1128 4383 κοδράντης.

489 4494 550 4549 '0
579 4491 887 4566 κοδράντης
913 4492 972 4545 δὲ
1001 4490 1261 4562 σημαίνει
1284 4490 1345 4544 τὸ
1365 4489 1629 4561 τέταρτον
1658 4486 1753 4541 τοῦ
1786 4486 2012 4559 μέτρου.

2120 3397 2312 3451 rebnnt
2335 3437 2352 3463 ,
2388 3397 2481 3465 qui
2516 3405 2730 3464 tempus
2755 3392 3107 3447 adventantis
3136 3390 3340 3446 Christi
3375 3397 3525 3444 recte
3561 3386 3713 3443 msti-

2119 3490 2420 3556 maverint,
2446 3497 2501 3545 et
2524 3488 2643 3559 ejus
2667 3485 2995 3558 mysterium
3029 3499 3137 3540 non
3169 3481 3567 3556 ignoraverint.

2190 3751 2261 3821 V,
2297 3751 2389 3807 26.
2432 3752 2597 3805 Amen
2626 3748 2748 3803 dico
2780 3748 2901 3814 tibi,
2932 3763 3037 3801 non
3066 3746 3208 3801 exin
3239 3745 3365 3799 inde
3402 3742 3571 3798 donec
3596 3743 3714 3797 red-

2116 3845 2215 3901 das
2249 3843 2591 3898 novissimum
2618 3840 2995 3912 quadrantem.

2186 3936 2342 4004 Quod
2372 3934 2506 3990 dicit
2553 3934 2695 3988 hanc
2743 3931 2855 3986 vim
2909 3930 3072 3984 habet
3112 3943 3126 3982 :
3161 3926 3359 3983 suadet
3387 3924 3712 3996 placabilem

2116 4041 2240 4082 esse
2271 4039 2336 4080 ac
2374 4020 2755 4079 conciliatiuni
2802 4018 3019 4075 facilem
3050 4035 3064 4073 :
3110 4031 3287 4087 neque
3328 4015 3494 4071 nimis
3522 4015 3592 4070 de
3624 4014 3713 4084 ju-

2090 4117 2250 4174 .dicii
2305 4116 2465 4191 exitu
2514 4127 2769 4171 securum
2821 4126 2968 4168 esse.
3019 4110 3076 4164 Si
3122 4108 3257 4180 quid
3308 4108 3455 4162 enim
3512 4115 3715 4176 prteter

2115 4222 2270 4279 spem
2296 4204 2559 4261 acciderit
2575 4213 2630 4258 et
2649 4200 2852 4271 judicis
2869 4200 3023 4268 jussu
3053 4195 3569 4268 comprehendaris,
3600 4209 3711 4250 non

2116 4297 2417 4357 dimitteris
2437 4297 2611 4352 donec
2650 4293 2886 4351 solveris
2915 4291 3277 4348 novissimum
3309 4289 3531 4346 obolum
3560 4305 3576 4357 ;
3608 4288 3714 4344 hoc

2117 4389 2262 4447 enim
2291 4388 2496 4443 dicitur
2524 4386 2827 4456 quadrans.

2186 4481 2245 4553 9
2268 4480 2554 4549 Quadrans
2577 4494 2712 4533 vero
2728 4486 2985 4548 quartam
3017 4489 3288 4532 mensum
3309 4480 3520 4545 partem
3549 4471 3715 4542 signi-

398 4582 585 4651 Οὗτος
629 4564 775 4641 κατὰ
804 4564 905 4656 τὴν
937 4583 1206 4657 Ἑόραίων
1234 4583 1441 4653 φωνὴν,
1474 4582 1570 4636 δύο
1613 4582 1762 4634 ἐστὶν
1806 4580 2009 4646 ὀϐολοὶ,

2120 4572 2285 4627 ficat:
2317 4571 2406 4625 hic
2442 4569 2599 4640 juxta
2626 4567 2982 4624 Hebraeorum
3011 4582 3202 4622 vocem
3237 4567 3374 4621 duos
3412 4564 3547 4619 facit
3576 4565 3715 4620 obo-

398 4685 547 4753 ὂπερ
571 4681 599 4733 ὁ
636 4679 854 4741 Λουκᾶς
882 4672 1210 4748 σαφηνίσας,
1234 4675 1464 4731 λεπτὸν
1484 4674 1794 4743 ὠνόμασεν.
1813 4674 2010 4745 Ἡμεῖς

399 4774 463 4828 δὲ
519 4768 930 4839 ἀπαλλαγῶμεν
983 4766 1078 4823 καὶ
1125 4766 1222 4821 τοῦ
1268 4766 1466 4839 ἐχθροῦ
1540 4766 1637 4820 καὶ
1699 4766 2012 4838 ὲκδικητοῦ,

400 4866 583 4936 ἧγουν
615 4861 711 4917 τοῦ
741 4859 1014 4927 διαὸόλου,
1045 4860 1153 4924 ἔως
1186 4860 1353 4930 ἐσμὲν
1380 4860 1440 4913 ὲν
1471 4862 1538 4931 τῇ
1575 4858 1681 4930 ὁδῷ
1706 4858 1902 4930 ταύτῃ,
1919 4858 2017 4913 καὶ

400 4955 521 5012 τῶν
548 4954 653 5025 τῆς
676 4953 903 5025 ἀτιμίας
934 4950 1143 5017 παθῶν,
1175 4951 1333 5007 ἅτινα
1356 4951 1621 5005 ἀντίδικοι
1650 4950 1817 5023 ἡμῶν
1837 4952 2013 5008 ἐστιν.

402 5046 604 5111 Οὐδεὶς
652 5044 764 5118 γάρ
809 5045 972 5116 ἡμῶν
1023 5043 1214 5114 ἔτερος
1262 5042 1553 5110 ἀντίδικος,
1584 5042 1680 5098 ἐὰν
1733 5042 1809 5115 μὴ
1854 5043 2019 5114 ἡμεῖς

401 5138 626 5196 ἑαυτῶν
669 5138 760 5192 διὰ
802 5135 1012 5191 τούτων
1042 5134 1332 5206 γενώμεθα
1363 5134 1652 5201 ἀντίδικοι,
1683 5134 1779 5189 καὶ
1816 5133 1955 5205 μηδὲ
1983 5133 2017 5205 ἡ

404 5232 728 5303 συνείδησις
775 5227 1242 5299 καταγινωσκέτω
1272 5225 1453 5299 ἡμῶν,
1480 5225 1558 5290 ὡς
1604 5225 2017 5297 καταφρονούν-

401 5342 523 5382 των
569 5323 672 5395 τῆς
718 5321 1083 5393 ὑπομνήσεως
1125 5319 1320 5390 αὐτῆς,
1359 5319 1572 5390 μήποτε
1617 5316 2018 5388 παραδοθῶμεν

401 5416 491 5489 τῷ
516 5418 679 5490 κριτῇ
712 5416 932 5470 πάντων
956 5412 1077 5485 Θεῷ
1099 5412 1204 5467 ὑπὸ
1226 5411 1326 5483 τῆς
1358 5410 1715 5481 συνειδήσεως
1735 5408 2018 5482 ἐλεγχθέν⁸

372 5521 530 5571 μείς,
564 5506 596 5559 ό
626 5503 684 5558 δὲ
711 5502 1029 5576 παραδώσει
1072 5504 1187 5568 τοῖς
1220 5500 1529 5574 πράκτορσι
1561 5502 1677 5564 τοῖς
1723 5500 2017 5564 κολασταῖς

404 5596 696 5666 ἀγγέλοις,
724 5598 820 5650 καὶ
847 5593 1289 5666 άπαιτησώμεθα
1317 5594 1419 5658 τὰς
1441 5594 1535 5649 ἐπὶ
1568 5592 1735 5648 παντὶ
1756 5591 2015 5664 πλημμε-

406 5689 623 5760 λήματι
658 5685 837 5757 δίκας,
874 5685 1058 5759 μικρῷ
1101 5683 1194 5740 καὶ
1237 5683 1481 5757 μεγάλῳ.
1521 5683 1641 5738 Κᾶν
1685 5682 1796 5754 γὰρ
1834 5683 2016 5753 μωρδν

485 5869 567 5940 (ί)
615 5868 989 5924 Ὑποκείσθω
1025 5868 1220 5922 ι--οὺκ
1252 5865 1639 5936 ἠγνοηκότεςς
1674 5861 1803 5918 Ibid.

2120 4662 2221 4729 los,
2250 4663 2395 4732 quod
2420 4660 2602 4716 Lucas
2632 4660 2922 4716 declarans
2961 4659 3160 4727 (cptum
3199 4658 3439 4713 vocavit.
3479 4655 3589 4711 Nos
3616 4671 3714 4711 au-

2122 4763 2241 4826 tem.
2263 4754 2563 4809 liberemur
2589 4754 2755 4827 etiam
2783 4754 2852 4806 ab
2877 4751 3103 4807 inimico
3138 4759 3195 4807 et
3226 4749 3572 4812 adversario,
3600 4749 3717 4805 sci-

2118 4848 2247 4905 licet
2274 4845 2511 4914 diabolo,
2544 4847 2670 4900 dum
2699 4860 2889 4900 sumus
2913 4844 2968 4898 in
2997 4844 3100 4898 hac
3129 4843 3241 4906 via.
3276 4851 3332 4898 et
3368 4841 3718 4911 passionibus

2125 4940 2461 5012 ignominiae,
2494 4952 2618 5008 quae
2641 4936 2974 4991 adversariae
3002 4934 3159 4990 nobis
3192 4943 3342 4990 sunt.
3372 4931 3543 4990 Nemo
3569 4933 3715 4990 enim

2121 5032 2281 5088 nobis
2313 5030 2454 5085 alius
2473 5029 2850 5093 adversarius,
2867 5025 3163 5082 dummodo
3184 5025 3598 5097 nobismetipsis
3619 5038 3718 5096 per

2121 5124 2240 5180 haec
2273 5121 2574 5177 adversarii
2609 5135 2717 5177 non
2747 5119 2926 5175 simus
2952 5135 2968 5185 ;
3016 5134 3194 5188 neque
3220 5118 3558 5176 conscientia
3583 5132 3718 5173 con-

2121 5217 2344 5273 demnet
2375 5230 2474 5270 nos
2516 5225 2777 5285 tanquam
2810 5214 2959 5269 illius
2991 5212 3424 5270 admonitionem
3469 5218 3716 5266 contem-

2100 5320 2336 5387 nentes,
2379 5321 2448 5362 ne
2499 5322 2739 5377 unquam
2775 5305 3060 5363 tradamur
3102 5304 3277 5376 judici
3323 5301 3568 5361 omnium
3605 5298 3717 5355 Deo

2122 5418 2154 5457 a
2178 5399 2516 5456 conscientia
2560 5397 2904 5468 reprehensi,
2932 5397 3026 5468 qui
3076 5412 3176 5451 nos
3222 5396 3403 5449 tradat
3435 5391 3715 5450 exactori-

2124 5493 2247 5562 bus,
2286 5490 2595 5548 vindicibus
2646 5490 2880 5561 angelis,
2938 5497 2996 5544 et
3043 5485 3318 5559 postulent
3364 5498 3396 5538 a
3443 5481 3603 5539 nobis
3647 5482 3716 5537 de

2124 5584 2380 5642 omnibus
2402 5582 2640 5655 peccatis
2655 5581 3019 5652 expiationem
3048 5590 3160 5635 tum
3184 5576 3424 5649 magnis,
3446 5584 3559 5631 tum
3587 5589 3716 5645 par-

2124 5679 2228 5735 vis.
2266 5675 2325 5733 Si
2360 5676 2506 5733 enim
2533 5674 2761 5734 stultum
2796 5674 3024 5730 fratrem
3051 5669 3376 5739 dixerimus,
3409 5667 3555 5740 quod
3585 5681 3716 5738 pare
