4146 6492
568 359 669 419 ses

1610 387 1669 442 S.
1712 389 1988 447 CYlllLLl
2026 394 2500 458 ALEXANDRINI
2535 401 2860 462 ARCHIEP.
3722 423 3811 479 581s

575 500 781 562 ponunt
807 493 965 563 justi,
997 502 1056 551 nt
1110 499 1212 555 hoc
1253 499 1356 557 sibi
1404 503 1704 573 contingat,
1755 519 2053 581 regnetqne
2093 513 2146 568 in

575 585 719 606 .--η
752 583 995 606 ηιμ-,μ
1064 589 1102 606 η
1149 593 1160 604 .
1272 601 1281 606 -
1356 601 1366 606 -
1458 595 1472 606 .
1521 596 1534 606 .
1588 597 1705 606 -..

2254 517 2413 572 τοῦτο
2449 520 2714 593 ὑπάρξειν
2735 540 2748 552 ·
2779 522 2860 577 ἔτι
2891 523 2948 576 δὲ
2979 523 3072 578 καὶ
3105 526 3216 590 τοῖς
3244 527 3512 595 ἀπίστοις,
3549 532 3628 586 ἵνα
3655 539 3808 606 ὀρῶν-

573 585 721 652 Ipsos
751 583 1023 642 Christus.
1061 589 1200 657 Quin
1231 601 1286 646 ut
1315 601 1372 650 et
1403 595 1472 648 ad
1520 596 1772 654 infideles
1817 617 2032 672 quoque
2061 621 2149 660 re-

573 690 735 743 gnum
769 679 1092 733 extendatur
1127 681 1267 737 istud
1299 685 1525 752 cupiunt
1574 697 1638 742 ut
1679 693 1886 756 apertis
1929 696 1994 748 ad
2055 713 2148 751 ve-

2257 628 2348 672 τες
2381 614 2474 665 καὶ
2506 615 2853 680 πιστεύοντες
2884 619 2964 681 εἰς
2991 618 3179 685 αὑτὸν,
3199 621 3400 676 οἰκεῖον
3434 623 3635 681 ἑαυτῶν
3671 629 3814 696 {Eum

2257 701 2502 770 βασιλέα.

574 765 752 821 ritatis
784 766 962 822 lumen
995 772 1163 826 oculis
1189 776 1475 833 credentes
1519 778 1572 834 in
1624 781 1821 849 ipsum,
1851 773 2135 856 propr-ium
2175 765 2273 862 ipsi
2305 811 2521 865 quoque
2555 799 2809 854 eumdem
2862 799 3142 855 Christum
3214 802 3454 860 habeant
3515 820 3818 877 agnoscant-

573 870 678 924 qne
715 872 913 928 regem.

645 945 732 1008 Vl,
776 947 860 1001 14.
901 949 959 1002 St
1007 968 1146 1005 enim
1191 953 1499 1010 dimiseritis
1540 959 1842 1018 hominibus
1891 977 2144 1034 peccata,

573 1037 796 1092 dimittet
823 1041 982 1093 etiam
1011 1044 1152 1097 vobis
1180 1042 1346 1100 Pater
1386 1058 1556 1103 vester
1579 1052 1827 1110 caelestis.

641 1212 826 1268 Potest
857 1230 1068 1286 quoque
1103 1218 1261 1275 Jesns
1304 1232 1362 1276 ut
1411 1225 1550 1280 Dens
1590 1237 1814 1296 peccata
1849 1233 2142 1307 dimittere,

569 1307 663 1359 sed
696 1314 954 1375 tanquam
993 1311 1172 1366 adhuc
1216 1313 1552 1384 imperfectis
1592 1321 1873 1392 discipulis
1907 1329 2148 1385 nondum

568 1397 635 1451 de
667 1411 764 1452 sua
790 1398 992 1454 deitate
1023 1402 1258 1458 instituit
1283 1422 1615 1467 sermonem.

643 1487 750 1561 14
795 1490 874 1551 Vl,
903 1491 994 1545 24.
1029 1493 1199 1547 Nemo
1233 1506 1398 1562 potest
1429 1499 1634 1556 duobus
1661 1503 1892 1577 dominis
1915 1511 2150 1580 servire;

568 1589 661 1632 aut
696 1581 835 1633 enim
859 1599 1022 1638 unum
1056 1586 1178 1640 odio
1211 1588 1438 1656 habebit,
1475 1602 1523 1644 et
1551 1593 1775 1650 alterum
1810 1599 2027 1669 diliget;
2062 1613 2154 1658 aut

566 1685 732 1724 unum
762 1675 1063 1742 sustinebit,
1099 1687 1148 1731 et
1174 1683 1400 1734 alterunt
1435 1693 1750 1743 contemnet.

2343 974 2485 1028 Ἐὰν
2528 975 2637 1044 γὰρ
2668 978 2859 1047 ἀφῆτε
2893 981 3019 1046 τοῖς
3049 983 3382 1050 ἀνθρώποις
3418 986 3492 1039 τὰ
3528 996 3821 1057 παραπτώ-

2252 1081 2431 1133 ματα,
2461 1067 2685 1135 ἀφήσει
2726 1071 2824 1123 καὶ
2863 1071 3008 1140 ὑμῖν
3044 1076 3077 1126 ὁ
3120 1076 3323 1144 Πατὴρ
3368 1077 3537 1146 ὑμῶν
3585 1084 3618 1133 ό
3659 1084 3818 1152 οὐράς

2256 1180 2403 1217 νιος.

2329 1184 2349 1216 9
2391 1205 2403 1217 .

2329 1184 2562 1307 Aiivatat
2597 1255 2690 1309 καὶ
2779 1256 2987 1326 Ἰησοῦς
3013 1262 3088 1325 ὡς
3120 1263 3254 1328 Θεὸς
3283 1263 3501 1333 ἀφιέναι
3545 1268 3818 1338 ἁμαρτίας,

2259 1339 2372 1393 ἀλλ’
2399 1342 2475 1405 ὡς
2524 1342 2604 1396 ἔτι
2657 1345 2874 1400 ἀτελέσι
2924 1350 3036 1412 τοῖς
3079 1351 3373 1422 μαθηταῖς,
3405 1352 3558 1408 οὔπω
3586 1357 3673 1409 τὸν
3704 1361 3820 1429 περὶ

2250 1430 2353 1500 τῆς
2385 1431 2522 1493 ἰδίας
2546 1432 2799 1505 Θεότητος
2833 1437 3120 1507 παρέδωκε
3152 1440 3328 1507 λόγον.

2327 1521 2539 1589 Οὐδεὶς
2559 1523 2810 1580 δύναται
2841 1527 2986 1581 δυσὶ
3018 1531 3251 1598 κυρίοις
3279 1533 3596 1589 δουλεύειν
3614 1553 3627 1570 ·
3659 1538 3694 1604 ἣ
3721 1539 3820 1607 γὰρ

2251 1611 2362 1666 τὸν
2393 1613 2504 1669 ἕνα
2541 1617 2817 1685 μισήσει,
2861 1621 2960 1673 καί
3012 1621 3119 1674 τὸν
3164 1623 3374 1692 ἕτερον
3410 1628 3740 1696 ἀγαπήσει·
3785 1631 3819 1698 ἢ

2252 1701 2391 1767 ἐνὸς
2424 1703 2755 1770 ἀνθέξεται,
2798 1708 2896 1760 καὶ
2934 1709 3040 1762 τοῦ
3073 1711 3284 1778 ἐτέρου
3317 1716 3771 1784 καταφρονήσει.

638 1757 708 1811 Ει
741 1761 1063 1830 simpliciter
1102 1767 1356 1834 dicendo,
1404 1787 1511 1826 non
1558 1783 1737 1842 potest
1778 1781 1904 1848 quis
1950 1798 2073 1840 sese
2120 1802 2146 1841 a

638 1851 938 1878 u|n_:..l:I...-
970 1854 1271 1878 ..η’...ε.κ.ςιΔ
1304 1876 1339 1878 ,-
1412 1877 1421 1878 κ
1917 1875 1927 1878 -
1956 1874 1983 1878 _

2367 1757 2382 1767 .
2587 1757 2602 1769 .
2743 1757 2755 1770 1
2800 1757 2828 1760 ν-
2861 1757 2893 1760 ί-
2940 1757 3031 1762 -ν-
3075 1757 3277 1778 τ’*τννν
3317 1757 3771 1784 ’να-*γε’νιηυννο

2324 1795 2436 1847 Καὶ
2487 1795 2676 1859 ἁπλῶς
2726 1799 2924 1861 εἰπεῖν,
2952 1801 3014 1852 οὐ
3061 1801 3287 1856 δύναταί
3327 1822 3416 1868 τις
3474 1806 3550 1877 μὴ
3602 1809 3824 1878 χωρίσας

568 1851 940 1907 materialibus
967 1854 1344 1914 affectionibus
1365 1877 1469 1915 non
1500 1879 1819 1936 segregans,
1846 1875 1927 1926 vel
1956 1874 2147 1944 Deum,

565 1939 650 1994 vel
681 1944 986 2009 proximum
1035 1948 1249 2004 sincere
1279 1952 1526 2023 diligere.
1565 1955 1746 2013 Bonus
1788 1963 2006 2030 quidem
2050 1939 2150 2024 do;

566 2032 748 2087 minus
795 2037 1038 2090 avaritim
1082 2053 1276 2110 expers
1331 2053 1416 2098 est
1477 2046 1728 2115 animus;
1786 2068 1988 2116 pravus
2025 2073 2152 2114 vero

561 2139 750 2180 amans
792 2129 1052 2195 pecunias
1089 2150 1102 2186 ε
1133 2132 1255 2188 ideo
1303 2136 1395 2190 uni
1431 2139 1708 2194 addictum
1756 2159 1878 2201 esse
1910 2161 2148 2216 oportet.

560 2215 679 2270 Non
709 2217 854 2270 enim
892 2220 1006 2274 fieri
1036 2232 1236 2291 potest,
1270 2235 1328 2280 ut
1377 2228 1586 2286 duobus
1618 2232 1821 2290 diversi
1860 2215 2153 2296 contrariiv

567 2320 670 2376 que
705 2307 923 2363 habitus
959 2311 1294 2379 placeamus.

639 2395 742 2468 15
776 2397 861 2466 Vl,
897 2399 987 2454 Ξῖ).
1029 2401 1158 2457 Ideo
1183 2407 1301 2460 dico
1339 2409 1506 2474 vobis,
1547 2429 1609 2466 ne
1646 2415 1859 2470 solliciti
1886 2421 1999 2475 sitis
2029 2425 2151 2476 ani-

567 2502 664 2539 ma:
702 2501 885 2542 vestrm
921 2493 1047 2554 quid
1098 2499 1448 2569 manducetis,
1504 2520 1669 2575 neque
1716 2513 1927 2579 corpori
1979 2524 2150 2570 vestro

567 2578 691 2646 quid
720 2580 1040 2639 induamini.
1213 2575 1216 2578 i

637 2669 832 2724 Anima
880 2678 1234 2743 praestantior
1267 2690 1349 2735 est
1395 2698 1625 2754 corpore
1672 2698 1862 2759 utpote
1893 2694 2070 2763 imago
2096 2707 2152 2754 et

563 2757 776 2818 afﬂatus
817 2763 934 2821 Dei.
960 2765 1173 2835 Corpus
1197 2786 1359 2840 porro
1385 2775 1804 2835 instrumentum
1826 2783 1994 2852 ipsius
2029 2803 2154 2843 coo-

565 2862 784 2921 peratur
806 2853 906 2923 ipsi
928 2856 994 2910 ad
1012 2860 1212 2926 optima
1239 2877 1483 2934 quaeque.
1499 2866 1725 2937 Oportet
1740 2887 1869 2943 ergo
1884 2892 1982 2930 nos
2000 2893 2153 2932 cura-

564 2957 625 3000 re
639 2951 946 3015 utrumque.
981 2963 1044 3004 ac
1067 2965 1269 3021 corpus
1294 2956 1511 3023 quidem
1534 2973 1799 3029 quantum
1823 2981 2042 3023 necesse
2067 2981 2151 3026 est

562 3032 630 3087 ad
681 3035 956 3092 vitandum
1008 3054 1075 3095 ne
1126 3041 1179 3096 id
1234 3045 1623 3115 impedimento
1671 3055 1743 3108 sit
1797 3057 2011 3123 animae,
2060 3063 2145 3116 cui

562 3126 906 3194 potissimum
979 3131 1368 3204 invigilnndum
1435 3151 1555 3209 est,
1627 3160 1955 3220 semperque
2026 3149 2216 3208 eni-C

563 3219 788 3274 tendum
843 3233 902 3277 ut
955 3223 1146 3279 demus
1188 3227 1261 3282 illi
1294 3245 1413 3298 quae
1448 3233 1620 3302 ipsam
1680 3238 1910 3308 decent;
1948 3243 2152 3296 refera-

563 3324 792 3381 musque
838 3313 983 3368 illam
1035 3331 1130 3385 per
1171 3321 1494 3377 exercitium
1530 3327 1798 3383 virtutum
1832 3335 1899 3386 ad
1925 3347 2146 3389 causam

566 3402 708 3457 unde
738 3406 963 3474 prodiit,
999 3408 1166 3464 Deum
1199 3413 1448 3470 videlicet
1479 3419 1571 3485 qui
1606 3423 1815 3476 creavit
1846 3424 2042 3494 ipsam.

638 3491 745 3563 ιθ
783 3491 870 3560 Vl,
913 3497 1003 3552 51.
1046 3499 1229 3556 Nolite
1274 3521 1396 3574 ergo
1433 3508 1649 3564 solliciti
1702 3530 1815 3568 esse
1858 3491 2147 3576 dicentes:

564 3582 707 3648 Quid
736 3590 1193 3660 manducabimus,
1212 3605 1304 3649 aut
1339 3600 1468 3667 quid
1501 3601 1758 3672 bibemus,
1787 3615 1880 3660 aut
1905 3625 2008 3678 quo
2035 3626 2145 3680 ope-

563 3677 760 3746 riemur
781 3681 808 3734 7

631 3767 1012 3831 Quaerentibus
1057 3790 1176 3844 quae
1232 3780 1299 3836 ad
1355 3782 1592 3838 animam
1647 3787 1944 3856 pertinent,
2003 3790 2146 3848 ultro

563 3856 793 3927 largitur
818 3861 956 3919 Deus
985 3882 1104 3935 qua:
1127 3884 1265 3938 Opus
1299 3883 1427 3926 sunt
1453 3879 1692 3944 corpori.
1725 3877 1879 3945 Quod
1913 3882 2056 3938 scire
2081 3899 2146 3940 ac

563 3948 805 4016 cogitare
849 3969 948 4008 nos
987 3957 1170 4023 decet,
1207 3975 1277 4015 ne
1319 3963 1500 4016 nimia:
1543 3966 1731 4022 talium
1779 3985 1958 4025 rerum
2001 3987 2148 4030 curas

562 4038 947 4107 impedimento
980 4045 1090 4102 sint
1121 4049 1275 4106 nobis
1311 4053 1376 4106 ad
1412 4057 1760 4125 Operationes
1800 4067 2144 4132 prastantis-

561 4145 751 4188 SttIiaS.

632 4221 742 4287 νη,
769 4223 823 4280 2.
865 4225 932 4281 In
959 4245 1061 4298 quo
1085 4234 1220 4288 enim
1255 4237 1460 4306 iudicio
1485 4242 1880 4313 judicaveritis,
1917 4249 2142 4318 judica-

489 4355 502 4362 -
559 4311 764 4379 bimini,
794 4325 844 4370 et
873 4318 929 4372 in
954 4336 1058 4392 qua
1093 4341 1341 4383 mensura
1371 4332 1537 4385 mensi
1568 4333 1805 4403 fueritis,
1843 4342 2144 4394 remetiatur

559 4405 717 4459 nobis.

632 4496 736 4564 Qui
772 4501 837 4554 ad
873 4503 1188 4576 religionem
1238 4512 1473 4568 instituti
1507 4526 1652 4582 sunt,
1682 4519 1822 4574 bona
1855 4523 2142 4589 prudentia

557 4587 769 4646 frenum
799 4593 1048 4666 injiciunt
1077 4601 1296 4671 linguae,
1327 4615 1386 4660 ut
1411 4607 1501 4661 illa
1533 4610 1708 4663 solum
1744 4587 1890 4680 loqui
1924 4629 2141 4671 assues-

559 4691 706 4748 cant,
727 4699 848 4753 qua:
865 4689 1072 4746 nullum
1096 4691 1327 4750 afferant
1356 4709 1776 4766 nocumentum;
1816 4701 1918 4757 hoc
1941 4704 2141 4761 docens

557 4785 659 4826 nos
697 4777 1004 4844 sapientum
1055 4782 1252 4852 aliquis
1298 4786 1476 4840 dixit:
1515 4805 1534 4838 ι
1571 4786 1702 4854 Fili,
1747 4791 2014 4860 siquidem
2055 4805 2140 4852 est

557 4865 653 4919 tibi
683 4881 864 4924 sermo
893 4871 1220 4944 intellectus,
1241 4879 1538 4948 responde;
1566 4882 1649 4935 sin
1678 4892 1881 4949 autem,
1915 4887 1988 4940 sit
2019 4903 2138 4943 ma-

557 4971 662 5011 nus
701 4968 790 5012 tua
824 4975 989 5031 super
1013 4978 1076 5019 os
1115 4975 1288 5034 tuum,
1317 4985 1466 5026 mors
1492 4972 1637 5027 enim
1659 4982 1717 5037 et
1744 4975 1850 5030 vita
1888 4976 1941 5031 in
1973 4993 2138 5035 manu

555 5045 833 5119 lingum';
871 5071 893 5106 ι
933 5055 982 5109 id
1001 5057 1172 5120 est,in
1205 5070 1514 5128 potestate;
1557 5081 1576 5116 ι
1604 5066 1699 5134 qui
1725 5081 1854 5122 vero
1895 5079 2137 5138 potesta-

555 5147 666 5194 tem
689 5140 886 5198 habent
917 5145 1081 5211 illius,
1112 5150 1276 5205 edent
1326 5153 1533 5208 fructus
1565 5155 1728 5212 illius.
1774 5176 1794 5209 ι
1830 5157 1969 5224 Quia
2009 5175 2139 5218 vero

554 5226 750 5300 lingua;
780 5245 1103 5302 potestatem
1134 5240 1332 5297 habere
1359 5259 1462 5298 non
1483 5245 1618 5299 adeo
1648 5245 1806 5302 facile
1835 5258 1940 5315 est,
1972 5265 2134 5321 supe-

558 5320 666 5377 rius
687 5325 850 5381 etiam
874 5328 975 5384 hoc
994 5345 1093 5386 nos
1114 5334 1389 5402 postulare
1411 5335 1700 5391 Psaltnista
1725 5339 1881 5394 docet
1901 5320 2090 5400 dicens
2115 5361 2128 5398 :

568 5431 586 5464 ι
613 5412 778 5482 Pone,
803 5421 1054 5487 Domine,
1080 5426 1385 5480 custodiam
1426 5429 1507 5480 ori
1537 5428 1698 5482 meo’
1722 5445 1738 5493 ;
1764 5447 1783 5481 ι
1807 5447 1874 5485 ne
1899 5431 2131 5488 invicem

556 5503 802 5564 Videlicet
830 5511 1212 5584 obloquamur,
1256 5533 1435 5586 neque
1469 5518 1666 5576 fratres
1694 5530 2128 5578 contemnamus.

552 5597 656 5665 Qui
705 5602 851 5657 enim
892 5605 1166 5664 intellectu
1221 5611 1448 5681 regitur,
1485 5627 1589 5667 non
1635 5613 1861 5670 aliorum
1910 5629 2131 5686 peccata

634 5772 654 5800 ⁸
687 5777 832 5834 Ειϊιί
894 5796 942 5853 ν,
976 5783 1031 5834 H
1059 5804 1070 5845 ;
1096 5785 1242 5856 Prov
1307 5804 1453 5849 xuii,
1489 5790 1574 5844 il.
1654 5791 2054 5865 ’l‘s:il.cx1.,3.

2257 1885 2449 1938 ἑαυτὸν
2478 1887 2575 1957 τῆς
2602 1887 2710 1940 τῶν
2744 1888 2945 1942 ὑλικῶν
2979 1894 3376 1960 προσπαθείας,
3412 1896 3537 1950 οὔτε
3568 1898 3656 1950 τὸν
3681 1899 3822 1962 Θεὸν,

2253 1972 2378 2027 οὔτε
2429 1974 2520 2030 τὸν
2563 1977 2795 2048 πλησίον
2841 1980 3128 2052 ἀγαπῆσαι
3181 1987 3689 2058 γνησίως.Ἀγαθδς
3737 1993 3825 2060 μὲν

2254 2070 2530 2143 δεσπότης
2573 2075 2602 2125 ό
2645 2073 3024 2145 ἁφιλάργυρος
3057 2079 3276 2149 τρόπος,
3317 2082 3526 2149 φαῦλος
3552 2083 3606 2136 δὲ
3638 2087 3665 2136 ό
3696 2083 3824 2154 ἐρῶν

2253 2161 2576 2230 χρημάτων,
2602 2163 2683 2217 διὸ
2728 2165 2806 2236 τῷ
2855 2169 2936 2220 ἑνὶ
2981 2168 3328 2239 προσθετέον.
3361 2171 3442 2223 Οὐ
3479 2171 3587 2242 γὰρ
3616 2172 3823 2226 δυνατὸν

2252 2257 2364 2317 τοῖς
2389 2254 2541 2310 δυσὶν
2565 2257 2764 2328 ἀρέσαι
2793 2261 3051 2330 διαφόρου
3078 2264 3173 2316 καὶ
3200 2265 3451 2319 ἐναντίου
3475 2263 3625 2322 οὖσιν
3645 2265 3816 2332 ἕξεως.

2324 2435 2426 2488 Διὰ
2459 2439 2635 2492 τοῦτο
2677 2441 2834 2511 λέγω
2874 2446 3036 2513 ὑμῖν.
3085 2448 3170 2515 μὴ
3210 2449 3541 2518 μεριμνᾶτε
3571 2450 3645 2518 τῇ
3671 2449 3826 2519 ψυχῇ

2251 2524 2438 2591 ὑμῶν,
2470 2528 2529 2579 τί
2561 2528 2816 2598 φάγητε,
2854 2534 2951 2587 καί
2983 2535 3040 2589 τί
3067 2537 3262 2604 πίητε,
3295 2539 3464 2608 μηδὲ
3499 2540 3580 2606 τῷ
3616 2541 3827 2610 σώματι

2250 2617 2420 2688 ὑμῶν
2451 2621 2508 2673 τί
2533 2622 2900 2692 ἐνδύσησθε.

2335 2710 2397 2762 Ἡ
2429 2710 2574 2780 ψυχὴ
2604 2714 2704 2782 τῆς
2728 2713 2822 2766 τοῦ
2852 2714 3105 2785 σώματος
3126 2718 3315 2782 οὐσίας
3337 2736 3367 2772 τ
3383 2721 3650 2793 ιμιωτέρα
3675 2722 3826 2788 ἐστὶν,

2249 2801 2325 2865 ὼς
2359 2802 2525 2856 εἰκὼν
2566 2803 2701 2857 Θεοῦ
2746 2807 2839 2860 καὶ
2868 2809 3174 2881 ἐμφύσημα
3195 2826 3210 2841 ·
3242 2813 3303 2864 τὸ
3332 2813 3401 2866 δὲ
3433 2814 3592 2883 σῶμα
3617 2814 3830 2885 δργανόν

2250 2891 2401 2945 ἐστιν
2446 2894 2616 2963 αὐτῆς
2664 2896 2756 2948 καὶ
2813 2899 3075 2969 συνεργὸν
3122 2900 3259 2969 πρὸς
3288 2901 3355 2955 τὰ
3403 2903 3686 2959 κάλλιστα.
3720 2904 3827 2975 Χρὴ

2251 2977 2344 3036 οὖν
2395 2984 2542 3053 ἡμᾶς
2592 2986 2923 3056 ἀμφοτέρων
2971 2991 3301 3059 φροντίζειν,
3335 2994 3444 3048 τοῦ
3490 3013 3550 3048 τε
3596 2993 3828 3064 σώματος

2251 3073 2368 3142 ἅμα
2404 3076 2496 3128 καὶ
2538 3077 2641 3145 τῆς
2671 3077 2852 3149 ψυχῆς
2872 3100 2884 3112 ·
2918 3082 3014 3134 καὶ
3043 3082 3139 3135 τοῦ
3175 3084 3274 3154 μὲν
3311 3085 3576 3157 σώματος
3605 3088 3692 3140 ἀπὶ
3718 3095 3823 3140 τοσ-

2249 3165 2404 3218 οὖτον
2451 3168 2536 3236 ἐφ’
2569 3168 2692 3222 ὅσον
2742 3171 2923 3225 ἰκανὸν
2954 3174 3137 3244 αὐτῷ,
3171 3176 3266 3229 καὶ
3319 3178 3398 3247 μὴ
3457 3179 3822 3249 ἐμποδίζεσθαι

2248 3256 2348 3327 τὴν
2395 3257 2608 3329 ψυχήν·
2648 3261 2784 3331 αὐτῇ
2831 3261 2888 3316 δὲ
2921 3263 3100 3317 δοτέον
3143 3267 3230 3320 ἀεὶ
3263 3270 3334 3322 τὰ
3368 3272 3549 3324 οἰκεῖα
3597 3271 3686 3324 καὶ
3722 3273 3823 3323 ἐπι-

2253 3347 2513 3418 μελητέον
2547 3351 2845 3415 παντοίως·
2883 3354 2976 3408 καὶ
3022 3356 3284 3411 ἀνακτέον
3337 3360 3432 3415 διὰ
3477 3362 3590 3416 τῶν
3631 3361 3822 3433 ἀρετῶν

2250 3437 2387 3509 πρὸς
2419 3438 2516 3510 τὴν
2549 3442 2728 3494 αἰτίαν
2766 3443 2936 3514 αὐτῆς
2970 3445 3072 3514 τὴν
3097 3447 3530 3523 δημιουργικὴν.

2317 3530 2414 3597 Μὴ
2443 3529 2556 3586 οὖν
2582 3535 3010 3604 μεριμνήσητε,
3033 3538 3320 3608 λέγοντες
3337 3559 3354 3575 ·
3390 3546 3455 3599 Τί
3477 3546 3766 3617 φάγωμεν,
3789 3545 3822 3611 ὴ

2247 3621 2308 3673 τί
2331 3622 2577 3692 πίωμεν,
2600 3624 2638 3693 ἢ
2669 3627 2727 3680 τί
2751 3629 3229 3700 περιϐαλώμεθα;

2319 3808 2445 3870 Τοῖς
2478 3807 2544 3861 τὰ
2570 3809 2670 3879 τῆς
2698 3810 2892 3882 ψυχῆς
2915 3809 3139 3884 ζητοῦσι
3176 3818 3396 3874 δίδωσιν
3425 3825 3454 3876 ό
3496 3823 3628 3887 Θεὸς
3656 3823 3823 3877 καὶτὰ

2247 3902 2359 3962 τοῖς
2403 3897 2652 3970 σώμασιν
2681 3903 2986 3973 ἐπιτήδεια·
3030 3907 3116 3960 ἵνα
3152 3909 3226 3979 μὴ
3263 3912 3649 3980 φροντίζοντες
3681 3915 3826 3984 ἡμεῖς

2247 3990 2389 4059 ὑπὲρ
2421 3990 2530 4044 τῶν
2557 3992 2816 4047 τοιοῦτων
2856 3995 3017 4050 πλέον
3043 3997 3137 4051 τοῦ
3166 3999 3404 4066 δέοντος,
3446 4004 3825 4075 ὲμποδισθησό-

2251 4082 2392 4154 μεθα
2421 4084 2560 4156 πρὸς
2597 4086 2667 4139 τὰ
2692 4086 2981 4142 κάλλιστα.

2326 4261 2426 4314 Ἔν
2453 4258 2500 4335 ᾧ
2525 4262 2635 4330 τὰρ
2663 4264 2899 4333 κρίματι
2927 4267 3179 4333 κρίνετε,
3207 4271 3584 4340 κριθήσεσθε
3604 4290 3617 4304 ·
3650 4269 3743 4328 καί
3769 4273 3830 4325 ἐν

2245 4349 2293 4416 ᾦ
2317 4351 2511 4421 μέτρῳ
2534 4355 2820 4422 μετρεῖτε,
2856 4357 3438 4429 ἀντιμετρηθήσεται
3461 4364 3628 4434 ὑμῖν.

2173 4491 2222 4551 D
2321 4525 2383 4578 0i
2412 4525 2549 4596 πρὸς
2595 4527 2882 4584 εὐλάϐειαν
2914 4533 3430 4605 παιδαγωγούμενοι
3477 4541 3576 4594 τὸν
3611 4538 3672 4604 ἐξ
3700 4539 3826 4607 ἀγα-

2249 4617 2346 4686 θῆς
2373 4619 2686 4690 φρονήσεως
2714 4621 2928 4692 χαλινὸν
2945 4626 3266 4696 ἐπιφέρουσι
3283 4633 3350 4700 τῇ
3375 4630 3634 4704 γλώσσῃ,
3661 4633 3828 4685 ἐκεῖνα

2252 4709 2387 4778 μόνα
2418 4709 2598 4765 λαλεῖν
2624 4713 3031 4783 ἐπιτρέποντες,
3057 4718 3159 4772 ὅσα
3181 4719 3240 4771 τὸ
3263 4719 3466 4789 βλάϐος,
3489 4725 3648 4778 οὐδὲν
3671 4725 3826 4777 ποιεῖ’

2247 4797 2404 4852 τοῦτο
2429 4799 2696 4856 διδάσκων
2726 4821 2809 4866 τις
2833 4807 2983 4876 ἡμᾶς
3003 4807 3112 4861 τῶν
3142 4811 3325 4880 σοφῶν
3349 4812 3515 4883 ἔλεγε
3537 4832 3550 4845 ·
3587 4814 3827 4874 «Τέκνον.

2243 4891 2292 4942 εἰ
2324 4891 2422 4960 μὲν
2453 4891 2570 4945 ἐστι
2592 4910 2674 4946 σοι
2703 4895 2860 4963 λόγος
2885 4898 3174 4963 συνέσεως,
3199 4902 3564 4975 ἀποκρίθητι,
3591 4909 3641 4960 εἰ
3663 4907 3719 4961 δὲ
3741 4906 3823 4976 μὴ,

2245 4979 2367 5050 χεὶρ
2398 4979 2538 5033 ἔστω
2565 4983 2656 5035 ἐπὶ
2687 4985 2916 5056 στόματί
2943 5005 3035 5042 σου
3056 5006 3069 5020 ·
3107 4990 3337 5057 θάνατος
3361 4995 3477 5066 γὰρ
3506 4997 3604 5050 καὶ
3637 4996 3750 5068 ζωὴ
3781 4998 3828 5048 ἐν

2245 5072 2392 5141 χειρὶ
2437 5071 2720 5144 γλώσσης·
2757 5095 2776 5129 s
2814 5080 3095 5134 τουτέστιν
3126 5082 3185 5135 ἐν
3209 5084 3459 5156 ἐξουσίᾳ·
3507 5089 3560 5140 οἰ
3595 5089 3654 5141 δὲ
3701 5103 3825 5158 κρα-

2246 5162 2649 5235 τοῦντεςαύτῆς
2670 5166 2875 5222 ἔδονται
2895 5171 3020 5233 τοὺς
3037 5174 3288 5241 καρποὺς
3307 5175 3513 5246 αὐτῆς.
3545 5195 3564 5229 s
3602 5178 3752 5231 Ἐπεὶ
3775 5173 3824 5226 δὲ

2239 5254 2303 5307 τὸ
2330 5253 2581 5326 γλώσσης
2615 5257 2889 5328 κρατῆσαι
2913 5259 2976 5312 οὐ
3001 5262 3207 5332 σφόδρα
3237 5264 3388 5316 ἐστὶν
3417 5266 3671 5338 εὐχερὲς,
3696 5267 3826 5320 ἄνω·

2239 5341 2330 5396 θεν
2360 5345 2452 5397 καὶ
2479 5343 2638 5398 τοῦτο
2670 5348 2818 5417 ἡμᾶς
2847 5349 3019 5402 αἰτεῖν
3046 5351 3074 5402 ὀ
3100 5351 3416 5422 Ψαλμῳδὸς
3461 5353 3707 5408 διδάσκει
3748 5352 3826 5405 λέ-

2236 5452 2348 5506 γων
2371 5451 2385 5469 ·
2441 5456 2459 5490 ι
2489 5437 2615 5505 Θοῦ,
2663 5439 2856 5511 Κύριε,
2885 5441 3134 5512 φυλακὴν
3159 5443 3236 5515 τῷ
3267 5444 3510 5514 στόματί
3543 5463 3667 5515 μου,
3704 5463 3722 5497 s
3758 5444 3823 5513 μὴ

2236 5530 2626 5603 καταλαλῶμεν
2647 5533 2934 5605 τοιγαροῦν
2958 5534 3223 5605 ἀλλήλων,
3248 5535 3385 5606 μηδὲ
3409 5538 3824 5681 καταιξρίνωμεν

2236 5623 2357 5681 τοὺς
2381 5623 2661 5681 ἀδελφούς.
2677 5625 2736 5679 '0
2767 5625 2866 5681 μὲν
2893 5626 3000 5681 γὰο
3027 5626 3240 5680 συνέσει
3265 5627 3569 5681 κυεεονὼιι
3604 5645 3708 5681 νος.
3731 5626 3822 5678 οὐκ

2234 5623 2357 5690 τοὺς
2381 5623 2661 5693 ἀδελφούς.
2677 5625 2736 5679 '0
2766 5625 2866 5697 μὲν
2893 5626 3000 5698 γὰρ
3027 5626 3240 5680 συνέσει
3265 5623 3708 5700 κυϐερνώμὲνΟς,
3731 5626 3822 5678 οὐκ
