4146 6476
385 333 494 389 585

1567 326 1924 384 COMMENT.
1965 328 2033 383 IN
2073 328 2514 386 MATTHEUM.
2593 367 2596 370 .

3503 315 3506 321 ’
3576 334 3680 390 ass

381 453 468 512 εἰς
515 446 615 507 τὰς
655 445 861 517 ἑτέρων
895 443 1175 517 ἁμαρτίας
1209 445 1333 516 ὁρᾷ,
1380 442 1515 498 ἀλλὰ
1549 446 1662 508 τοῖς
1717 444 1869 508 ἰδίοις
1904 446 1993 498 ὲν-

2102 445 2342 516 respicit,
2374 444 2468 500 sed
2501 443 2615 500 suis
2646 444 3008 516 ingemiscens
3043 446 3216 510 malis,
3252 449 3422 504 bonas
3467 460 3564 516 pro
3599 449 3684 502 eis

382 539 651 602 ατενίζων
702 541 920 602 κακοῖς,
945 537 1112 592 καλὸν
1151 539 1268 608 μετ’
1306 537 1492 601 αὐτοῖς
1538 537 1878 608 καταστήσει
1927 537 1988 590 τὸ

379 634 642 703 δάκρυον,
675 632 764 684 ἴνα
795 632 1092 703 κομίσηται
1140 630 1239 701 τὴν
1257 631 1454 698 ἄφεσιν
1472 629 1623 702 παρὰ
1643 629 1799 684 θεοῦ.
1820 631 1990 703 Ἀμή-

381 741 551 794 χανον
581 724 692 795 γὰρ
727 723 889 787 ὄντας
917 721 1266 794 ἀνθρώπους.
1289 723 1385 776 καὶ
1411 720 1586 786 οὕτως
1610 721 1879 785 ἀσθενεῖς,
1911 721 1988 794 μὴ

382 816 608 879 πάντως
645 815 853 883 ὀλίγοις
893 815 1249 884 περιπίπτειν
1285 815 1627 884 ὰτοπήμασι.
1659 813 1733 865 Τὸ
1755 813 1814 866 δὲ
1851 813 1989 884 μηδ’

380 907 526 969 ὅλως
552 909 896 978 περιπεσεῖν,
928 907 1074 977 μόνῳ
1101 905 1360 976 πρόσεστι
1393 903 1536 958 κατὰ
1560 902 1722 973 φύσιν
1747 903 1825 974 τῷ
1848 903 1986 974 Θεῷ.

393 999 580 1068 Ἠμᾰς
620 998 677 1051 δὲ
724 999 1025 1066 ἀναγκαῖον
1071 997 1201 1061 τοὺς
1247 997 1408 1058 ὄντας
1454 997 1512 1049 ὲν
1551 995 1876 1068 ἁμαρτίαις,
1913 995 1991 1066 μὴ

380 1092 504 1154 τοῖς
547 1090 852 1161 ἀλλοτρίοις
902 1089 1200 1161 ἐφήδεσθαι
1246 1090 1457 1152 κακοῖς,
1485 1087 1624 1142 ἀλλὰ
1658 1087 1989 1158 φροντίζειν,

382 1182 540 1244 ὅπως
567 1181 634 1235 ἂν
666 1181 824 1235 αὐτοὶ
849 1181 960 1234 τῶν
992 1179 1218 1250 φαύλων
1249 1179 1356 1246 ἔξω
1386 1177 1698 1248 γενώμεθα.

473 1292 818 1361 ’Υποκριτὰ,
846 1293 1066 1346 ἔκϐαλε
1107 1288 1343 1357 πρῶτον
1387 1287 1504 1357 τὴν
1543 1287 1734 1342 δοκὸν
1768 1287 1839 1341 ἐκ
1883 1287 1993 1342 τοῦ

382 1381 706 1450 ὀφθαλμοῦ
748 1396 888 1444 σου,
927 1380 1026 1433 καὶ
1066 1380 1201 1432 τότε
1234 1378 1585 1446 διαϐλέψεις
1615 1378 1898 1432 ἐκϐαλεῖν
1926 1379 1994 1432 τὸ

381 1473 627 1542 κάρφος
660 1473 730 1526 ἐκ
759 1471 868 1525 τοῦ
894 1471 1212 1541 ὀφθαλμοῦ
1251 1470 1358 1524 τοῦ
1389 1469 1660 1538 ἀδελφοῦ
1692 1486 1830 1524 σου.

470 1588 490 1620 ι
505 1567 749 1621 Ἔκϐαλε
775 1567 994 1637 πρῶτον
1015 1567 1114 1638 τὴν
1142 1565 1300 1618 δοκὸν
1322 1567 1384 1618 ἐκ
1407 1564 1502 1616 τοῦ
1526 1564 1809 1636 ὀφθαλμοῦ
1839 1581 1986 1628 σου,ι

383 1659 640 1715 τουτέστι
688 1660 891 1714 σαυτὸν
951 1658 1221 1724 ἐπίδειξον
1291 1658 1534 1730 καθαρὸν
1585 1657 1691 1711 τῶν
1741 1657 1995 1729 μεγάλων

383 1753 835 1825 ἁμαρτημάτων,
869 1753 964 1806 καὶ
992 1754 1114 1806 τότε
1144 1751 1448 1822 σύμϐουλος
1474 1750 1574 1824 ἔσῃ
1621 1749 1700 1820 τῷ
1745 1751 1994 1804 πταίοντι

2095 537 2368 609 lacrymas
2422 537 2600 592 fundit
2642 546 2698 592 ut
2747 538 2993 594 obtineat
3036 553 3066 593 a
3115 537 3226 593 Deo
3271 540 3679 595 remissionem.
3734 597 3736 600 ,

2091 627 2237 682 Fieri
2263 629 2408 683 enim
2451 645 2558 684 non
2591 639 2792 699 potest,
2836 645 2958 685 cum
2990 629 3245 686 homines
3285 632 3478 695 simus,
3519 632 3684 686 adeo-

2092 734 2201 789 que
2234 720 2459 788 inllrmi,
2491 731 2549 776 ut
2586 721 2636 776 in
2671 736 2867 792 parvos
2911 736 3128 778 errores
3171 738 3276 776 non
3317 722 3680 778 incurramus.

2091 810 2263 866 Plane
2301 822 2481 867 autem
2525 828 2636 868 non
2668 829 2892 881 errare,
2932 815 3042 871 Deo
3081 816 3384 870 secundum
3433 826 3683 870 naturam

2092 903 2278 968 adest;
2319 919 2417 959 nos
2438 919 2568 959 vero
2596 905 2648 960 in
2682 908 2922 976 peccatis
2951 909 3298 974 exsistentes,
3346 909 3541 962 alienis
3577 924 3682 961 non

2093 995 2461 1051 condelectari
2513 996 2672 1049 malis
2715 1010 2939 1050 necesse
2973 1005 3052 1049 est
3079 1037 3094 1060 ,
3135 996 3237 1065 17
3283 997 3378 1052 sed
3425 997 3687 1052 sollicitos

2093 1102 2220 1142 85.98
2256 1098 2316 1143 Ill
2347 1100 2574 1143 numero
2609 1103 2898 1158 pravorum
2929 1103 3034 1142 non
3061 1104 3468 1143 accenseamur.

2168 1289 2279 1356 VII,
2313 1289 2366 1344 5.
2402 1288 2696 1359 Hypocrita
2721 1331 2733 1353 ,
2776 1289 2905 1362 ejice
2931 1291 3163 1360 primum
3207 1289 3407 1344 trabem
3438 1290 3502 1344 de
3533 1290 3685 1344 oculo

2095 1396 2204 1450 tuo,
2248 1394 2297 1438 et
2337 1395 2463 1437 tunc
2506 1383 2702 1437 videbis
2737 1383 2928 1452 ejicere
2963 1383 3218 1452 festucam
3266 1383 3329 1437 de
3367 1382 3519 1436 oculo
3566 1379 3684 1451 {ro-

2097 1478 2197 1530 tris
2235 1477 2330 1530 lui.

2175 1586 2191 1619 ι
2215 1567 2359 1634 Ejice
2376 1557 2531 1638 prius
2558 1565 2764 1621 trabem
2793 1581 2856 1620 ex
2879 1567 3035 1621 oculo
3060 1575 3169 1631 tuo,
3197 1584 3216 1617 ι
3247 1564 3296 1618 id
3324 1574 3426 1630 est,
3453 1566 3686 1632 teipsum

2099 1660 2358 1714 mundum
2397 1661 2596 1714 exhibe
2627 1675 2655 1714 a
2697 1659 3044 1729 gravioribus
3082 1661 3344 1729 peccatis,
3378 1674 3441 1713 ac
3477 1669 3602 1714 tunc
3636 1661 3688 1712 in

2100 1752 2308 1806 minora
2351 1753 2612 1808 incidenti
2660 1752 2935 1808 consules.
2978 1751 3075 1806 Sin
3109 1763 3290 1806 autem
3325 1753 3531 1805 trabem
3581 1767 3689 1805 non

387 1847 618 1918 μικρόν.
656 1847 719 1899 Ei
749 1846 794 1899 δ’
828 1847 931 1898 ούκ
959 1843 1246 1907 ἐκϐάλλεις
1285 1843 1386 1914 τὴν
1419 1842 1597 1907 δοκὸν,
1633 1841 1990 1913 κατακρίνεις

2102 1841 2275 1913 ejicis,
2306 1845 2639 1898 condemnas
2685 1859 2814 1898 vero
2842 1842 3104 1898 festucam
3151 1844 3462 1907 habentem,
3495 1845 3694 1898 merito

383 1940 447 1993 δὲ
473 1939 570 1992 τὸν
599 1938 795 2010 ἔχοντα
823 1938 885 1990 τὸ
908 1938 1144 2008 κάρφος,
1177 1936 1419 2004 εὐλόγως
1444 1935 1656 2007 ἀκούσῃ
1677 1935 1738 1987 τὸ
1761 1937 1998 1987 ἀποστο-

383 2032 544 2085 λικόν
570 2047 584 2060 ο
620 2051 639 2082 ί
663 2031 721 2084 '0
749 2029 924 2097 λέγων
977 2029 1050 2100 μὴ
1099 2028 1397 2098 μοιχεύειν,
1435 2025 1733 2097 μοιχεύειςο
1765 2027 1793 2078 ὁ
1821 2024 1997 2093 λέγων

389 2125 471 2193 μὴ
517 2122 798 2187 κλέπτειν,
846 2121 1123 2186 κλέπτεις.
1161 2140 1180 2168 ι
1233 2119 1445 2174 Οὐκοῦν
1478 2119 1657 2190 ἑαυτῷ
1697 2119 1797 2187 μὲν
1843 2119 1998 2171 ἔσται

385 2213 720 2274 διδάσκαλος
776 2212 963 2282 σοφὸς,
992 2211 1184 2283 ⁹ἕτερον
1236 2211 1294 2264 δὲ
1343 2211 1404 2263 οὐ
1452 2213 1796 2278 κατακρινεῖ.
1826 2210 1998 2263 Τοῦτο

387 2307 502 2377 γὰρ
535 2305 632 2358 καὶ
669 2305 698 2357 ὀ
725 2303 892 2374 νόμος
920 2306 948 2356 ὀ
974 2303 1061 2356 διὰ
1094 2303 1342 2366 Μωσέως
1377 2301 1749 2373 παραγγέλλει
1786 2302 1962 2371 λέγων
1983 2317 1996 2330 ·

395 2415 419 2448 s
452 2397 697 2469 Πρόσεχε
729 2394 960 2466 σεαυτῷ,
996 2413 1013 2446 ι
1049 2396 1236 2465 φησὶν,
1268 2397 1368 2466 οὐχ
1410 2395 1605 2466 ἑτέρῳ.
1627 2395 1701 2448 Τὸ
1727 2395 1783 2448 δὲ
1810 2396 2001 2464 πρόσ-

393 2505 525 2560 εχε,
554 2489 678 2543 ἀντὶ
702 2487 798 2540 τοῦ
847 2487 1214 2560 Παραϐλέπου
1263 2487 1331 2540 τὰ
1365 2488 1507 2541 κατὰ
1567 2488 1764 2542 σαυτόν
1797 2505 1810 2520 ·
1841 2490 1871 2541 ὀ
1900 2489 2001 2560 μὲν

386 2582 461 2654 δὴ
497 2580 742 2645 συνετὸς,
777 2578 951 2642 οὕτως
986 2579 1179 2632 ἑαυτὸν
1226 2579 1662 2649 παιδαγωγήσει,
1694 2580 1796 2633 οὐκ
1823 2582 1902 2643 είς
1931 2580 2000 2634 τὰ

390 2673 606 2745 ἐτέρων
638 2671 967 2726 ἀποϐλέπων
998 2671 1338 2742 πταίσματα,
1369 2671 1505 2725 ἀλλὰ
1530 2671 1600 2724 τὰ
1629 2673 1804 2724 οἰκεῖα
1838 2688 2001 2742 περι-

389 2765 795 2837 εργαξόμενος,
847 2763 942 2816 καὶ
986 2762 1128 2831 ὑπὲρ
1178 2761 1360 2814 αὐτῶν
1394 2760 1820 2832 μεταγινώσκων
1857 2759 1998 2830 Θεῷ.

391 2857 522 2910 Εἰσὶ
567 2856 626 2910 δέ
660 2873 829 2921 τινες,
863 2853 912 2907 οἳ
941 2852 1012 2907 τὰ
1048 2854 1148 2924 μὲν
1179 2853 1392 2906 ἑαυτῶν
1427 2852 1526 2923 οὐχ
1555 2851 1754 2922 ὁρῶσιν
1781 2849 2002 2920 ὀλισθή-

395 2964 570 3018 ματα,
602 2946 698 3000 ὲπὶ
730 2945 787 2998 δὲ
814 2945 926 3006 τοῖς
973 2944 1177 3014 ἑτέρων
1209 2943 1604 3014 προσκόμμασι
1636 2941 1836 3009 γελῶσι
1866 2939 2003 2992 πλα⁴

392 3039 462 3093 τύ
485 3056 498 3069 ·
529 3040 580 3092 οί
611 3039 786 3110 χαμαὶ
816 3037 1062 3107 κείμενοι
1097 3036 1222 3099 τοὺς
1250 3035 1495 3098 ἑστῶτας
1525 3031 2000 3104 ὲπιχλευάζουσιν,

391 3130 447 3181 οί
478 3129 590 3182 ἀπὸ
621 3128 803 3182 ποδῶν
848 3129 954 3192 ἕως
984 3127 1230 3197 κεφαλῆς
1267 3125 1514 3196 βορϐόρῳ
1556 3125 1998 3196 κατέχρισμένοι,

2100 1937 2287 1991 audies
2322 1937 2452 1990 illud
2481 1936 2719 2004 Apostoli
2752 1952 2765 1988 :
2811 1955 2828 1988 ι
2857 1935 2959 2002 Qui
2992 1935 3130 1990 dicis
3158 1951 3263 1989 non
3302 1937 3692 1989 mmehandum

2099 2026 2416 2091 mmobaris,
2467 2035 2521 2080 et
2567 2027 2660 2094 qui
2713 2027 2976 2094 praedicas
3032 2040 3140 2079 non
3191 2024 3482 2077 furandum
3539 2023 3692 2077 tura-

2101 2119 2176 2175 ris
2204 2121 2270 2175 ¹⁶.
2320 2137 2340 2171 ι
2391 2117 2562 2187 Igitur
2595 2119 2814 2188 sapiens
2853 2118 2952 2172 sibi
3003 2117 3102 2186 ipsi
3156 2117 3375 2186 quidem
3417 2115 3522 2170 erit
3571 2130 3692 2168 ma-

2101 2212 2292 2282 gister,
2320 2211 2481 2264 alium
2507 2223 2637 2264 vero
2659 2224 2764 2262 non
2791 2207 3196 2262 condemnabit.
3223 2205 3336 2261 Hoc
3359 2207 3503 2260 enim
3525 2206 3691 2260 etiam

2103 2304 2186 2357 lex
2225 2319 2322 2374 per
2356 2302 2557 2357 Mosem
2603 2303 2727 2357 data
2779 2300 3070 2370 praecepit,
3115 2300 3303 2354 dicens
3338 2314 3351 2350 :
3408 2317 3428 2350 ι
3458 2297 3695 2354 Attende

2102 2396 2197 2451 tibi
2227 2395 2348 2464 ipsi,
2388 2413 2407 2446 ι
2435 2395 2612 2463 inquit
2636 2394 2702 2460 ²¹,
2723 2407 2829 2446 non
2864 2393 3055 2458 alteri;
3081 2391 3209 2445 illud
3229 2400 3436 2456 autem,
3458 2390 3692 2455 attende,

2103 2489 2224 2544 loco
2248 2488 2393 2543 illius
2413 2488 2652 2558 ponitur,
2685 2485 2918 2555 Respice
2939 2501 3059 2554 qua:
3079 2492 3166 2537 tua
3191 2493 3349 2548 sunt;
3377 2498 3441 2537 ac
3459 2482 3697 2552 prudens

2104 2583 2174 2637 ita
2200 2583 2440 2650 seipsum
2471 2581 2739 2646 instituet,
2768 2594 2873 2632 non
2901 2577 3130 2631 aliorum
3162 2575 3347 2644 lapsus
3375 2573 3696 2643 respiciens,

2103 2677 2196 2729 sed
2221 2673 2456 2743 propriis
2493 2674 2766 2736 intentus,
2797 2686 2862 2724 ac
2885 2671 2952 2723 de
2981 2668 3048 2722 iis
3075 2668 3350 2736 paenitens
3383 2666 3516 2722 Deo.
3555 2663 3698 2720 Sunt

2105 2775 2286 2820 autem
2339 2763 2617 2828 nonnulli,
2658 2763 2750 2833 qui
2794 2777 2924 2816 suos
2975 2761 3192 2830 quidem
3239 2758 3422 2826 lapsus
3461 2771 3570 2812 non
3610 2756 3698 2809 vi-

2106 2859 2255 2922 dent,
2287 2856 2517 2911 aliorum
2554 2870 2682 2910 vero
2716 2853 3102 2923 ceSpitationes
3135 2851 3306 2908 elfuse
3335 2850 3512 2904 rident
3546 2865 3560 2904 :
3601 2849 3700 2918 qui

2105 2965 2227 3003 cum
2253 2949 2403 3003 humi
2428 2949 2664 3018 iaceant,
2695 2947 2948 3002 derident
2976 2953 3218 3010 stantes,
3254 2954 3308 2999 et
3347 2957 3377 2996 a
3408 2951 3588 3012 capite
3627 2943 3699 2996 ad

2104 3041 2308 3097 calcem
2342 3041 2450 3111 18
2479 3041 2590 3095 luto
2622 3039 2849 3102 inuncti,
2892 3039 3104 3094 modica
3159 3036 3337 3106 aliqua
3398 3035 3518 3090 labe
3556 3051 3696 3091 con-

2106 3148 2327 3202 spersos
2377 3133 2766 3187 condemnant.
2816 3131 3156 3200 Quandoque
3205 3130 3348 3184 enim
3401 3130 3468 3184 de
3515 3127 3699 3198 aliquo

392 3224 527 3286 τοὺς
578 3221 762 3291 ὀλίγον
813 3221 1038 3291 ἔχοντας
1091 3219 1262 3291 ῥύπον
1285 3217 1730 3282 καταδικάζουσι.
1767 3217 2000 3284 Λέγουσι

2111 3229 2296 3282 dicere
2351 3226 2574 3282 solent:
2611 3223 2711 3280 Hic
2753 3225 2918 3281 homo
2963 3225 3132 3279 durus
3189 3231 3294 3286 est,
3343 3222 3696 3286 inhumanus,

395 3319 512 3389 γὰρ
546 3317 660 3371 ἔσθ’
687 3318 777 3370 ὅτε
809 3315 939 3386 περί
965 3330 1132 3375 τινοςο
1160 3313 1222 3368 '0
1243 3314 1391 3367 δεῖνα
1416 3313 1671 3384 σκληρὸς,
1705 3311 2001 3384 ἀπάνθρω-

395 3427 527 3474 πος,
557 3406 979 3478 αἰσχροκερδὴς,
1016 3405 1375 3477 φιλάργυρος,
1403 3404 1574 3474 ὠμὸς,
1608 3406 1704 3458 καὶ
1750 3403 2000 3476 ἀνόητος·

401 3496 530 3555 εἶτα
555 3499 734 3551 ταῦτα
760 3496 1138 3567 περιτιθέντες
1158 3497 1389 3566 ἑτέροις,
1408 3496 1508 3549 οὑκ
1535 3496 1882 3549 αἰσθάνονται
1913 3494 2004 3548 τὸν

400 3590 624 3647 ἑαυτῶν
671 3588 1092 3660 ζωγραφοῦντες
1132 3588 1540 3659 τρόπον.“¹οσην
1570 3587 1626 3640 δὲ
1655 3586 1862 3658 ζημίαν
1891 3586 2006 3657 ἔχει

401 3687 469 3741 τὸ
516 3685 871 3754 κατακρίνειν
914 3683 1157 3754 ἑτέρους,
1191 3682 1284 3736 διὰ
1313 3681 1410 3736 τοῦ
1461 3680 1872 3746 ὲξουθενοῦντος
1912 3680 2006 3734 τὸν

402 3780 668 3852 Τελώνην
680 3778 979 3848 Φαρισαίου
1013 3776 1640 3847 μεμαθήκαμεν.Ταῦτα
1669 3772 1761 3830 οὖν
1787 3776 2006 3829 ἅπαντα

401 3870 620 3927 ἀνελὼν
669 3869 759 3923 διὰ
805 3870 906 3940 τῆς
941 3868 1114 3937 καλῆς
1145 3864 1352 3937 ταύτης
1383 3865 1725 3936 νομοθεσίας,
1757 3867 2006 3938 ἐπήγαγε

401 3964 576 4019 πάλιν
606 3963 794 4032 ἕτερον
825 3958 1222 4029 παράγγελμα,
1252 3957 1428 4026 λέγων
1451 3971 1466 3987 ·

484 4079 554 4131 El
575 4070 692 4130 οὖν
717 4073 886 4143 ὑμεῖς
909 4069 1162 4139 πονηροὶ
1188 4069 1360 4135 ὄντες
1387 4068 1592 4122 οἴδατε
1612 4068 1838 4138 δόματα
1865 4069 2004 4139 (ig-an

407 4172 486 4226 θὰ
519 4167 753 4222 διδόναι
797 4167 924 4231 τοῖς
953 4163 1190 4228 τέκνοις
1238 4160 1429 4230 ὑμῶν,
1479 4161 1652 4223 πόσῳ
1698 4158 1945 4229 μᾶλλον
1975 4163 2008 4214 ὀ

407 4261 621 4330 Πατὴρ
658 4258 829 4330 ὑμῶν
853 4261 886 4313 ὁ
907 4259 977 4312 ἐν
1004 4255 1131 4322 τοῖς
1156 4252 1437 4323 οὐρανοῖς
1456 4252 1637 4307 δώσει
1664 4253 1858 4323 ἀγαθὰ
1881 4250 2010 4317 τοῖς

405 4355 693 4411 αιτοῦσιν
713 4352 942 4415 αὑτόν;

483 4447 712 4518 Δόματα
741 4444 819 4516 (1)
853 4440 1035 4511 ἀγαθὰ
1063 4441 1220 4494 καλεῖ
1246 4437 1344 4504 τὰς
1371 4437 1748 4510 πνευματικὰς
1775 4435 2005 4509 δωρεάςο

2110 3319 2252 3387 turpi
2309 3318 2462 3373 lucro
2509 3315 2748 3380 deditus,
2799 3315 3060 3381 crudelis,
3118 3330 3320 3369 avarus
3371 3323 3427 3368 et
3484 3327 3697 3369 amens.

2109 3408 2315 3464 Deinde
2355 3410 2472 3464 haec
2519 3410 2639 3465 aliis
2690 3409 3072 3478 imponentes,
3122 3405 3297 3477 ipsam
3336 3420 3456 3461 sese
3487 3421 3698 3460 morum

2109 3514 2332 3556 suorum
2363 3499 2657 3569 imaginem
2681 3500 2972 3568 depingere
2995 3513 3101 3552 non
3129 3498 3392 3552 sentiunt.
3410 3495 3697 3562 Quantum

2109 3607 2239 3646 vero
2269 3593 2524 3646 damnum
2558 3591 2790 3658 afferat,
2818 3590 2956 3644 alios
2980 3587 3262 3656 judicare,
3293 3601 3358 3640 ex
3399 3585 3701 3640 Publicano

2109 3683 2448 3740 Pharisteum
2519 3691 2902 3740 contemnenle
2971 3679 3282 3734 didicimus.
3352 3677 3480 3733 Htec
3536 3678 3702 3748 igitur

2110 3775 2314 3839 omnia,
2347 3791 2471 3830 cum
2505 3790 2602 3844 per
2641 3775 2836 3828 bonam
2883 3771 3025 3826 hanc
3074 3769 3466 3839 legislationem
3517 3777 3703 3821 sustu-

2111 3869 2286 3935 lisset,
2316 3867 2460 3923 aliud
2493 3881 2682 3922 rursus
2713 3863 2957 3934 adjunxit
2990 3869 3322 3934 praeceptum
3351 3859 3541 3915 dicens
3574 3873 3589 3911 :

2187 4063 2277 4121 Vll
2301 4107 2316 4132 ,
2350 4064 2438 4119 Η.
2473 4063 2536 4119 Si
2567 4080 2688 4133 ergo
2722 4079 2812 4118 vos
2838 4078 2957 4116 cum
2999 4061 3117 4115 sitis
3153 4060 3316 4125 mali,
3359 4058 3525 4113 nostis
3557 4057 3698 4112 bona

2113 4158 2255 4212 dona
2286 4158 2464 4210 liberis
2490 4157 2672 4210 vestris
2706 4155 2837 4209 dare
2858 4196 2872 4220 ,
2902 4163 3099 4224 quanto
3135 4153 3306 4222 magis
3344 4151 3510 4206 Pater
3532 4163 3701 4204 vester

2115 4248 2337 4303 caelestis
2373 4247 2510 4301 bona
2543 4244 2694 4300 dabit
2722 4244 3031 4315 rogantibus
3059 4260 3112 4298 se
3136 4246 3158 4300 ?

2102 4439 2104 4442 ’
2188 4433 2332 4489 Bona
2368 4389 2524 4489 dona
2571 4429 2839 4501 appellat,
2887 4427 3154 4498 spiritalia
3201 4443 3452 4485 munera.
3500 4427 3703 4500 Utique

404 4544 434 4595 ὁ
489 4539 552 4592 δὲ
586 4537 805 4599 Λουκᾶς
857 4533 1087 4611 Πνεῦμα
1116 4533 1272 4600 ἅγιον
1321 4526 1476 4585 εἶπεν
1524 4530 1647 4584 ἀντὶ
1678 4529 1775 4582 τοῦ
1809 4529 2002 4592 εἰπεῖν,

2115 4526 2293 4582 Lucas
2352 4525 2396 4556 "
2480 4523 2744 4594 Spiritum
2793 4530 3042 4576 sanetum
3096 4520 3237 4574 dixit
3286 4535 3385 4588 pro
3438 4519 3705 4576 vocabulo

407 4631 634 4703 ἀγαθάσ
672 4628 768 4683 καὶ
793 4626 948 4681 οὐδὲν
983 4626 1046 4680 τὸ
1075 4625 1338 4695 διάφορον
1357 4640 1372 4653 ·
1413 4623 1476 4676 τὸ
1512 4623 1621 4694 γὰρ
1652 4620 1807 4690 ἆγιον
1834 4619 2002 4676 Πνεῦ-

2126 4637 2144 4671 ε
2179 4618 2318 4672 bona
2347 4615 2480 4687 s(2),
2503 4612 2874 4680 nilceteroqui
2892 4611 3238 4680 discrepans;
3261 4612 3461 4665 etenim
3487 4620 3709 4665 sanctus

410 4701 520 4796 μα,
546 4721 682 4776 αὐτό
707 4719 826 4775 ἐστι
847 4719 908 4773 τὸ
933 4719 1096 4789 φύσει
1130 4716 1338 4786 ἀγαθόν
1362 4731 1375 4745 ’
1403 4716 1484 4770 διὸ
1508 4715 1736 4778 καὶτοῖς
1763 4714 2002 4785 μετόχοις

2120 4709 2380 4780 Spiritus,
2436 4707 2554 4777 ipse
2584 4714 2670 4760 est
2702 4713 2896 4772 suapte
2945 4711 3139 4756 natura
3193 4703 3430 4769 bonum;
3477 4701 3710 4771 ideoque

407 4793 588 4874 αὐτοῦ
611 4815 828 4870 δίδωσιν
860 4811 1046 4882 ἀγαθά
1067 4828 1080 4842 ·
1113 4812 1230 4872 τοῖς
1262 4808 1320 4862 δὲ
1349 4808 1492 4878 ἄγαν
1528 4809 1808 4878 πονηροῖς,
1827 4806 1918 4860 διὰ
1949 4806 2002 4860 τὲ

2122 4811 2175 4857 et
2209 4798 2572 4871 participibus
2613 4796 2696 4852 sui
2745 4793 2960 4850 confert
3004 4793 3165 4848 bona.
3200 4793 3370 4848 Secus
3408 4807 3536 4848 vero
3575 4793 3710 4848 insi-

406 4908 716 4971 ἀνενδότως
754 4905 1115 4977 ἁμαρτάνειν,
1155 4900 1356 4973 τρόπον
1398 4897 1524 4952 τινὰ
1553 4897 1715 4968 φύσις
1755 4897 1941 4960 αὐτοῖς
1977 4897 2002 4966 ἡ

2118 4895 2300 4963 gniter
2329 4890 2594 4960 improbis
2616 4929 2630 4952 .
2688 4888 2740 4942 id
2776 4896 2859 4943 est
2888 4886 3150 4942 eﬂ'renate
3191 4885 3578 4954 peccantibus,
3610 4900 3711 4939 na-

408 5001 592 5058 κακία
628 4972 842 5070 γίνεται
864 4972 888 5027 ’-
912 4992 1025 5059 οἷός
1049 4972 1200 5048 ἐστιν
1225 4993 1518 5056 ὀΣατανᾶς
1547 4991 1642 5044 καὶ
1670 4991 1718 5043 οἱ
1735 4989 2002 5058 δαίμονες

2123 4983 2312 5039 turalis
2344 4979 2748 5050 quodammodo
2795 4978 2854 5031 ﬁt
2885 4977 3123 5042 malitia;
3164 4975 3467 5042 cuiusmodi
3497 4983 3581 5030 est
3609 4972 3712 5029 Sa-

406 5067 650 5150 δυνατὸν
685 5089 796 5162 γὰρ
843 5089 938 5142 καὶ
989 5089 1216 5148 τούτους
1245 5084 1406 5153 φύσει
1427 5083 1630 5145 κακοὺς
1665 5083 1861 5147 εἰπεῖν,
1887 5079 2002 5134 καί·

2119 5087 2278 5132 tanas
2299 5085 2464 5144 atque
2499 5075 2791 5130 daemones.
2827 5069 2980 5125 Licet
3004 5069 3148 5124 enim
3183 5067 3269 5123 his
3301 5081 3515 5138 quoque
3549 5076 3710 5121 natu-

487 5277 534 5308 ¹⁰
572 5274 732 5329 Rom.
763 5289 824 5338 ιι,
849 5270 943 5326 Ξῖ.
1024 5269 1063 5300 ’ί
1099 5267 1257 5324 Deut.
1287 5280 1462 5330 xxvn,
1497 5265 1552 5318 9.
1635 5263 1680 5294 η
1711 5261 1845 5317 Luc.
1880 5278 1934 5318 st
1993 5261 2118 5316 15.’

2121 5418 2272 5475 novit
2296 5416 2526 5486 ἀγαθόν,
2550 5415 2601 5470 id
2624 5410 2940 5486 estsulgati
2965 5406 3486 5486 interpretisbpnum
3509 5417 3708 5485 ;quam

873 5477 1362 5577 satieZ—tirtelcilibri
1391 5477 1446 5548 et
1473 5491 1722 5577 .co‘dices,
1757 5477 1898 5577 ques
1928 5491 2013 5543 in-
2122 5505 2304 5572 nemo,
2336 5477 2583 5577 intueor.1
2624 5477 2906 5566 meliorem
2937 5497 3042 5577 non
3092 5477 3392 5577 reputabitz
3411 5477 3710 5541 prtesertim

411 5545 1442 5642 ter‘S’n{iiiiiigé'i'nﬁi'é'it@'_'i£u’é:i{t_ini,'
1472 5545 1672 5617 habent
1702 5545 1846 5642 apud
1878 5558 2010 5614 Luc.
2122 5562 2250 5631 quia
2278 5545 2420 5642 apud
2449 5545 2813 5642 Ambrosium.
2831 5563 2917 5607 est
2951 5551 3115 5642 etiam
3151 5545 3334 5642 daturi:
3366 5545 3709 5642 baruasune‘c

1168 5615 1676 5715 iC'frvillus'aiquam
1720 5615 2014 5685 lectionem
2122 5615 2228 5686 rion
2257 5615 2406 5713 apud
2455 5628 2617 5715 alios‘
2642 5619 3262 5715 quosdathmteroqui
3289 5617 3452 5715 .ltapc
3501 5615 3708 5672 discre-

415 5687 903 5786 Eéxiit'écﬁiii'iﬁiigi
948 5687 1508 5786 §abateriuinetiam
1531 5687 1925 5786 'liieronymus
1960 5708 2016 5753 et
2122 5687 2362 5774 pantia'm
2398 5700 2536 5753 mire
2571 5687 2746 5752 eleiat
2777 5693 3034 5760 Cyrillus,
3065 5701 3118 5745 et
3149 5687 3422 5745 conciliat.

419 5773 893 5852 A‘inbrosius,qui
949 5789 1128 5835 tamen
1155 5773 1466 5848 postremu‘s
1520 5774 1752 5830 alteram
1797 5784 2016 5842 quoque

484 5435 574 5507 .(l)
600 5433 838 5507 A_(_5pa_ta_
864 5459 936 5472 -—
963 5424 1454 5507 darsanqtdrac.
1479 5419 1778 5507 Haijbidqy
1799 5433 1858 5507 ι),
1877 5419 1909 5507 ΑΙ
