4146 6514
553 337 651 392 587

1579 324 1637 382 S.
1679 325 1951 383 CYmLLl
1992 325 2464 381 ALEXANDRINI
2504 326 2804 383 ARCHIEP

3691 331 3784 388 388

549 449 718 507 ralem
752 447 1155 516 improbitatem
1209 446 1538 506 attribuere,
1588 458 1896 513 quanquam
1934 456 2125 511 reapse

2234 461 2335 514 περ
2369 443 2443 514 μὴ
2471 443 2631 512 φύσει
2652 444 2856 506 κακοὺς
2883 442 2945 512 δη
2957 439 3406 511 μιουργηθέντας,
3429 440 3543 496 ἀλλ’
3564 443 3621 508 ἑξ
3641 447 3785 500 αύτο-

549 542 769 596 miuime
797 549 985 592 natura
1027 538 1149 592 ntali
1192 539 1359 594 creati
1407 537 1630 601 fuerint,
1680 535 1774 590 sed
1830 534 2130 589 voluntaria

550 634 755 687 malitia
793 631 1159 685 extabueriut.

621 722 730 787 VII,
768 723 852 777 15.
897 723 1159 775 Altendite
1189 737 1221 772 a
1264 719 1415 785 {alsia
1461 718 1755 787 praphctis,
1793 715 1880 786 qui
1910 716 2123 772 veniunt

548 816 616 866 ad
649 831 733 866 vos
767 815 818 864 in
848 813 1168 866 vestimentis
1199 811 1392 864 arium.

619 904 685 956 Hi
717 915 843 956 sunt
889 904 1152 966 hwretici,
1198 901 1349 955 falsis
1385 909 1438 954 et
1470 899 1728 953 coloratis
1775 897 2123 952 sermonibus

553 997 838 1049 noonullos
873 996 1238 1063 decipientes;
1289 995 1486 1061 quibus
1526 994 1570 1046 si
1615 993 1773 1046 fidem
1809 993 2126 1056 adhibeant,

556 1095 680 1140 tunc
719 1102 811 1140 eos
856 1087 922 1138 ad
967 1101 1030 1138 ea
1063 1083 1308 1139 facienda
1359 1084 1644 1154 impellunt
1683 1100 1804 1152 «piae
1847 1098 1954 1137 non
2001 1097 2131 1137 con-

551 1178 720 1230 νοιιίι,

627 1266 734 1324 VII.
762 1264 850 1319 26.
891 1263 958 1317 Et
1009 1266 1176 1318 omnis
1224 1266 1315 1332 qui
1368 1266 1516 1316 audit
1556 1265 1706 1316 verba
1754 1281 1870 1317 mea
1915 1265 2044 1326 licet,
2079 1273 2128 1317 et

2235 537 2560 608 προαιρέτου
2586 535 2784 598 κακίας
2805 532 3245 604 ἀπεσκληκότας.

2305 714 2634 784 Προσέχετε
2654 715 2718 767 δὲ
2741 714 2860 768 ἀπὸ
2888 711 3009 766 τῶν
3026 712 3559 782 ψευδοπροφητῶν,
3583 717 3784 784 οἵτινες

2228 805 2506 872 ἔρχονται
2544 804 2694 871 πρὸς
2723 802 2878 871 ὑμᾶς
2900 803 2969 854 ἐν
3002 801 3296 871 ἐνδύμασι
3333 804 3654 871 προϐάτων.

2301 889 2460 948 Οὗτοί
2493 896 2568 964 (1)
2623 895 2760 947 εἰσιν
2809 896 2857 946 oi
2906 895 3196 964 αἱρετικοὶ,
3232 896 3350 964 ἦτοι
3396 898 3446 948 oi
3497 897 3583 949 διὰ
3629 898 3784 966 λόγων

2230 986 2483 1038 πλαστῶν
2513 987 2611 1040 καὶ
2637 988 2958 1057 ἀμφιάσεων
3000 985 3379 1050 ὲξαπατῶντές
3409 1005 3580 1052 τινας,
3607 994 3697 1044 καὶ
3718 993 3786 1044 ὅτ’

2231 1079 2298 1132 ἂν
2352 1079 2614 1132 πείσωσιν
2637 1120 2652 1143 ,
2678 1080 2800 1133 τότε
2845 1082 3029 1144 αὐτοῖς
3059 1080 3424 1134 ὑποϐάλλουσι
3449 1084 3640 1147 ποιεῖν,
3664 1083 3698 1137 ἃ
3721 1085 3788 1154 μὴ

2231 1171 2388 1242 θέμις

2300 1261 2409 1316 Kal
2438 1261 2557 1327 ,τεᾶς
2595 1265 2629 1316 ὀ
2658 1263 2896 1317 ἁκούων
2926 1281 3047 1333 μου
3089 1264 3232 1330 τοὺς
3271 1266 3493 1335 λόγους
3533 1265 3786 1333 τούτους,

552 1374 652 1411 non
677 1360 799 1421 facit
830 1374 890 1409 ea
915 1397 928 1419 ,
967 1357 1157 1409 similis
1191 1358 1286 1409 erit
1335 1357 1443 1410 viro
1478 1358 1671 1420 stulto,
1715 1357 1803 1425 qui
1850 1356 2128 1424 a’diﬁcarit

2234 1355 2330 1408 καὶ
2359 1355 2446 1423 μὴ
2473 1353 2664 1409 ποιῶν
2693 1356 2935 1422 αὐτοὺς,
2964 1356 3391 1426 ὁμοιωθήσεται
3425 1356 3594 1424 ἀνδρὶ
3611 1357 3788 1426 μωρῷ,

550 1453 760 1504 demum
795 1466 944 1501 suam
983 1464 1140 1516 super
1167 1464 1403 1501 arenam.

2234 1443 2402 1506 ὅστις
2421 1443 2772 1513 ᾠκοδόμησε
2791 1445 2904 1513 τὴν
2919 1448 3112 1500 οὶκίαν
3128 1447 3316 1500 αὐτοῦ
3332 1445 3429 1498 ἐπὶ
3461 1448 3575 1512 τὴν
3590 1446 3787 1514 ἅμμον.

627 1540 732 1610 19
768 1541 867 1606 Qui
923 1542 1261 1594 solummodo
1303 1553 1572 1595 sermonis
1609 1540 1822 1594 auditor
1863 1546 1980 1604 est,
2022 1552 2129 1592 non

2311 1536 2371 1589 '0
2397 1537 2672 1610 ἀκροατὴς
2702 1537 2858 1608 μόνος
2888 1538 2982 1591 τοῦ
3005 1539 3188 1607 λόγου,
3214 1538 3277 1591 οὐ
3306 1539 3412 1609 μὴν
3439 1539 3532 1592 καὶ
3558 1540 3789 1608 ποιητὴς,

551 1633 679 1686 item
719 1634 913 1695 factor,
944 1632 1126 1685 domui
1177 1633 1511 1687 assiniilatur
1543 1632 1596 1685 in
1638 1645 1799 1685 arena
1832 1631 2126 1695 aediﬁcata,

2234 1629 2362 1699 οἴκῳ
2396 1629 2760 1692 ἀπεικάζεται
2792 1631 2883 1682 ἐπὶ
2909 1629 3008 1698 τῆς
3035 1630 3265 1701 ψάμμου
3290 1629 3708 1701 οἰκοδομηθέντι,
3741 1631 3794 1693 ὂς

551 1741 670 1794 qua:
705 1734 945 1792 tempore
973 1723 1284 1776 Ientationis
1320 1725 1547 1786 corruit,
1577 1733 1629 1776 et
1653 1722 1931 1785 evertitur,
1962 1720 2128 1790 patri-

2234 1720 2289 1772 ἒν
2321 1719 2497 1788 καιρῷ
2533 1719 2842 1791 πειρασμοῦ
2876 1723 3226 1785 καταπίπτει,
3261 1723 3358 1775 καὶ
3393 1721 3670 1792 χώννυται,
3699 1721 3795 1775 τῶν

551 1819 655 1871 bus
713 1816 1016 1884 iniquitatis
1066 1815 1421 1883 spirantibus,
1479 1813 1804 1867 turbulentis
1855 1813 2010 1880 aquis
2064 1812 2130 1864 ad

2235 1810 2489 1881 πατέρων
2537 1813 2638 1880 τῆς
2682 1812 2947 1883 πονηρίας
2975 1815 3440 1880 ὲπιπνευσάντων,
3473 1813 3578 1866 τῶν
3611 1830 3795 1883 ταρατ-

551 1909 787 1961 animam
824 1921 994 1974 usque
1030 1906 1439 1973 ingruentibus,
1475 1921 1538 1959 ac
1568 1905 1776 1958 turbida
1813 1911 2134 1971 tempestate

2234 1900 2475 1970 τομένων
2505 1901 2712 1955 ὑδάτων
2741 1902 2848 1964 ἓως
2870 1903 3047 1973 ψυχῆς
3077 1904 3458 1967 εἰσελθόντων,
3484 1905 3577 1956 καὶ
3603 1903 3691 1956 τοῦ
3719 1903 3796 1957 θο-

553 1999 858 2066 iniquitatis
888 2012 1010 2051 eum
1043 2006 1442 2057 cnumiovente,
1476 2007 1527 2049 et
1563 1997 1614 2049 in
1651 2007 1954 2050 extremum
1985 1995 2132 2064 peri-

2234 1991 2393 2064 λεροῦ
2438 1993 2740 2066 χειμάρρου
2785 1995 2888 2065 τῆς
2929 1996 3159 2066 ἀνομίας
3203 1996 3366 2049 αὑτὸν
3401 1994 3794 2061 ἐκταράξαντος,

553 2086 730 2140 culum
758 2087 1080 2138 adducente.
1105 2085 1268 2139 Recte
1299 2086 1539 2152 quidem,
1565 2103 1584 2136 ι
1611 2085 1934 2139 Assimilalio
1951 2100 2128 2148 eum,»

2235 2086 2331 2138 καὶ
2382 2087 2474 2138 τὸν
2521 2088 2651 2156 περὶ
2696 2087 2804 2138 τῶν
2853 2088 3098 2157 ἐσχάτων
3144 2088 3525 2151 έπεσείσαντος
3553 2087 3794 2140 κίνδυνον.

527 2161 617 2230 ’(16
643 2177 886 2243 sapiente
928 2177 1095 2240 dixit;
1125 2175 1190 2228 de
1217 2179 1378 2230 stulto
1399 2192 1550 2239 vero,
1584 2194 1603 2226 ι
1643 2176 2066 2231 Assimilabitnr.
2108 2193 2128 2228 ι

2236 2175 2433 2239 Καλῶς
2461 2177 2517 2229 δὲ
2534 2179 2626 2230 ἐπὶ
2647 2178 2746 2247 μὲν
2775 2178 2867 2231 τοῦ
2894 2179 3180 2250 φρονίμου,
3219 2199 3237 2231 ι
3272 2179 3555 2249 Ὀμοιώσω
3581 2177 3751 2240 αὑτὸν,
3777 2196 3793 2228 ι

550 2267 780 2322 Virtutis
829 2269 1094 2338 siquidem
1142 2280 1394 2337 operator
1422 2270 1601 2323 omnia
1641 2277 1818 2337 potest
1848 2268 1900 2321 in
1939 2283 2003 2322 eo
2041 2268 2134 2338 qui

2237 2266 2389 2322 εἶπεν
2410 2287 2424 2300 ·
2458 2271 2552 2323 ἐπὶ
2583 2270 2640 2322 δὲ
2667 2270 2763 2324 τοῦ
2795 2271 2977 2341 μωροῦ
3029 2291 3047 2324 ι
3091 2272 3539 2343 Ὀμοιωθήσεται.
3575 2291 3594 2323 ι
3626 2272 3681 2323 '0
3713 2271 3796 2342 μὲν

553 2362 828 2414 eonfortat
868 2375 1014 2422 eum,
1045 2359 1288 2423 Christo,
1324 2374 1354 2412 a
1391 2375 1498 2428 quo
1525 2360 1663 2428 apud
1709 2359 1954 2412 homines
1993 2368 2137 2412 recte

556 2446 723 2513 facta,
758 2464 787 2500 a
823 2462 929 2516 quo
958 2447 1248 2515 Sapientia,
1275 2458 1327 2500 et
1357 2448 1746 2516 intelligentia,
1779 2457 1835 2501 et
1870 2448 1936 2500 ad
1974 2461 2137 2502 omne

551 2538 751 2591 bonum
792 2538 1135 2591 assimilatio.
1176 2537 1383 2591 Pravus
1434 2552 1563 2590 vero
1606 2536 1774 2591 Deum
1825 2554 1930 2592 non
1971 2538 2137 2592 habet

550 2627 865 2679 vitiositatis
931 2642 1047 2679 sua:
1093 2642 1155 2680 ac
1209 2628 1494 2680 dementia:
1540 2638 1864 2682 auctorem:
1902 2627 1995 2682 sed
2040 2628 2137 2682 de-

551 2722 717 2773 menti
751 2719 1106 2784 assimilatur,
1151 2719 1240 2786 qui
1280 2719 1344 2772 iis
1379 2736 1497 2787 quae
1543 2721 1839 2774 secundum
1888 2731 2135 2775 naturam

549 2820 676 2865 sunt
701 2810 966 2875 abstinet;
998 2825 1116 2878 quae
1147 2820 1338 2864 contra
1359 2849 1374 2876 ,
1405 2809 1557 2865 facit.

624 3008 793 3062 Recte
819 3008 962 3062 hunc
995 3006 1222 3061 stultum
1251 3007 1508 3078 appellat.
1543 3007 1680 3075 Quid
1709 3008 1854 3061 enim
1884 3007 2131 3063 insanius

2237 2358 2345 2428 γὰρ
2374 2359 2472 2428 τῆς
2506 2359 2706 2428 ἀρετῆς
2741 2361 2981 2430 ἐργάτης
3008 2361 3189 2414 πάντα
3219 2360 3400 2430 ἰσχύει
3427 2365 3482 2412 ἐν
3505 2360 3581 2430 τῷ
3605 2361 3795 2414 ἐνδυνα-

2241 2448 2429 2520 μοῦντι
2480 2449 2642 2502 αὑτὸν
2686 2449 2927 2520 Χριστῷ,
2975 2452 3107 2521 παρ’
3139 2446 3200 2505 οὗ
3253 2453 3388 2522 παρ’
3414 2451 3707 2522 ἀνθρώποις
3745 2449 3798 2502 τὸ

2238 2540 2695 2612 κατορθούμενον,
2746 2542 2877 2613 παρ’
2904 2537 2965 2596 οὗ
2999 2541 3162 2606 σοφία
3196 2543 3290 2594 καὶ
3319 2541 3538 2603 σύνεσις
3565 2541 3656 2592 καὶ
3677 2539 3796 2610 πρὸς

2270 2633 2299 2686 ὸ
2345 2633 2548 2700 ἀγαθὸν
2595 2631 2935 2702 ἐξομοίωσις.
2953 2635 3011 2687 '0
3041 2635 3097 2687 δὲ
3126 2635 3327 2702 φαῦλος
3370 2635 3501 2704 οὐχὶ
3538 2633 3662 2687 Θεὸν
3701 2632 3797 2702 ἔχει

2237 2725 2338 2794 τῆς
2366 2723 2560 2778 ἑαυτοῦ
2595 2726 2791 2788 κακίας
2818 2727 2912 2779 καὶ
2949 2727 3261 2797 ἀφροσύνης
3293 2726 3498 2791 αἴτιον,
3528 2726 3635 2780 ἀλλ’
3657 2724 3798 2786 αὐτὸς

2238 2815 2519 2886 ὁμοιοῦται
2561 2817 2638 2888 τῷ
2681 2817 2874 2889 ἄφρονι
2921 2819 3014 2871 τοῦ
3060 2818 3201 2871 κατὰ
3235 2817 3408 2886 φύσιν
3438 2819 3690 2884 ἀποστὰς,
3720 2815 3800 2868 καὶ

2240 2907 2298 2959 ὲν
2327 2906 2404 2976 τῷ
2439 2907 2590 2978 παρὰ
2620 2907 2781 2974 φύσιν
2809 2909 3117 2978 γενόμενος.

2311 2999 2507 3062 Καλῶς
2539 2999 2619 3070 (2)
2655 2999 2712 3052 δὲ
2757 3000 2938 3072 μωρὸν
2966 3001 3192 3055 ἐκάλεσε
3243 3003 3460 3056 τοῦτον.
3505 2993 3580 3056 Τί
3613 2999 3712 3070 γὰρ
3741 2996 3797 3051 ἃν

555 3100 670 3156 fieri
699 3111 907 3168 potest,
935 3115 1098 3169 quam
1133 3101 1354 3154 domum
1384 3100 1438 3154 in
1465 3115 1630 3154 arena
1668 3100 1941 3154 aedificare
1963 3141 1979 3166 ,
2032 3114 2134 3168 qua

2240 3087 2453 3156 γένοιτο
2499 3090 2856 3160 ἀνοητότερον
2907 3091 3002 3144 τοῦ
3045 3093 3222 3145 οἰκίαν
3273 3091 3669 3163 οἰκοδομοῦντος
3713 3088 3792 3140 ἐπὶ

555 3194 610 3247 in
629 3207 685 3246 re
703 3192 854 3244 labor
876 3191 1172 3260 perfertur,
1200 3192 1405 3245 fructus
1427 3200 1603 3244 autem
1625 3190 1906 3244 nullusaut
1923 3191 2135 3258 requies

553 3283 877 3352 acquiritur,
965 3281 1077 3335 imo
1099 3285 1263 3336 etiam
1295 3285 1680 3336 detrimentum
1716 3282 1950 3350 capitur.
1999 3279 2135 3334 Pro-

556 3372 700 3430 fecto
720 3415 736 3441 ,
772 3373 912 3442 quod
939 3384 991 3427 et
1021 3373 1268 3428 homines
1291 3374 1522 3440 improbi
1550 3373 1945 3442 defatigentur,
1975 3386 2134 3426 nemo

555 3481 662 3520 non
696 3468 871 3529 videt;
928 3479 1102 3534 neque
1145 3475 1325 3518 tamen
1371 3479 1438 3518 ex
1489 3463 1574 3517 his
1613 3463 1893 3518 laboribus
1922 3465 2132 3518 lucrum

554 3559 772 3628 aliquod
827 3559 1244 3623 nanciscuutur,
1297 3559 1406 3611 imo
1430 3567 1496 3626 .et
1538 3557 1799 3611 damnum
1836 3572 2002 3625 grave
2036 3572 2131 3626 pa-

557 3649 781 3702 tiuntur.
811 3645 880 3702 Ut
905 3650 1049 3701 enim
1082 3649 1158 3700 ait
1189 3645 1387 3699 Paulus
1417 3663 1430 3698 :
1467 3663 1485 3696 ι
1540 3645 1639 3711 Qui
1673 3646 1723 3697 in
1766 3660 1934 3700 carne
1967 3645 2133 3700 semi-

555 3751 669 3806 nat,
702 3741 766 3794 de
792 3757 956 3796 carne
986 3749 1152 3795 metet
1180 3737 1588 3807 corruptionem
1623 3736 1688 3789 ".
1734 3756 1752 3784 ο

632 3915 768 3980 VIII,
803 3917 857 3969 3.
903 3914 1054 3980 Volo,
1085 3915 1361 3969 mundare.

627 4008 960 4079 Contingens
1023 4007 1293 4077 leprosum
1368 4005 1615 4062 Salvator
1680 4007 1893 4062 curavit
1973 4021 2132 4071 eum,

555 4103 847 4154 ostendens
935 4099 1200 4167 Spiritum
1270 4097 1324 4153 in
1375 4114 1433 4153 se
1488 4099 1884 4154 iuhabitantem
1941 4113 2136 4154 curare

555 4190 811 4254 morbos;
865 4204 1064 4255 corpus
1114 4203 1241 4242 vero
1283 4189 1456 4258 ipsum
1517 4187 1635 4256 ejus
1713 4196 1965 4242 contactu
2033 4199 2136 4241 suo

555 4280 1042 4336 sanctificationem
1067 4279 1492 4334 communicare.

627 4371 737 4440 20
752 4371 1032 4436 Quodnam
1064 4381 1244 4424 autem
1269 4380 1388 4424 erat
1421 4386 1618 4425 munus
1650 4385 1680 4425 α
1707 4369 1920 4440 leproso
1943 4383 2136 4424 secun-

557 4463 682 4515 dum
710 4464 875 4529 legem
899 4461 1176 4515 oblatum?
1203 4461 1330 4518 Dote
1351 4477 1478 4516 aves
1500 4477 1728 4530 quarum
1748 4478 1908 4515 unam
1931 4473 2137 4516 macta-

557 4553 651 4606 bat
675 4553 930 4607 Sacerdos
955 4568 1118 4621 super
1135 4568 1275 4620 aqua
1300 4551 1440 4618 viva,
1468 4565 1522 4607 et
1542 4553 1813 4618 accipiens
1833 4551 2030 4622 lignum
2051 4567 2143 4606 ce-

559 4643 795 4708 drinuin,
827 4657 1157 4708 caecumque
1184 4642 1438 4703 fractum,
1462 4651 1516 4694 et
1545 4643 1834 4711 hyssopum
1858 4658 1874 4705 ;
1901 4658 1964 4696 ac
1981 4642 2139 4696 aliain

557 4743 708 4781 avem
743 4731 942 4794 vivam,
971 4745 1133 4798 quam
1167 4729 1470 4798 intingebat
1505 4731 1558 4783 in
1595 4735 1710 4786 avis
1740 4742 1987 4788 mactatae
2011 4749 2139 4788 san-

556 4821 716 4890 guine
748 4836 909 4891 super
934 4836 1072 4890 aqua
1104 4822 1247 4887 viva,
1279 4823 1632 4893 mundatique
1654 4824 1852 4894 leprosi
1887 4828 2134 4881 dextram

558 4914 850 4981 iuungebat
879 4913 1201 4978 auriculam,
1237 4928 1478 4979 manum,
1509 4924 1566 4970 et
1589 4917 1802 4985 pedem,
1852 4932 2006 4972 avem
2039 4933 2136 4971 au-

557 5010 663 5056 tem
693 5005 868 5056 vivam
908 5013 1063 5058 extra
1095 5004 1377 5059 civitatem
1426 5005 1676 5062 mittebat
1720 5009 1774 5063 in
1817 5023 2040 5078 campos
2068 5007 2133 5063 η.

557 5091 794 5148 Observa
832 5095 996 5164 igitur
1023 5097 1293 5163 quomodo
1323 5098 1407 5161 iis.
1438 5113 1560 5169 quae
1607 5101 1750 5154 dicta
1794 5110 1942 5164 sunt,
1989 5110 2135 5154 totus

555 5182 807 5240 Christus
835 5186 1173 5259 depingatur.
1213 5189 1315 5246 Per
1346 5206 1501 5246 avem
1536 5192 1684 5247 enim
1715 5193 1919 5256 vivam,
1951 5193 2140 5247 virens

556 5288 618 5327 ac
655 5276 874 5331 cmleste
921 5275 1150 5333 Verbum
1178 5281 1482 5350 intelliges;
1523 5295 1618 5349 per
1661 5283 1979 5351 sanguinem
2009 5296 2139 5336 vero

557 5375 844 5432 mactatae,
906 5369 1204 5437 pretiosum
1247 5371 1565 5438 sanguinem
1618 5370 1875 5437 patientis
1929 5371 2136 5441 templi.

631 5545 676 5578 ”
703 5547 879 5603 Galat.
908 5565 979 5614 vi,
1011 5550 1067 5606 8.
1142 5550 1188 5582 “
1216 5549 1389 5604 Levit.
1426 5564 1537 5617 xw,
1569 5550 1592 5603 ί
1626 5566 1777 5619 seqq.

634 5725 709 5796 (ί)
745 5721 919 5781 Οὗτοι
951 5756 1021 5766 -
1049 5726 1194 5796 ἁμὴ
1226 5725 1410 5796 θέμις.
1454 5729 1694 5786 Cramer.
1716 5744 1773 5800 ρ.
1808 5729 1896 5785 54.

2239 3180 2489 3250 ψάμμου,
2512 3181 2606 3233 καὶ⁵
2635 3181 2726 3234 τὸν
2757 3181 2854 3250 μὲν
2883 3183 3044 3235 πόνον
3069 3184 3457 3254 ὑπομένοντος,
3484 3183 3572 3238 τοῦ
3601 3183 3654 3235 δὲ
3677 3197 3793 3250 καρ-

2241 3269 2342 3322 ποῦ
2376 3271 2470 3323 καὶ
2493 3272 2591 3342 τῆς¹
2622 3271 2985 3336 ἀναπαύσεως
3027 3275 3524 3346 ἀποστερουμένου,
3559 3274 3648 3327 καὶ
3689 3272 3793 3325 ἀντὶ

2239 3361 2432 3415 τούτου
2456 3363 2678 3419 κόλασιν
2702 3365 3097 3435 ὑπομένοντος;
3129 3368 3212 3420 ὅτι
3256 3368 3370 3439 γὰρ
3422 3369 3515 3422 καὶ
3540 3369 3588 3420 οῑ
3620 3364 3794 3420 κακίαν

2244 3454 2522 3525 μετιόντες
2574 3455 2869 3526 κάμνουσι,
2926 3458 3090 3511 παντί
3123 3475 3226 3512 που
3275 3459 3438 3528 δῆλόν
3494 3454 3792 3511 ὲστιν’ἀλλ⁹

2239 3545 2362 3598 οὐδὲ
2383 3545 2494 3598 ἀπὸ
2515 3545 2625 3598 τῶν
2658 3547 2835 3600 πόνων
2861 3547 3064 3600 τούτων
3089 3549 3430 3620 καρποῦνται
3453 3549 3656 3619 κέρδος,
3677 3543 3793 3599 ἀλλὰ

2240 3637 2338 3690 καὶ
2371 3636 2569 3708 πολλὴν
2603 3638 2936 3707 ὑπομένουσι
2967 3639 3065 3710 τὴν
3093 3639 3294 3711 ζημίαν
3315 3657 3327 3669 °
3366 3641 3444 3705 ὡς
3462 3642 3568 3710 γάρ
3601 3636 3794 3709 φησινό

2241 3725 2471 3790 Παῦλος,
2522 3746 2540 3778 ι
2563 3727 2620 3780 '0
2652 3727 2890 3798 σπείρων
2922 3731 3059 3800 ὲντῇ
3092 3731 3277 3798 σαρκὶ,
3295 3731 3362 3788 ἐκ
3393 3731 3491 3803 τῆς
3508 3731 3697 3802 σαρκὸς
3715 3727 3793 3780 θεν

2244 3823 2384 3891 ρίσει
2414 3819 2640 3891 φθοράν.
2677 3837 2696 3870 ι

2316 3909 2498 3973 Θέλω,
2530 3910 2942 3977 καθαρίσθητι.

2326 3998 2663 4068 ’Δπτόμενος
2690 3999 2782 4052 τοῦ
2810 3999 3014 4072 λεπροῦ
3045 4002 3071 4054 ὁ
3099 4000 3291 4071 Σωτὴρ
3323 4001 3685 4072 ἐθεράπευσεν
3713 3996 3796 4050 aii-

2241 4091 2352 4156 τὸν,
2383 4090 2643 4144 δεικνύων
2681 4091 2756 4156 ὡς
2801 4093 2862 4144 τὸ
2904 4091 3130 4163 Πνεῦμα
3159 4093 3220 4146 τὸ
3257 4095 3315 4146 ὲν
3349 4095 3499 4165 αὐτῷ
3531 4087 3796 4163 θεραπεύει

2241 4182 2344 4244 τὰς
2370 4183 2577 4247 νόσους.
2609 4183 2682 4236 Τὸ
2709 4183 2766 4238 δὲ
2791 4184 2950 4256 σῶμα
2972 4187 3038 4256 τῇ
3064 4184 3406 4256 προσψαύσει
3431 4186 3523 4240 τὸν
3551 4180 3796 4253 ἁγιασμὸν

2243 4271 2562 4342 παρέχεται.

2313 4363 2378 4416 Τί
2410 4364 2465 4416 δὲ
2499 4359 2568 4433 ἦν
2609 4363 2670 4417 τὸ
2699 4362 2869 4436 δῶρον
2910 4364 2971 4417 τὸ
3008 4364 3158 4436 παρὰ
3190 4363 3284 4418 τοῦ
3317 4364 3518 4439 λεπροῦ
3557 4363 3690 4419 κατὰ
3721 4361 3797 4415 τὸν

2171 4483 2220 4544 D
2241 4453 2406 4525 νόμον
2437 4455 2878 4526 προσαγόμενον;
2911 4455 3014 4508 Δύο
3052 4455 3282 4528 ὀρνίθια,
3311 4451 3394 4512 ,ὧν
3426 4459 3489 4510 τὸ
3511 4457 3568 4510 ἓν
3589 4452 3798 4523 ἔσφαξεν

2241 4549 2270 4600 ό
2305 4549 2482 4618 ἱερεὺς
2509 4547 2592 4616 ἐφ’
2627 4545 2781 4601 ὕδατι
2815 4547 2998 4612 ζῶντι,
3035 4548 3128 4600 καὶ
3160 4546 3341 4602 λαϐὼν
3372 4547 3528 4614 ξύλον
3556 4547 3795 4616 κέδρινον,

2239 4639 2334 4691 καὶ
2381 4637 2748 4708 κεκλασμένον
2775 4639 3050 4704 κόκκινον,
3077 4642 3171 4694 καὶ
3203 4639 3422 4694 ὓσωπον
3445 4657 3458 4672 °
3497 4641 3589 4695 καὶ
3611 4638 3668 4692 τὸ
3695 4637 3798 4690 ἔτι·

2230 4745 2335 4800 ,ρον
2383 4729 2618 4800 ὀρνίθιον
2665 4729 2728 4782 τὸ
2770 4729 2899 4796 ζῶν,
2930 4731 3166 4786 ἔθαπτεν
3197 4733 3330 4786 αὐτὸ
3361 4734 3443 4798 είς
3478 4733 3538 4788 τὸ
3564 4726 3698 4802 αἷμα
3718 4724 3797 4779 τοῦ

2241 4823 2589 4894 ἐσφαγμένου
2619 4821 2858 4894 ὀρνιθίου
2889 4825 2974 4896 ἐφ’
3003 4823 3155 4878 ὕδατι
3185 4823 3372 4892 ζῶντι,
3399 4825 3497 4878 καὶ
3538 4823 3681 4894 ἔχριε
3719 4815 3797 4871 τοῦ

2243 4915 2676 4986 καθαριζομένου
2723 4914 2924 4987 λεπροῦ
2976 4915 3046 4969 τὰ
3098 4915 3269 4982 δεξιά,
3298 4917 3480 4979 ὠτίον,
3507 4919 3682 4988 χεῖρα,
3719 4909 3801 4963 καὶ

2242 5007 2408 5062 πόδα⁹
2434 5007 2495 5060 τὸ
2522 5008 2578 5061 δὲ
2612 5007 2848 5080 ὀρνίθιον
2871 5007 2934 5062 τὸ
2963 5007 3093 5076 ζῶν,
3125 5009 3231 5076 ἔξω
3255 5008 3353 5079 τῆς
3389 5009 3596 5072 πόλεως
3640 5006 3715 5068 είς
3750 5001 3800 5054 νὺ

2235 5097 2417 5151 πεδίον
2438 5097 2839 5164 ἐξαπέστειλεν.
2858 5099 3140 5170 Ἐπιτήρει
3166 5095 3260 5154 οὖν
3291 5101 3442 5164 ὅπως
3473 5097 3564 5152 διὰ
3601 5095 3704 5149 τῶν
3731 5094 3799 5144 εἰ-

2239 5190 2491 5261 ρημένων
2532 5191 2827 5263 ὁλόκληρον
2867 5192 3000 5263 ἡμῖν
3038 5191 3405 5263 ζωγραφῆται
3432 5188 3685 5262 Χριστόν.
3715 5182 3800 5238 Διὰ

2241 5281 2338 5352 μὲν
2353 5281 2462 5353 γὰρ
2476 5281 2571 5335 τοῦ
2583 5282 2784 5347 ζῶντος
2799 5283 3033 5354 ὀρνιθίου
3059 5283 3152 5336 τὸν
3175 5283 3355 5347 ζῶντά
3371 5300 3429 5336 τε
3463 5282 3556 5336 καὶ
3567 5278 3798 5348 οὐράνιον

2239 5374 2449 5443 νοήσεις
2477 5373 2682 5442 Λόγονο
2711 5374 2798 5429 διὰ
2839 5375 2897 5428 δὲ
2946 5373 3041 5428 τοῦ
3078 5374 3310 5445 αἳματος
3336 5374 3432 5427 τοῦ
3473 5366 3796 5441 ἐσφαγμένου

2315 5732 2396 5803 (2)
2423 5732 2636 5799 Καλῶς
2675 5764 2722 5774 -
2765 5736 2986 5802 θερίσει
3011 5733 3259 5805 φθοράν.
3289 5732 3388 5787 Mai
3419 5731 3545 5786 ibid.
