4146 6472
371 322 482 380 389

1567 314 1927 375 COMMENT.
1969 313 2038 368 IN
2078 311 2526 374 ΜΑΤΤΗᾹΞΕΜ.

3495 327 3673 400 .390

369 435 435 488 τὺ
472 435 657 506 τίμιον
683 429 824 505 αἷμα
854 431 950 486 τοῦ
985 429 1251 495 παθόντος
1283 431 1436 486 ναοῦ.
1479 431 1654 503 Σαρκὶ
1679 431 1786 501 γὰρ
1818 428 1974 484 αὑτὸν

2087 429 2264 486 Carne
2290 431 2435 486 enim
2469 431 2643 502 ipsum
2678 445 2899 501 passum
2927 448 3048 490 esse
3077 433 3309 493 dicimus
3334 439 3377 473 "
3414 450 3670 513 tanquam

374 527 709 582 πεπονθέναι
745 527 948 597 φαμὲν,
991 525 1132 595 πλὴν
1176 524 1254 588 ὡς
1289 525 1347 576 ὲν
1381 522 1496 595 ἰδίῳ
1524 524 1758 594 σώματι.
1793 525 1890 576 Διὰ
1919 521 1977 575 δὲ

369 619 470 673 τοῦ
503 619 748 684 ὑσώπου,
777 619 878 688 τὴν
907 617 1000 671 τοῦ
1036 617 1352 686 Πνεῦματος
1387 616 1537 681 ζέσιν
1572 615 1773 687 (θερμὴ
1806 615 1913 685 γὰρ
1943 615 1976 684 ὴ

371 713 506 774 πόα,
535 713 627 764 καὶ
657 711 767 764 τῶν
804 713 869 763 ἐκ
894 710 1236 780 ψυχρότητος
1270 708 1462 762 παθῶν
1496 710 1801 780 σμηκτική)
1823 725 1836 737 ο
1866 724 1978 760 τοι·

370 803 516 876 αὐτη
547 804 604 857 δὲ
636 806 670 874 ἡ
699 803 792 856 τοῦ
828 803 984 871 ἁγίου
1020 804 1338 872 Πνεύματος
1370 804 1628 873 ἐνέργειὰ
1655 820 1714 855 τε
1765 803 1857 854 καὶ
1887 800 1978 854 δύ-

369 897 589 966 ναμις)’
626 896 716 948 διὰ
742 895 800 948 δὲ
816 895 910 948 τοῦ
941 894 1198 948 κοκκίνου
1225 897 1324 963 τῆς
1355 893 1440 961 ἐφ’
1469 893 1662 962 αἵματι
1702 893 1978 962 Διαθήκης

369 985 670 1055 ὁμολογίαν
690 1001 703 1014 ⁶
737 986 824 1038 διὰ
851 985 909 1038 δὲ
941 983 1037 1037 τοῦ
1081 983 1284 1046 ζῶντος
1332 983 1544 1046 ὓδατος,
1574 982 1673 1052 τὴν
1714 981 1978 1045 ζωοποιὸν

369 1077 470 1129 τοῦ
505 1076 886 1146 βαπτίσματος
921 1076 1104 1146 χάριν,
1136 1074 1202 1127 δι’
1232 1067 1293 1126 οὗ
1323 1076 1352 1127 ό
1384 1074 1688 1146 λεπρωθεὶς
1713 1076 1778 1144 τῇ
1802 1075 1980 1144 ἀμαρο

370 1167 470 1239 τίᾳ
499 1167 860 1239 καθαίρεται·
898 1169 986 1222 διὰ
1025 1168 1082 1221 δὲ
1108 1167 1205 1219 τοῦ
1233 1167 1341 1232 ἔξω
1368 1167 1468 1238 τῆς
1499 1168 1706 1230 πόλεως
1754 1167 1815 1220 τὸ
1867 1166 1979 1231 ζῶν

371 1261 615 1334 ὀρνίθιον
661 1261 1114 1328 ἀποπάλλεσθαι,
1148 1261 1248 1332 τὴν
1278 1261 1386 1314 ἀπὸ
1418 1260 1510 1314 τοῦ
1558 1261 1764 1330 κόσμου
1814 1258 1980 1330 μετά-

375 1372 574 1410 στασιν
605 1357 699 1410 καὶ
728 1357 828 1428 τὴν
880 1357 960 1419 εἰς
991 1356 1259 1426 οὐρανοὺς
1305 1354 1596 1408 Ἀνάϐασιν
1620 1353 1711 1406 τοῦ
1741 1345 1978 1423 Χριστοῦ

373 1449 780 1519 διδασκόμεθα*
823 1447 1062 1518 γεγονὼς
1094 1448 1204 1520 γὰρ
1246 1447 1421 1511 οὕτως
1464 1446 1602 1518 πρὸς
1630 1446 1721 1499 τὸν
1756 1446 1980 1514 Πατέρα

374 1546 476 1596 καὶ
506 1544 662 1605 Θεὸν,
692 1544 832 1616 ὑπὲρ
864 1544 1020 1614 ἡμῶν
1045 1545 1302 1597 ἁπάντων
1337 1541 1702 1608 ὲξιλάσκεται,
1742 1543 1835 1594 καὶ
1878 1559 1980 1596 κα-

377 1629 862 1702 θαρισθησόμεθαο
899 1633 988 1686 διὰ
1038 1633 1093 1686 δὲ
1146 1632 1241 1686 τοῦ
1293 1633 1544 1704 χρίεσθαι
1578 1633 1645 1686 τά
1693 1632 1842 1698 δεξιά
1884 1632 1977 1686 τοῦ

373 1720 609 1792 λεπροῦ,
643 1723 822 1786 ὠτίον,
853 1726 947 1777 καὶ
976 1725 1157 1794 χεῖρα,
1196 1726 1288 1777 καὶ
1332 1724 1488 1787 πόδα,
1521 1724 1582 1778 τὸ
1608 1725 1717 1777 δεῖν
1749 1725 1885 1796 πρὸς
1909 1726 1974 1795 τῇ

372 1812 586 1885 θεωρία
621 1815 716 1866 καὶ
745 1818 809 1886 τῇ
841 1817 1038 1887 πράξει
1076 1817 1170 1869 καὶ
1202 1819 1269 1888 τῇ
1303 1816 1500 1889 πορείᾳ
1547 1818 1606 1870 ὲν
1651 1819 1764 1882 τοῖς
1808 1817 1974 1881 θείοις

370 1907 528 1976 ἡμᾶς
555 1907 830 1976 γενέσθαι.

463 2002 524 2055 '0
553 2003 760 2074 Κύριος
789 2004 845 2058 δὲ
876 2004 964 2059 διὰ
991 2007 1090 2075 τῆς
1121 2008 1341 2078 ἐπαφῆς
1365 2007 1466 2078 τῆς
1491 2007 1672 2078 χειρὸς
1697 2007 1794 2078 τὴν
1843 2007 1977 2062 κάθο

370 2111 542 2165 αρσιν
580 2094 674 2148 τοῦ
715 2095 918 2168 λεπροῦ
957 2097 1147 2152 τούτου
1179 2101 1497 2172 ἐποιήσατο,
1525 2101 1739 2165 δεικνὺς
1769 2102 1851 2156 ὅτι
1881 2102 1978 2155 καὶ

371 2186 409 2254 ἡ
443 2184 578 2252 ἁγία
607 2186 775 2239 αὐτοῦ
807 2187 945 2258 σὰρξ
973 2189 1241 2261 χρειώδης
1271 2192 1389 2244 ἐστὶ
1417 2192 1554 2264 πρὸς
1577 2193 1871 2261 ἁγιασμόν.
1904 2191 1977 2244 Τὸ

374 2275 482 2345 μὲν
517 2279 628 2346 γὰρ
660 2277 885 2349 Πνεῦμα
918 2279 1197 2352 καθαίρει,
1234 2281 1351 2352 ἡδὲ
1389 2282 1483 2335 τοῦ
1515 2281 1835 2354 Πνεῦμα-τος
1863 2299 1977 2337 κοι-

372 2367 543 2421 νωνία
581 2369 803 2436 ἐμποιεῖ
829 2370 920 2424 τὸν
952 2373 1247 2442 ἁγιασμόν.

371 2461 690 2530 Κυρίλλου
743 2461 813 2516 ἐκ
862 2460 970 2516 τοῦ
1024 2461 1299 2532 πέμπτου
1329 2463 1579 2528 βιϐλίου
1631 2465 1753 2519 τῶν
1802 2466 1978 2519 Ὑπο-

443 2550 776 2620 μνημάτων
827 2551 948 2607 τῶν
977 2555 1065 2620 εὶς
1117 2552 1182 2607 τὸ
1213 2552 1363 2608 κατὰ
1393 2554 1696 2610 Ματθιιῖον
1729 2557 1771 2608 Ε
1777 2555 1979 2627 ὺαγγέ-

447 2646 610 2697 λιον.

448 2735 610 2788 Μετὰ
656 2735 736 2806 (1)
780 2735 837 2789 δὲ
891 2735 988 2790 τοῦ
1038 2737 1370 2810 χαρίσασθαι
1418 2741 1516 2810 τὴν
1553 2741 1617 2794 ἐκ
1672 2741 1977 2812 φιλαγὰθου

373 2826 694 2898 θελήματος
743 2827 941 2900 ῥοπὴν,
983 2832 1078 2884 καὶ
1110 2833 1209 2904 τὴν
1259 2833 1346 2886 διὰ.
1390 2835 1570 2905 χειρὸς
1608 2836 1751 2908 ἁφὴν
1803 2854 1973 2906 προσ-

373 2919 693 2974 επιδίδωσιν
773 2923 862 2976 ἵνα
901 2923 1164 2994 μάθωμεν
1219 2927 1384 2996 ἡμεῖς
1461 2926 1537 2990 ὼς
1616 2929 1839 2998 ἐνεργὸν
1897 2933 1978 2994 είς

374 3011 652 3082 κάθαρσίν
692 3013 810 3067 ἐστι
855 3015 916 3067 τὸ
979 3016 1133 3084 ἅγιον
1185 3002 1350 3071 αὑτοῦ
1397 3018 1587 3089 σῶμα,
1615 3020 1710 3072 καὶ
1753 3024 1818 3092 τῇ
1855 3021 1977 3093 θείᾳ

2083 520 2134 573 in
2189 522 2409 591 pmprio
2451 537 2700 590 corpore.
2758 523 2863 578 Per
2914 525 3204 597 hyssopum
3262 545 3390 585 vero
3437 534 3672 603 Spiritus

2080 608 2350 665 l‘vrvorem
2405 613 2601 680 (calida
2652 614 2796 668 enim
2848 626 2932 670 est
2981 617 3188 684 herba,
3246 620 3672 695 l'rigidorumquo

2083 706 2398 761 morborum
2449 706 2789 781 abstersiva)
2847 711 2970 764 talis
3019 724 3200 767 autem
3240 716 3472 782 Spiritus
3496 722 3669 776 sancti

2082 800 2165 852 vis
2195 810 2300 864 est,
2346 815 2410 853 ac
2461 801 2671 866 virtus;
2714 818 2810 870 per
2859 805 3141 857 coccinum
3177 822 3306 861 vero
3337 809 3670 867 Tesuamenti

2082 889 2135 942 in
2165 891 2429 958 sanguine
2453 893 2901 960 causerisiouem;
2931 910 3024 964 per
3057 897 3229 949 vivam
3260 911 3442 954 autem
3469 917 3668 970 aquam

2083 979 2350 1033 vivilicam
2385 980 2640 1049 baptismi
2668 985 2923 1051 gratiam,
2961 1000 3059 1051 per
3079 1000 3242 1048 quam
3269 988 3502 1044 infecuus
3525 991 3669 1060 lepra

2082 1072 2289 1139 peccati
2328 1074 2656 1138 mundatur;
2702 1090 2796 1142 per
2828 1075 2956 1128 illud
2992 1089 3197 1144 autem,
3231 1083 3373 1146 quod
3409 1095 3563 1136 extra
3593 1085 3669 1139 ci-

2083 1163 2306 1217 vitalem
2342 1165 2458 1218 viva
2487 1166 2604 1219 avis
2638 1167 2960 1233 dimittatur,
2992 1186 3056 1224 ex
3098 1172 3200 1226 hoc
3237 1175 3437 1228 mundo
3469 1176 3672 1245 migra-

2086 1257 2287 1310 tionem
2327 1267 2381 1310 et
2410 1257 2611 1312 Christi
2648 1260 2698 1311 in
2734 1259 2902 1313 cuiius
2942 1262 3328 1318 Ascensiouem
3367 1268 3669 1323 docemur:

2084 1347 2158 1403 ita
2193 1349 2337 1402 enim
2371 1351 2511 1417 apud
2537 1348 2705 1403 Deum
2729 1362 2784 1404 et
2814 1349 3029 1406 Patrem
3072 1355 3128 1408 (it
3172 1371 3270 1426 pro
3302 1358 3456 1412 nobis
3485 1361 3667 1430 propi-

2087 1445 2260 1512 tiatio,
2295 1455 2349 1499 et
2377 1445 2797 1512 Inundabinmr;
2835 1464 2932 1516 per
2955 1447 3081 1503 illud
3111 1459 3315 1514 autem,
3345 1452 3486 1520 quod
3514 1453 3672 1504 iuun-

2082 1547 2241 1607 gatur
2275 1537 2500 1593 dextera
2528 1538 2730 1608 leprosi
2757 1540 3030 1604 auricula,
3059 1557 3359 1611 manusque
3389 1557 3452 1597 ac
3477 1545 3666 1612 pedes,

2084 1644 2183 1682 nos
2211 1631 2690 1700 contemplatione,
2724 1633 2942 1688 actione
2973 1641 3030 1690 et
3057 1649 3348 1704 progressu
3383 1635 3439 1691 in
3473 1636 3672 1691 divinis

2082 1719 2290 1776 versari
2322 1724 2539 1779 debere.

2149 1989 2254 2059 21
2318 1988 2574 2044 Dominus
2624 2000 2805 2046 autem
2865 2007 2962 2061 per
3016 2001 3328 2048 contactum
3369 2011 3562 2053 manus
3592 1998 3671 2056 le-

2078 2083 2228 2151 prosi
2273 2081 2435 2150 hujus
2475 2082 2884 2137 inundationem
2924 2096 3184 2153 operatus
3223 2095 3338 2152 est,
3373 2091 3668 2144 ostendens

2079 2187 2325 2230 sanetam
2353 2189 2575 2228 carnem
2613 2190 2768 2229 suam
2798 2175 2986 2229 utilem
3031 2191 3155 2233 esse
3186 2179 3252 2231 ad
3287 2181 3671 2237 sanctiﬁcatio-

2079 2279 2226 2318 nem.
2262 2265 2500 2332 Spiritus
2532 2265 2802 2335 siquidem
2827 2270 3076 2336 mundat,
3109 2271 3542 2328 communicatio
3565 2289 3667 2328 au-

2082 2366 2189 2412 tem
2220 2357 2457 2426 Spiritus
2489 2359 2836 2414 sanctitatem
2872 2361 3029 2415 indit.

2083 2457 2275 2529 Cyrillt'
2303 2473 2368 2512 ea:
2401 2459 2536 2512 libro
2561 2461 2745 2529 quinto
2778 2462 3274 2516 commentariorum
3324 2465 3380 2518 in
3426 2463 3668 2521 Μαιιιιαρί

2395 2550 2762 2623 Evangelium.
2806 2552 3039 2624 (Matth.
3075 2570 3203 2624 vnt,
3233 2556 3354 2626 15.)

2152 2731 2445 2803 Postquam
2477 2731 2726 2788 benivola
2752 2745 2848 2786 sua
2875 2730 3149 2786 voluntate
3177 2733 3512 2788 beneﬁcium
3538 2749 3668 2790 con-

2083 2824 2304 2888 tulerat,
2359 2840 2520 2878 mauu
2577 2839 2795 2893 quoque
2850 2825 3085 2894 tetigit,
3143 2835 3200 2878 ut
3243 2839 3343 2879 nos
3394 2828 3669 2882 discamus

2079 2927 2322 2974 Sanctum
2353 2918 2495 2972 illius
2525 2933 2724 2984 corpus
2747 2917 2857 2970 vim
2911 2921 3172 2988 purgandi
3223 2919 3447 2986 habere,
3507 2921 3669 2990 idquo

2079 3010 2372 3064 utilissime
2412 3025 2535 3062 cum
2567 3008 2750 3062 divina
2786 3010 3068 3064 voluntate
3115 3012 3538 3068 sanetilicationi
3569 3031 3668 3068 no-

374 3102 635 3176 βουλήσει
660 3108 1264 3179 συμπαραλαμϐάνεται
1290 3112 1695 3182 χρειωδέστατα
1725 3115 1862 3184 πρὸς
1886 3114 1974 3168 τὸν

2083 3110 2208 3154 strue
2242 3100 2568 3153 conducere.
2613 3097 2829 3152 Etenim
2865 3116 2893 3151 a
2928 3097 3137 3168 Spiritu
3183 3093 3431 3171 purgatio
3475 3114 3666 3158 nostra

371 3198 457 3260 εἰς
514 3199 668 3268 ἡμᾶς
725 3201 1033 3272 ἁγιασμόν⁹
1067 3203 1337 3275 κάθαρσις
1383 3205 1554 3277 γάρὴ
1608 3207 1666 3258 ὲν
1697 3206 1975 3277 Πνεύματι

370 3289 617 3343 τελεῖται
646 3289 713 3342 δι’
755 3293 1052 3364 ἀγιασμοῦ,
1075 3295 1134 3348 ὂν
1158 3295 1218 3349 τὸ
1264 3296 1359 3351 τοῦ
1396 3297 1653 3368 Σωτῆρος
1687 3299 1844 3370 ἡμῶν
1885 3301 1974 3351 ὲν-

370 3379 562 3452 τίθησι
616 3382 796 3452 σῶμα,
835 3385 930 3438 τοῦ
985 3387 1322 3453 ἐνοικοῦντος
1355 3389 1506 3461 αὐτῷ
1551 3389 1728 3459 Λόγου
1773 3391 1976 3462 φοροῦν

371 3469 474 3541 τὴν
509 3472 821 3544 ἐνέργειαν.

772 3569 1079 3636 Κυρίλλου
1118 3568 1186 3623 ἐκ
1236 3569 1343 3625 τοῦ
1374 3571 1580 3625 αὐτοῦ.

440 3657 872 3729 ’Τεθερόιπευκεν
913 3661 1022 3732 γὰρ
1067 3660 1144 3725 ὡς
1168 3661 1335 3727 Θεὸς,
1355 3666 1454 3733 τῆς
1491 3663 1626 3728 ιδίας
1657 3664 1839 3736 χειρὸς
1875 3665 1976 3738 τὴν

371 3753 523 3822 ἁφὴν
554 3755 623 3824 τῇ
648 3754 878 3826 κειμένῃ
909 3753 1275 3825 δωρούμενος.
1312 3757 1421 3808 Καὶ
1448 3755 1538 3810 διὰ
1563 3757 1720 3810 ποίαν
1757 3759 1972 3826 αίτίαν;

370 3843 496 3896 Ἵνα
519 3845 586 3914 τῇ
614 3844 720 3915 ἰδία
745 3845 928 3913 φύσει,
959 3848 1027 3917 τῇ
1065 3847 1164 3917 τῆς
1193 3846 1445 3919 θεότητος
1473 3847 1633 3917 λέγω,
1667 3849 1974 3908 ἰσοσθενοῦν

368 3936 634 4008 ἀποδείξῃ
665 3936 726 3990 τὸ
756 3937 886 3991 ἴδιον
922 3938 1082 4008 σῶμα
1110 3940 1253 3993 κατά
1286 3956 1352 4008 γε
1375 3939 1474 4010 τὴν
1495 3943 1552 3994 ὲν
1581 3943 1692 4004 τοῖς
1726 3943 1974 3998 νοσοῦσιν

368 4030 660 4101 ἐνέργειαν
677 4046 688 4058 ·
709 4027 871 4100 σῶμα
901 4030 1011 4100 γάρ
1036 4031 1187 4082 ἐστιν
1210 4031 1310 4083 οὐκ
1338 4029 1628 4100 ἀνθρώπου
1659 4032 1802 4096 τινὸς
1819 4073 1834 4098 ,
1856 4032 1973 4087 ἀλλ’

366 4119 540 4172 αὐτοῦ
588 4118 658 4173 τὰ
721 4119 902 4174 πάντα
949 4117 1348 4192 κατορθοῦντος
1400 4120 1495 4173 καὶ
1548 4119 1824 4190 ἰσχύοντος
1869 4123 1974 4176 Λό-

366 4227 495 4280 γον.

779 4327 1094 4396 Κυρίλλου
1121 4326 1190 4380 ἐκ
1216 4327 1322 4382 τοῦ
1347 4326 1558 4382 αὑτοῦ.

441 4420 608 4488 Λόγῳ
635 4419 927 4490 τοιγαροῦν
966 4421 1196 4492 ἐνεργὴς
1232 4421 1430 4491 ὁρᾶται
1462 4420 1624 4476 πάλιν
1649 4436 1665 4451 ⁶
1713 4422 1810 4474 καὶ
1837 4422 1969 4475 ποτὲ

368 4509 476 4576 μὲν
520 4496 698 4575 οὗτος,
744 4508 877 4562 ποτὲ
907 4509 964 4563 δὲ
1016 4512 1221 4573 ἐκεῖνος
1275 4509 1686 4580 θαυματουργεῖ
1715 4528 1727 4541 ·
1753 4511 1969 4576 δεικνὺς

361 4601 452 4653 ὅτι
479 4601 578 4653 καὶ
602 4601 737 4654 αὐτὸ
765 4602 826 4654 τὸ
855 4601 1021 4672 σῶμα
1044 4601 1105 4655 τὸ
1130 4601 1336 4673 ληφθὲν
1363 4603 1496 4673 παρ’
1523 4601 1690 4657 αὑτοῦ
1716 4602 1782 4656 δι’
1799 4605 1968 4675 ἡμᾶς,

361 4691 604 4763 ἐνεργόν
636 4694 754 4746 ἐστι
793 4693 918 4747 καθ’
949 4694 1132 4760 ἑαυτὸ,
1159 4694 1249 4748 διὰ
1286 4695 1382 4748 τὸν
1418 4694 1733 4749 ἐνοικοῦντα
1757 4696 1932 4764 Λόγον
1958 4711 1971 4728 ⁸

361 4787 468 4840 καὶ
517 4787 546 4838 ὁ
582 4786 758 4854 Λόγος
793 4786 850 4839 δὲ
896 4786 1052 4842 οὐδὲν
1101 4782 1286 4861 ἦττον,
1319 4787 1418 4842 καὶ
1447 4789 1496 4840 εί
1529 4786 1608 4859 μὴ
1643 4787 1976 4860 σωματικῶς

364 4875 642 4947 ἑπαφῷτό
681 4894 865 4934 τινων.

454 4969 674 5037 Ὀψίας
692 4968 761 5022 δὲ
779 4969 1112 5039 γενομένης
1131 4968 1559 5042 προσήνεγκαν
1578 4969 1740 5036 αὐτῷ
1764 4968 1969 5041 δαιμο-

360 5057 719 5128 νιζομένους
748 5060 1044 5127 πολλούς.

435 5150 545 5204 Διὰ
576 5149 633 5203 τί
660 5149 876 5223 ἡμέρας
905 5151 966 5205 οὐ
1005 5153 1390 5224 προσήνεγκαν
1435 5151 1564 5216 τοὺς
1609 5151 1966 5225 ἀρῤὡστους;

369 5247 535 5300 Ἤτοι
562 5244 954 5318 εὐλαϐούμενοι
984 5247 1112 5310 τοὺς
1127 5247 1484 5316 Γραμμτεῖς
1507 5232 1602 5299 καὶ
1616 5243 1962 5316 Φαρισαίους,

361 5340 399 5410 ἢ
436 5344 508 5395 ἂν
539 5339 706 5395 πάλιν
741 5339 1123 5412 αἰσχυνόμενοι
1155 5339 1248 5392 ἐπὶ
1274 5340 1394 5402 ταῖς
1425 5338 1733 5402 ἀσθενείαις
1760 5337 1964 5404 αὐτῶν,

447 5515 493 5548 ⁸³
527 5514 545 5568 l
581 5515 731 5573 Petr.
764 5531 844 5583 Iv,
870 5517 918 5571 l.

441 5697 523 5765 (ι)
559 5694 672 5749 Hoc
696 5694 1061 5765 fragmentum
1087 5707 1209 5747 cum
1236 5691 1446 5765 duobus
1471 5687 1823 5765 seguentibus
1847 5691 1958 5765 edi-

355 5759 621 5835 dit'Ang.
655 5766 760 5821 Mai
784 5759 860 5819 'in
891 5761 958 5817 Β.
985 5761 1059 5818 Ν.
1094 5771 1240 5820 tumo
1286 5763 1355 5828 ll,
1395 5777 1449 5832 p.
1487 5760 1618 5817 476.
1663 5759 1856 5828 Agitur
1897 5764 1962 5816 de

2083 3193 2163 3258 ﬁt,
2195 3207 2358 3261 quam
2395 3192 2706 3247 Servatoris
2741 3193 2912 3246 nostri
2958 3209 3159 3261 corpus
3187 3196 3405 3249 conlert
3436 3234 3454 3260 ,
3507 3197 3666 3252 inha-

2078 3285 2302 3340 bitantis
2331 3286 2384 3339 in
2424 3285 2539 3354 ipso
2577 3284 2816 3356 Spiritus
2841 3284 3140 3342 elﬁcaciam
3177 3300 3397 3357 gerens.

2535 3566 2728 3639 Cyrilli
2758 3584 2824 3622 ea:
2851 3569 3028 3622 eodem
3068 3569 3224 3624 libro.

2149 3662 2452 3717 Sanitatem
2482 3669 2668 3730 utpote
2723 3659 2864 3714 Deus
2892 3661 3144 3724 contulit,
3198 3662 3432 3732 propriae
3473 3678 3670 3719 manus

2077 3761 2390 3806 contactum
2449 3749 2656 3816 jaceuti
2723 3749 3063 3819 gratiﬁcans.
3112 3748 3528 3816 Quamobrem?
3597 3753 3670 3812 Ut

2076 3843 2314 3912 promite
2337 3850 2571 3905 naturae,
2605 3839 2803 3893 divinae
2835 3839 3078 3908 inquam,
3115 3855 3274 3909 pares
3300 3841 3499 3896 habere
3525 3843 3669 3899 vires

2075 3948 2276 4003 corpus
2304 3948 2460 3988 suum
2487 3932 2842 3994 ostenderet,
2900 3940 3165 4000 quantum
3216 3931 3413 3986 attinet
3457 3933 3525 3988 ad
3571 3951 3664 3990 sa.

2077 4028 2384 4082 nandorum
2423 4039 2690 4094 mgrorum
2742 4020 3065 4077 ellicaciam.
3112 4021 3227 4078 Non
3260 4031 3345 4078 est
3375 4025 3522 4080 enim
3561 4027 3666 4082 hoc

2073 4134 2272 4188 corpus
2295 4116 2586 4185 cujuslibet
2608 4114 2847 4184 vulgaris
2866 4114 3126 4180 hominis,
3158 4115 3254 4171 sed
3284 4114 3445 4171 Verbi
3465 4130 3663 4173 cuncta

2079 4213 2309 4282 potentis
2341 4224 2599 4281 prospere
2635 4206 2868 4262 elIicere.

2533 4319 2721 4391 Cyrilli
2746 4335 2812 4374 ea:
2830 4322 3012 4374 eodem
3044 4317 3200 4373 libro.

2153 4416 2399 4474 Vicissim
2444 4415 2627 4484 itaque
2657 4427 2790 4467 voce
2836 4426 2959 4466 eum
3012 4412 3261 4468 videmus
3309 4411 3545 4480 operari.
3600 4411 3666 4466 Et

2003 4477 2046 4533 θ
2076 4511 2236 4565 modo
2279 4509 2497 4577 quidem
2555 4520 2711 4570 voce,
2761 4505 2922 4559 modo
2973 4504 3140 4558 etiam
3201 4510 3347 4557 tactu
3403 4503 3662 4557 miraculi

2073 4604 2186 4659 edit
2221 4619 2237 4657 :
2276 4614 2468 4668 nempe
2500 4609 2560 4653 ut
2587 4598 2946 4662 demonstret,
2976 4609 3175 4664 corpus
3198 4594 3367 4649 etiam
3401 4595 3544 4664 quod
3570 4611 3688 4664 pro,

2076 4695 2234 4751 nobis
2263 4692 2583 4760 assumpsit,
2618 4705 2715 4758 per
2737 4704 2796 4744 se
2833 4703 2958 4745 esse
3000 4685 3196 4743 eﬂlcax
3245 4696 3470 4757 propter
3507 4685 3669 4742 iuba.

2078 4789 2261 4843 bitans
2291 4786 2551 4849 Verbum,
2586 4781 2938 4852 Verbumque
2984 4781 3130 4835 haud
3194 4779 3377 4834 secius
3435 4777 3661 4848 pollere,

2079 4881 2296 4936 etiamsi
2327 4877 2510 4932 nullus
2537 4876 2693 4930 licret
2713 4871 3016 4943 corporalis
3043 4880 3356 4927 contactus.

2151 4969 2286 5034 Vlll,
2318 4969 2402 5024 l6.
2451 4966 2669 5035 Vespere
2701 4976 2878 5020 autem
2913 4964 3080 5034 facta,
3111 4964 3413 5020 obtulerunt
3445 4966 3494 5023 ei
3523 4969 3666 5024 ιιιιιι-

2077 5074 2158 5118 tos
2182 5060 2445 5116 damonia
2470 5057 2739 5112 habentes.

2150 5152 2259 5206 Cur
2307 5151 2372 5204 de
2425 5149 2514 5204 die
2578 5163 2685 5202 non
2739 5146 3019 5201 adducunt
3060 5143 3362 5202 inﬁrmos?
3393 5145 3492 5204 Vel
3539 5150 3664 5218 quia

2077 5242 2300 5298 Scribas
2329 5249 2650 5297 reverentur
2701 5249 2758 5292 et
2797 5237 3133 5303 Pharisazos,
3165 5247 3255 5292 aut
3294 5253 3488 5295 rursus
3533 5241 3661 5308 quia

2075 5334 2420 5390 inﬁrmitates
2462 5347 2590 5389 suas
2622 5331 2974 5398 erubescunt,
3027 5339 3122 5385 aut
3167 5344 3235 5386 eo
3282 5330 3424 5401 quod
3460 5329 3663 5386 inﬁrmi

2065 5688 2211 5745 Petri
2233 5687 2464 5760 apostoli
2497 5701 2655 5761 socru
2687 5684 2911 5761 (Matth.
2940 5699 3057 5761 vin,
3083 5684 3170 5748 Η,
3209 5686 3321 5761 15),
3346 5701 3508 5759 quam
3540 5703 3662 5746 ma-

2072 5777 2172 5816 nus
2212 5756 2462 5818 contactu
2499 5756 2634 5814 febri
2663 5756 2935 5828 expedivit
2962 5757 3245 5812 Servatur.
