4146 6472
508 307 607 364 5.)!

1549 295 1608 354 S.
1648 293 1926 351 CYRILLI
1962 288 2439 348 ALEXANDRINI
2473 288 2796 346 ARCIIIEP.

3683 289 3790 360 δ’νὲ

508 444 618 485 non
679 426 788 495 22
837 425 1095 480 haberent
1159 421 1250 492 qui
1313 433 1433 475 sese
1488 420 1555 473 ad
1619 418 1801 473 Jesum
1858 416 2094 471 adduce-

2202 415 2230 485 ἢ
2261 412 2350 467 διὰ
2378 412 2438 466 τὸ
2475 413 2548 484 μὴ
2580 412 2724 483 ἔχειν
2754 413 2881 477 τοὺς
2907 411 3266 475 ἀσθενοῦντάς
3303 428 3457 475 τινας
3504 428 3785 482 προσαγα-

553 530 652 576 θυι.

553 539 586 575 ιι
639 563 652 576 .

510 537 569 578 η
589 537 735 676 ειη,
771 609 853 664 18.
899 607 1092 662 Viden:
1115 617 1289 660 autem
1314 604 1473 659 Iesus
1505 603 1687 656 turbas
1711 601 1905 655 multa:
1945 600 2091 654 circa

508 723 586 770 se,
617 705 782 774 jussit
813 704 889 756 ire
919 713 1065 753 trans
1090 699 1308 767 fretum.

582 795 835 850 Retraxit
890 808 950 847 se
981 791 1237 845 Christus
1270 804 1300 842 a
1327 787 1540 852 turbis,
1571 801 1641 841 ne
1673 785 1945 853 gloriosus
1972 782 2095 852 qui-

509 887 632 942 dam
666 887 946 940 videretur
971 921 986 947 ,
1040 881 1131 950 qui
1181 878 1364 950 populi
1399 879 1647 932 laudibus
1692 877 2096 940 delectaretur;

511 989 674 1048 atque
716 989 774 1030 ut
824 992 890 1029 ne
918 977 1285 1028 irascerentur
1316 972 1418 1026 sibi
1456 971 1760 1035 Pharisaei,
1815 969 1905 1038 qui
1955 982 2098 1036 εδει-ο

512 1072 802 1124 admodum
871 1067 1120 1121 ferebant
1165 1067 1362 1120 multos
1405 1063 1478 1117 illi
1516 1065 1815 1116 adhaerere.
1874 1061 2100 1128 Insuper

513 1164 730 1218 volebat
754 1159 913 1214 Jesus
949 1158 1242 1211 salutarem
1271 1171 1424 1208 suam
1456 1151 1945 1209 circumstantibus
1968 1165 2099 1218 quo-

511 1271 618 1324 que
649 1254 876 1306 urbibus
905 1251 1082 1304 lucem
1128 1248 1352 1302 inferre.

511 1345 699 1416 Cyrilti
731 1360 796 1398 ea:
821 1343 1050 1397 secundo
1082 1342 1215 1392 libro
1257 1337 1625 1392 commentarii
1670 1337 1726 1389 in
1771 1334 2093 1388 Mattltteum

1043 1430 1262 1503 (Matth.
1298 1443 1414 1492 vm,
1445 1428 1563 1497 93).

581 1525 770 1580 Navim
796 1540 926 1594 ergo
952 1538 1074 1577 cum
1105 1538 1172 1574 eo
1195 1521 1566 1573 consecrrduut
1594 1517 1884 1583 discipuli;
1927 1517 1973 1570 is
1997 1531 2094 1570 au-

513 1628 621 1674 tem
637 1632 886 1670 somnum
908 1613 1009 1668 sibi
1032 1613 1389 1678 obrepentem
1416 1608 1677 1670 admittit,
1699 1617 1751 1660 et
1768 1605 2100 1672 dispensati-

2197 508 2314 574 γεῖν
2347 505 2545 567 αὐτοὺς
2573 506 2651 574 τῷ
2688 505 2886 575 Ἰησοῦ.

2284 597 2447 651 Ἰδὼν
2485 596 2554 650 δὲ
2591 593 2830 663 Ἰησοῦς
2855 593 3128 661 πολλοὺς
3155 595 3381 662 ὄχλους
3417 601 3548 662 περὶ
3573 593 3782 659 αὐτὸν,

2197 689 2528 744 ἐκέλευσεν
2575 687 2861 745 ἀπελθεῖν
2911 690 2998 754 εὶς
3034 687 3102 741 τὸ
3145 687 3355 755 πέραν.

2281 781 2587 853 Ὑπεχώρει
2621 782 2698 851 (1)
2733 782 2760 833 ὁ
2783 781 3021 850 Χριστὸς
3066 779 3174 833 ἀπὸ
3202 780 3310 834 τῶν
3344 779 3539 850 ὄχλων,
3590 781 3677 835 ἵνα
3716 781 3791 852 μὴ

2198 875 2326 949 δόξῃ
2376 893 2460 938 τις
2515 875 2853 945 φιλόκομπος
2893 869 3056 936 εἶναι,
3097 873 3304 943 χαίρων
3350 875 3461 936 τοῖς
3503 873 3655 942 παρὰ
3682 873 3788 926 τῶν

2199 969 2414 1022 πολλῶν
2447 969 2712 1032 ἐπαίνοις,
2750 967 2846 1020 καὶ
2878 967 2966 1020 ἵνα
3000 965 3074 1036 μὴ
3108 966 3436 1036 ὀργίζωνται
3469 966 3587 1018 κατ’
3624 965 3789 1018 αὑτοῦ

2198 1062 2484 1129 Φαρισαῖοι
2531 1059 2742 1130 (ἐλύπει
2772 1059 2880 1129 γὰρ
2909 1058 3106 1120 αὐτοὺς
3145 1057 3436 1128 σφόδρα.τὺ
3479 1056 3792 1110 ἀκολουθεῖν

2201 1153 2350 1222 αὑτῴ
2373 1151 2650 1221 πολλοὺς),
2679 1151 2772 1204 καὶ
2795 1150 2880 1201 ἵνα
2911 1151 3028 1210 ταῖς
3059 1147 3287 1218 πλησίον
3316 1147 3540 1200 πόλεσιν
3569 1147 3794 1218 ἐπιλάμ-

2199 1244 2278 1316 ψῃ
2311 1243 2372 1296 τὸ
2399 1245 2597 1296 οἰκεῖον
2625 1244 2722 1296 καὶ
2761 1243 3028 1312 σωτήριον
3063 1241 3194 1308 φῶς.

2198 1336 2507 1404 Κυρίλλου
2571 1335 2640 1387 ἐκ
2691 1333 2797 1387 τοῦ
2877 1332 3162 1400 δευτέρου
3228 1331 3334 1385 τοῦ
3385 1333 3474 1398 εις
3521 1330 3588 1385 τὸ
3644 1330 3796 1386 κατὰ

2596 1420 2655 1470 Μ
2659 1416 2904 1470 ατθαὶον
2951 1417 2962 1434 '
2979 1414 3428 1484 Υπομνήματος.

2275 1508 2721 1563 Συνεισὸαίνουσι
2755 1510 2835 1579 (2)
2874 1509 3056 1562 τοίνυν
3073 1510 3120 1560 οἱ
3141 1507 3404 1578 μαθηταί·
3438 1506 3532 1559 καὶ
3565 1506 3789 1575 προσδὲ-

2204 1620 2364 1673 χεται
2410 1603 2508 1673 μὲν
2538 1603 2629 1656 τὸν
2667 1602 2834 1655 ὕπνον
2861 1601 3043 1667 αὐτὸς,
3081 1593 3452 1670 οἰκονομικῶς
3479 1600 3535 1652 δὲ
3553 1600 3792 1670 μάλιστα

511 1722 578 1760 va
614 1706 822 1759 ratione
843 1719 938 1771 per
966 1703 1017 1753 id
1051 1712 1262 1767 tempus
1306 1712 1526 1750 carnem
1557 1711 1710 1749 suam
1739 1696 1947 1764 perpeti
1980 1710 2098 1761 qua:

2203 1695 2326 1748 κατ’
2353 1697 2531 1749 ἐκεῖνο
2563 1695 2756 1766 καιροῦ
2780 1694 2840 1746 τὸ
2862 1694 3051 1746 παθεῖν
3083 1694 3256 1761 ἐφιεὶς
3278 1694 3348 1745 τὰ
3379 1692 3485 1744 ἴδια
3508 1695 3571 1762 τῇ
3605 1693 3790 1762 σαρκὶ,

512 1799 638 1852 huic
712 1808 841 1851 sunt
907 1793 1124 1862 propria
1187 1791 1352 1854 sinit;
1412 1803 1724 1858 quanquam
1791 1786 2096 1840 divinitatis

2202 1789 2376 1842 καίτοι
2433 1789 2634 1842 διέπων
2683 1788 2846 1851 αὐτὸς
2901 1787 3044 1840 κατά
3097 1804 3164 1855 γε
3229 1786 3326 1856 τὴν
3389 1786 3489 1854 τῆς
3540 1785 3792 1854 θεότητος

513 1889 722 1944 efﬁcaci
745 1888 792 1940 vi
817 1902 879 1940 ac
900 1893 1093 1938 natura
1119 1883 1317 1936 caalum
1343 1891 1648 1948 terramque
1664 1887 1718 1934 et
1760 1893 2098 1949 queecuuque

2205 1881 2485 1948 ὲνέργειάν
2514 1897 2574 1932 τε
2614 1881 2707 1932 καὶ
2737 1879 2900 1949 φύσιν
2930 1879 3194 1949 οὐρανοὺς
3218 1878 3314 1932 καὶ
3339 1878 3442 1947 γῆν
3480 1876 3575 1929 καὶ
3610 1875 3677 1928 τὰ
3700 1875 3793 1928 ἐπὶ

513 1979 651 2032 ultra
676 1994 738 2032 ea
771 1985 897 2030 sunt
931 1973 1270 2045 pervaderet.

584 2068 714 2134 Vlll,
743 2069 836 2122 25.
876 2066 1120 2129 Domine,
1150 2064 1293 2117 salva
1324 2078 1438 2122 nos,
1469 2062 1722 2130 perimus.

583 2163 779 2232 Specta
823 2175 946 2214 cum
993 2160 1096 2212 (ide
1130 2156 1251 2209 ﬁdei
1288 2155 1630 2223 parvitatem.
1666 2151 1909 2206 Credunt
1939 2152 2104 2220 siqui-

513 2257 634 2310 dem
673 2254 888 2308 salvare
927 2266 1049 2306 eum
1105 2261 1307 2318 posse:
1357 2251 1420 2298 ut
1469 2256 1647 2299 autem
1702 2245 1925 2298 modicae
1979 2245 2101 2298 tidei

513 2344 706 2398 aiunt:
750 2361 769 2395 ι
806 2341 966 2394 Salva
1003 2354 1137 2402 nos,
1176 2337 1452 2404 perimus;
1493 2353 1512 2385 ι
1555 2347 1726 2402 neque
1760 2333 1902 2386 enim
1953 2335 2100 2403 peri-

513 2435 691 2491 culqu
725 2441 844 2487 erat
878 2430 1137 2502 pereundi
1169 2444 1291 2481 cum
1325 2429 1543 2481 adesset
1574 2426 1685 2481 illis
1724 2427 1768 2482 is
1797 2428 1888 2495 qui
1919 2429 2100 2482 omnia

511 2535 746 2598 poterat.

584 2639 690 2709 23
723 2635 854 2703 V'lll,
885 2636 975 2691 ἓξ).
1017 2633 1085 2688 Et
1112 2652 1227 2690 ecce
1257 2633 1612 2687 clamauerunt
1645 2631 1878 2686 dicentes
1905 2647 1923 2684 :
1958 2630 2102 2697 Quid

515 2733 661 2785 nobis
687 2743 732 2784 et
767 2732 886 2794 tibi,
923 2727 1074 2796 Jesu,
1107 2726 1218 2782 Fili
1253 2726 1386 2780 Dei?
1416 2725 1599 2779 veniin
1629 2724 1726 2777 huc
1756 2734 1878 2779 ante
1899 2735 2100 2792 tempus

513 2835 754 2894 torquere
781 2838 874 2875 nos
893 2824 920 2876 .’

587 2913 641 2966 lu
688 2914 963 2983 regionem
1008 2921 1190 2967 autem
1231 2910 1522 2980 quamdam
1566 2907 1927 2973 abducuntur,
1956 2907 2100 2962 unde

516 3005 622 3060 illis
650 3021 756 3058 non
784 3004 1015 3073 amplius
1047 3012 1132 3057 est
1164 3002 1422 3057 redeundi
1455 3009 1717 3069 potestas,
1755 2999 1848 3052 sed
1877 2998 2098 3052 terribi-

517 3100 620 3153 lem
651 3098 800 3151 illum
833 3099 972 3150 diem
1005 3103 1342 3164 exspectant.
1387 3092 1466 3146 Tu
1507 3107 1636 3146 vero
1665 3091 1794 3144 mihi
1827 3094 2099 3160 perpende

517 3188 778 3242 audacter
823 3185 1200 3240 meticulosum
1245 3184 1552 3238 daamonum
1594 3197 1804 3253 genus:
1840 3182 2100 3250 quemad-

517 3282 736 3335 modum
777 3280 921 3333 enim
957 3294 1021 3333 ex
1065 3277 1287 3332 audacia
1323 3276 1595 3330 accedunt
1623 3274 1843 3344 quidem
1867 3313 1881 3338 ,
1912 3274 2100 3328 dicen-

521 3384 642 3426 tes:
680 3389 698 3422 ι
735 3369 874 3436 Quid
929 3369 1056 3423 mihi
1103 3377 1156 3422 et
1201 3367 1336 3422 tibi?
1373 3385 1392 3418 ι
1428 3366 1502 3420 ita
1549 3367 1804 3420 desinunt
1837 3365 1890 3418 in
1937 3365 2100 3418 timo-

519 3475 654 3514 rem.
687 3461 822 3526 Quia
864 3461 1044 3515 divina
1079 3460 1356 3527 Unigeniti
1400 3470 1592 3514 natura
1644 3472 1738 3511 eos
1773 3456 2102 3526 incorrupti-

519 3553 641 3609 bilis
673 3555 810 3624 ignis
842 3553 1072 3608 flammis
1106 3552 1347 3618 addixit,
1379 3550 1618 3604 clamant
1645 3568 1658 3602 :
1701 3567 1718 3598 ι
1755 3547 1958 3601 Venisti
1998 3549 2102 3602 huc

520 3656 646 3699 ante
687 3657 896 3714 tempus
934 3655 1186 3713 torquere
1231 3658 1368 3706 nos;
1403 3660 1422 3694 ι
1459 3649 1657 3694 norant
1690 3639 1835 3691 enim
1867 3654 1933 3692 ex
1977 3655 2103 3708 pro-

519 3738 759 3804 plieticis
777 3737 1143 3798 sermonibus,
1182 3746 1466 3788 venturum
1498 3731 1800 3795 Christum,
1833 3745 1999 3800 seque
2034 3731 2102 3785 ab

517 3841 584 3880 eo
604 3811 926 3896 iudicandos
947 3843 962 3892 ;
986 3828 1127 3896 quod
1154 3836 1332 3878 autem
1361 3824 1523 3878 etiam
1567 3833 1686 3876 ante
1719 3833 1922 3891 tempus
1945 3824 2100 3877 dixe-

519 3920 649 3984 rint,
698 3929 956 3987 tanquam
1009 3917 1407 3972 incarnationis
1452 3925 1666 3985 tempus
1697 3916 1862 3970 veluti
1903 3917 2100 3970 intem-

517 4011 784 4080 pestivum
818 4014 1133 4078 increpant;
1164 4009 1295 4063 nihil
1321 4009 1463 4061 enim
1492 4008 1713 4073 mirum,
1740 4023 1862 4062 cum
1887 4021 2102 4076 semper

520 4103 644 4156 mali
679 4104 812 4168 sint,
846 4105 1008 4158 etiam
1055 4105 1158 4157 hoc
1201 4117 1294 4156 eos
1329 4100 1513 4155 dicere
1553 4101 1798 4155 audere:
1851 4109 1906 4154 et
1951 4109 2101 4155 certe

517 4195 752 4249 scientes
797 4209 856 4248 se
907 4196 1240 4264 puniendos,
1275 4203 1530 4261 tanquam
1577 4201 1976 4262 contemptores
2016 4193 2099 4245 di-

517 4293 684 4338 cunt:
721 4302 739 4336 ι
797 4285 941 4350 Quid
973 4285 1141 4350 nobis,
1182 4295 1228 4338 et
1270 4284 1410 4336 tibi?
1445 4300 1464 4332 ›
1515 4283 1782 4336 rationem
1817 4283 1960 4337 enim
2003 4283 2103 4336 iuit

511 4377 674 4444 judex
703 4380 1004 4442 nobisemn,
1033 4379 1185 4445 cujus
1211 4377 1464 4431 mandata
1486 4389 1673 4429 sumus
1702 4376 2093 4446 pratergressi.

588 4469 698 4541 24,
727 4469 816 4536 IX,
850 4470 905 4523 2.
938 4471 1176 4538 Con/ide,
1209 4471 1310 4540 ﬁli.

587 4561 780 4614 Filium
825 4567 1034 4616 vocavit
1085 4564 1442 4632 paralyticum
1496 4565 1703 4618 ratione
1756 4561 2095 4615 creationis:

517 4663 608 4707 aut
651 4654 776 4722 quia
813 4655 858 4707 is
896 4655 1206 4708 crediderat
1244 4656 1296 4707 in
1335 4656 1528 4723 ipsum,
1561 4668 1794 4721 eumque
1827 4665 1882 4706 ut
1918 4652 2104 4706 Domi-

517 4762 646 4800 num
673 4756 729 4800 et
755 4747 1068 4800 Creatorem
1090 4757 1407 4814 agnoverat.

585 4855 678 4921 IX,
712 4855 764 4910 6.
810 4856 954 4909 Tunc
1005 4858 1079 4909 ait
1125 4857 1418 4928 paralytico
1449 4875 1466 4913 :
1500 4857 1684 4930 Surge,
1741 4857 1866 4911 tolle
1907 4855 2098 4908 lectum

517 4954 688 5010 tuum,
715 4956 762 4998 et
791 4948 916 5000 vade
952 4948 1006 5000 in
1037 4948 1248 5000 domum
1282 4960 1454 5006 tuam.

588 5037 826 5091 Verbum
867 5039 1073 5104 emisit,
1119 5044 1439 5098 miraculum
1493 5045 1759 5113 sequitur.
1809 5045 1919 5100 Cur
1962 5058 2094 5098 vero

2205 1972 2413 2036 τούτοις
2447 1973 2727 2028 ἐπέκεινα.

2273 2064 2472 2130 Κύριε,
2505 2063 2716 2117 σῶσον
2739 2063 2915 2135 ἡμᾶς,
2941 2063 3358 2130 ἀπολλύμεθα.

2275 2154 2449 2209 Βλέπε
2485 2155 2623 2224 μετὰ
2650 2154 2884 2217 πίστεως
2918 2153 3310 2222 ὀλιγοπιστίαν.
3341 2151 3666 2206 Πιστεύουσι
3694 2151 3793 2222 μὲν

2203 2249 2312 2320 γὰρ
2354 2249 2436 2300 ὅτι
2475 2247 2646 2300 σῶσαι
2687 2245 2946 2298 δύναται·
2991 2245 3067 2308 ὼς
3110 2245 3166 2297 δὲ
3210 2243 3545 2311 ὀλιγόπιστοι
3574 2243 3792 2310 λέγουσι

2201 2341 2294 2394 τό·
2355 2359 2373 2391 r
2402 2340 2602 2404 Σῶσον,
2681 2335 3060 2407 ἀπολλύμεθα.
3100 2355 3118 2386 i
3172 2336 3246 2386 Οὐ
3291 2334 3399 2403 γὰρ
3453 2329 3520 2403 ἦν
3568 2332 3790 2402 ἐφικτὸν

2203 2431 2501 2486 ἀπολέσθαι
2542 2431 2674 2484 ποτὲ
2729 2431 2978 2494 συνόντος
3010 2428 3197 2490 αὐτοῖς
3227 2425 3320 2478 τοῦ
3357 2426 3539 2479 πάντα
3580 2422 3792 2493 ἰσχύον-

2202 2541 2312 2588 τος.

2276 2636 2384 2690 Kal
2430 2636 2559 2690 ἰδοὺ
2592 2637 2857 2704 ἔκραξαν
2883 2635 3171 2705 λέγοντες
3191 2654 3204 2667 ·
3245 2637 3306 2689 Τί
3350 2633 3494 2705 ἡμῖν
3527 2632 3628 2687 καὶ
3661 2629 3789 2692 σοι.

2216 2729 2439 2797 Ἰησοῦ,
2491 2729 2588 2782 Υἱὲ
2629 2729 2735 2782 τοῦ
2788 2728 2970 2783 Θεοῦ·
2996 2725 3212 2794 Ἦλθες
3255 2721 3373 2780 ὧδε
3415 2725 3530 2794 πρὸ
3578 2723 3793 2792 καιροῦ

2197 2822 2538 2887 ,ϐασανίσαι
2563 2819 2750 2889 futile;

2276 2913 2371 2977 Εἰς
2401 2912 2586 2984 χώραν
2608 2912 2665 2965 δέ
2696 2929 2817 2966 τινα
2845 2913 3171 2982 ἀπάγονται,
3203 2910 3387 2965 οὐκέτι
3414 2908 3602 2978 κύριαι
3631 2902 3797 2961 οὖσαι

2202 3006 2548 3060 ἐπανελθεῖν·
2579 3005 2716 3058 ἀλλὰ
2757 3007 2858 3076 τὴν
2893 3006 3132 3075 φοϐερὰν
3167 3005 3381 3076 ἐκείνην
3411 3003 3626 3075 ἡμέραν
3659 3003 3800 3054 ava-

2207 3098 2484 3169 μένουσαι.
2521 3098 2593 3150 Σὺ
2641 3097 2698 3150 δέ
2749 3114 2836 3167 μοι
2864 3099 2982 3168 ,ὅρα
3015 3098 3074 3149 τὸ
3108 3095 3456 3166 θρασύδειλον
3483 3095 3642 3164 γένος
3683 3092 3798 3147 τῶν

2201 3190 2494 3260 δαιμόνων,
2522 3189 2639 3253 πῶς
2665 3190 2922 3261 ἄρχονται
2953 3189 3052 3259 μὲν
3085 3189 3192 3242 ἀπὸ
3221 3188 3578 3259 θρασύτητος,
3613 3185 3799 3253 λέγονο

2202 3299 2324 3344 τεςο
2387 3300 2405 3333 ι
2445 3282 2510 3334 Τί
2556 3283 2688 3351 ἡμῖν
2735 3282 2828 3334 καὶ
2881 3281 2993 3345 σοί;
3030 3299 3048 3332 ι
3103 3279 3399 3333 τελευτῶσι
3445 3281 3524 3342 είς
3563 3277 3794 3334 δειλίαν.

2217 3373 2434 3444 Ἐπειδὴ
2471 3375 2503 3443 ἡ
2535 3373 2652 3425 θεία
2683 3373 2776 3425 τοῦ
2807 3372 3146 3440 Μονογενοῦς
3171 3371 3333 3441 φύσις
3371 3371 3635 3442 ἀφράστῳ
3658 3369 3800 3439 πυρὶ

2203 3465 2400 3528 αὐτοὺς
2425 3464 2750 3534 κατέφλεγε,
2789 3465 2952 3532 φασίν
2973 3482 2989 3498 ·
3022 3461 3255 3526 «Ἶὶλθες
3284 3457 3385 3516 ὦδε
3425 3463 3533 3535 πρὸ
3593 3461 3794 3532 καιροῦ

2205 3554 2498 3624 βασανίσαι
2525 3555 2709 3623 ἡμᾶςς
2748 3553 3041 3625 »Ἰγίδεισαν
3069 3555 3132 3606 ὲκ
3161 3553 3270 3606 τῶν
3297 3552 3652 3624 προφητικῶν
3683 3551 3795 3621 γὰρ

2202 3645 2397 3714 λόγων,
2429 3647 2511 3698 ὅτι
2543 3645 2635 3698 καὶ
2665 3644 2892 3714 ἔμελλεν
2921 3644 3070 3709 ἥξειν
3095 3645 3123 3695 ό
3150 3644 3403 3714 Χριστὸς,
3441 3647 3536 3696 καὶ
3572 3644 3654 3696 ὃτι
3690 3643 3793 3694 αὺ-

2201 3737 2294 3800 τδς
2327 3738 2522 3802 αὐτοὺς
2559 3739 2755 3808 κρινεῖ.
2791 3737 2854 3788 El
2900 3737 2959 3790 δὲ
3003 3737 3098 3790 καὶ
3143 3736 3202 3788 τὸ
3230 3737 3343 3804 πρὸ
3375 3735 3584 3804 καιροῦ
3615 3731 3792 3798 εἷπον,

2203 3832 2278 3894 ὡς
2314 3830 2695 3892 διαϐάλλοντες
2720 3829 2811 3881 τὸν
2837 3827 2936 3897 τῆς
2971 3827 3440 3898 ὲνανθρωπήσεως
3469 3826 3682 3897 καιρὸν,
3715 3825 3796 3890 ὡς

2204 3923 2352 3994 παρὰ
2382 3922 2576 3993 καιρὸν
2604 3922 2889 3991 γεγονότα,
2925 3919 3078 3972 οὐδὲν
3109 3919 3442 3990 θαυμαστὸν,
3475 3921 3526 3972 εἰ
3561 3920 3795 3991 πονηροὶ

2201 4015 2376 4080 ὅντες,
2409 4013 2686 4067 καὶτοῦτο
2723 4011 2966 4082 τολμῶσι
3009 4010 3188 4078 λέγειν
3208 4028 3223 4042 ·
3263 4011 3441 4063 καίτοι
3475 4009 3676 4073 εἰδότες
3707 4010 3794 4063 ὅτι

2202 4107 2702 4178 τιμωρηθήσονται,
2749 4103 2938 4174 ὥσπερ
2988 4103 3295 4172 ὑπερόπται
3349 4102 3604 4171 λέγουσι’
3672 4121 3691 4154 ι
3723 4100 3794 4154 Τί

2201 4203 2333 4271 ἡμῖν
2363 4200 2456 4251 καὶ
2492 4198 2608 4261 σοί;
2643 4199 2826 4267 »Ἔχει
2855 4197 2964 4266 γὰρ
2989 4196 3145 4264 λόγον
3175 4196 3204 4246 ό
3236 4195 3428 4266 κριτὴς
3466 4195 3583 4267 μεθ’
3607 4195 3787 4266 ἡμῶν,

2202 4293 2295 4362 ἀφ’
2321 4284 2382 4343 οὗ
2411 4289 2734 4360 παρέὁημεν
2761 4288 2859 4352 τὰς
2899 4288 3118 4350 ἐντολὰς
3151 4287 3338 4342 αὑτοῦ.

2131 4487 2175 4541 Ῑ)
2277 4475 2513 4540 Θάρσει,
2549 4474 2764 4526 τέκνον

2269 4567 2474 4620 Τέκνον
2505 4567 2731 4619 ἐκάλεσε
2755 4567 2844 4618 τὸν
2876 4566 3265 4636 παραλυτικὸν,
3295 4565 3370 4635 τῷ
3397 4566 3495 4635 τῆς
3525 4565 3787 4636 δημιουρ-

2198 4657 2323 4725 γίας
2350 4658 2495 4727 λόγῳ
2515 4673 2527 4685 ·
2564 4657 2596 4725 ἢ
2627 4657 2702 4719 ὡς
2736 4657 3108 4710 πιστεύσαντα
3136 4660 3215 4720 εἰς
3249 4659 3430 4725 αὐτὸν,
3464 4659 3557 4712 καὶ
3589 4659 3791 4726 γνόντα

2199 4749 2360 4802 αὑτὸν
2392 4749 2598 4818 Κύριον
2628 4749 2724 4800 καὶ
2751 4751 3110 4821 Δημιουργόν.

2277 4861 2412 4913 Τότε
2478 4857 2638 4928 λέγει
2668 4859 2748 4924 τῷ
2787 4863 3174 4930 παραλυτικῷ
3213 4880 3226 4894 ·
3273 4865 3566 4933 Ἐγερθεὶς
3589 4907 3604 4931 ’
3638 4857 3793 4934 ἀράν

2204 4966 2321 5005 σου
2353 4952 2460 5004 τὸν
2486 4950 2800 5018 κράϐατον.

2289 5041 2510 5111 Ἐξῆλθε
2538 5042 2614 5111 (5)
2635 5041 2695 5094 τὸ
2719 5043 2894 5113 ῥῆμα,
2918 5045 3011 5096 καὶ
3044 5044 3105 5097 τὸ
3139 5043 3323 5113 θαῦμα
3350 5044 3753 5117 ὲπεκολούθησε
3777 5063 3789 5074 ·

517 5127 714 5181 Filium
740 5129 974 5184 hominis
999 5133 1277 5187 remittere
1301 5145 1522 5205 peccata
1552 5135 1710 5200 dixit,
1734 5135 1846 5202 jam
1875 5143 2095 5203 peracta

2204 5133 2292 5185 διὰ
2325 5133 2376 5183 τί
2425 5131 2482 5184 δὲ
2516 5133 2611 5185 καὶ
2661 5133 2790 5185 Yle
2823 5134 3111 5204 ἀνθρώπου
3156 5131 3309 5189 εἶπεν
3347 5135 3564 5204 ἀφιέναι
3606 5138 3791 5208 ἁμαρ-

517 5218 813 5273 divinitatis
843 5222 1318 5281 manifestatione?
1348 5224 1447 5280 Vel
1495 5236 1554 5280 ut
1593 5235 1926 5280 monstraret
1956 5240 2015 5280 se
2043 5225 2096 5278 in

2203 5225 2360 5287 τίας,
2393 5225 2815 5295 ἐπιτελουμένης
2866 5227 3228 5299 Θεοσημείας;
3267 5231 3335 5282 Ἢ
3375 5230 3460 5282 ἵνα
3503 5229 3670 5302 δείξῃ,
3703 5231 3788 5284 δτι

517 5321 763 5365 naturam
815 5313 1106 5369 humanam
1153 5318 1456 5373 divinitatis
1505 5317 1824 5386 dignitatem
1873 5331 1968 5385 per
2015 5317 2098 5370 in-

2206 5321 2522 5387 κατήγαγεν
2555 5320 2632 5382 εἰς
2679 5318 2774 5389 τὴν
2821 5319 3170 5390 ἀνθρωπίνην
3202 5320 3362 5390 φύσιν
3394 5321 3508 5392 τὴν.
3536 5321 3635 5389 τῆς
3667 5321 3786 5374 θεό-

599 5490 666 5560 tl)
706 5491 1024 5564 ’Υπεχὼρει
1073 5526 1138 5537 —-
1185 5495 1482 5564 σωτήριον
1519 5495 1666 5564 φῶς.
1713 5493 2095 5562 Fragmentum

519 5560 642 5620 hoc.
680 5565 822 5628 quod
855 5560 907 5617 in
931 5560 1265 5620 Corrleriana
1312 5560 1732 5619 catena'diritur
1780 5560 1998 5627 Nicetaz,
2035 5568 2087 5619 in

518 5630 640 5704 cod.
692 5630 880 5704 _Vatic.
929 5638 1247 5704 nominatim
1281 5637 1536 5688 tribuitur
1589 5634 1841 5704 Κυρίλλῳ
1908 5635 2088 5702 Ἀλεξ-

522 5699 1035 5774 ανδμίαςωυίῂιτε
1062 5706 1376 5774 postliminii
1432 5691 1744 5758 restituitur.
1788 5691 1889 5759 Illa:
1920 5706 1982 5760 Β.
2015 5691 2086 5760 Ν.

2191 5497 2874 5692 ἕξὶῖῗὲύνεισόαἰνουσι
2905 5599 2973 5610 -
3006 5566 3308 5623 ἐπέκεινα.
3360 5571 3484 5633 Mai,
3520 5569 3583 5622 Β.
3616 5567 3689 5624 Ν.
3719 5567 3787 5637 ΙΙ,

2265 5677 2342 5778 ἷέ)
2384 5709 2634 5779 Ἐξῆλοε
2667 5739 2734 5750 -
2761 5711 2912 5764 κατὰ
2944 5713 3156 5780 φύσιν.
3190 5711 3436 5768 Cramer.
3479 5725 3532 5781 p.
3568 5709 3660 5767 66.
