4146 6500
277 416 378 473 ιοι

1467 417 1827 475 connsnr.
1873 422 1940 476 ηε
1980 382 2425 480 ωττιιιευν.

3466 415 3579 472 ὅπρί

273 533 459 596 δόξας.
488 531 772 601 Ἔπρεπεν
814 529 1041 603 Ἰωάννῃ
1085 530 1160 595 ὥς
1210 530 1398 604 οἰκέτῃ
1445 532 1536 587 διὰ
1586 534 1693 604 τῆς
1733 535 1873 603 ἄγαν

1990 539 2412 610 cutnagebantur
2462 534 2830 607 opinionibus.
2869 538 3101 593 Decebai
3138 538 3422 595 Joannem.
3450 510 3570 589 tun-

275 622 708 694 σκληραγωγίας
754 621 1174 693 κατανεκρῶσαι
1223 620 1294 675 τά
1341 624 1439 695 τῆς
1466 626 1670 697 σαρκὸς
1700 626 1871 698 πάθη,

271 715 351 788 τῷ
402 714 458 769 δὲ
496 712 720 785 Χριστῷ
769 712 846 777 ὡς
898 712 1170 784 ἐλευθέρῳ
1202 711 1431 783 δυνάμει
1475 715 1575 786 τῆς
1621 715 1875 788 θεότητος

270 804 706 873 ἰξουσιαστικῶς
739 804 810 858 τά
842 804 943 873 τῆς
973 805 1179 875 σαρκὸς
1197 804 1428 875 νεκροῦν
1456 807 1755 878 κινήματα,
1778 808 1876 862 καὶ

270 901 366 954 τὸν
402 898 647 972 ἔμφυτον
673 898 775 969 τῆς
809 897 1012 968 σαρκὸς
1039 896 1225 968 νόμον,
1247 898 1308 951 οὐ
1336 899 1445 970 μὴν
1469 899 1536 953 δι’
1560 900 1877 967 ἀσκητικίἶΝ

270 992 460 1046 πόνων
494 992 572 1051 εἰς
606 990 766 1045 τοῦτο
802 988 1215 1062 βοηθεῖσθαι.’0
1252 990 1353 1060 μὲν
1394 990 1653 1063 Ἰωάννης
1678 991 1875 1062 βάπτι-

271 1101 394 1156 σμα
444 1081 740 1153 κηρύσσων
793 1080 1105 1152 μετανοίας,
1152 1080 1325 1133 τύπον
1381 1082 1577 1136 ἑαυτὸν
1629 1083 1876 1155 παρέσχε

268 1175 387 1236 τοῖς
416 1168 696 1242 ὀφείλουσι
731 1170 969 1225 πενθεῖν.
988 1172 1047 1225 ’0
1081 1170 1138 1224 δὲ
1164 1170 1372 1243 Κύριος
1408 1170 1690 1243 βασιλείαν
1717 1174 1880 1246 οὐρα-

268 1263 384 1318 νῶν
434 1262 752 1336 κηρύσσων,
780 1263 1009 1325 εἰκότως
1040 1262 1101 1316 τὸ
1130 1263 1416 1334 ἀνειμένον
1450 1264 1543 1318 καὶ
1569 1264 1792 1336 φαιδρὸν
1822 1267 1881 1319 ἐν

270 1356 461 1427 ἑαυτῷ
490 1355 862 1419 ἐπεδείκνυτο,
895 1354 960 1407 δι’
984 1349 1054 1427 ἧς
1083 1358 1197 1419 τοῖς
1227 1358 1440 1420 πιστοῖς
1468 1356 1754 1428 ὑπέγραφε
1780 1357 1881 1429 τὴν

267 1449 553 1522 ἐσομένην
583 1448 965 1520 ἀνέκφραστον
991 1447 1161 1518 ζωὴν,
1206 1448 1302 1503 καὶ
1347 1448 1447 1520 τὴν
1484 1450 1684 1504 ἄπονον
1711 1447 1878 1522 ζωήν.

266 1625 593 1698 Κυρίλλου
659 1625 730 1680 ἐκ
773 1624 880 1680 τοῦ
933 1623 1220 1694 δευτέρου
1284 1626 1393 1680 τοῦ
1451 1628 1540 1694 εἰς
1599 1627 1666 1681 τό
1730 1627 1883 1682 κατὰ

672 1716 976 1772 Ματθαῖον
1017 1716 1455 1788 Ὑπομνήματα.

345 1804 529 1863 Ἦλθε
560 1807 659 1879 μὲν
689 1806 765 1879 (l)
791 1807 901 1879 γάρ
925 1809 1182 1879 Ἰωάννης
1226 1810 1366 1881 μήτε
1388 1808 1605 1877 ἐσθίων,
1637 1812 1773 1882 μήτε
1791 1812 1882 1865 πί-

272 1922 402 1966 νων,
433 1901 561 1957 καθ’
581 1900 617 1956 ἃ
637 1901 948 1971 γέγραπται
969 1917 981 1931 ·
1015 1895 1147 1972 ἦλθε
1177 1900 1233 1953 δὲ
1250 1903 1278 1954 ό
1304 1900 1432 1965 Υἱὸς
1458 1901 1555 1956 τοῦ
1590 1901 1882 1974 ἀνθρώπου

268 1995 480 2049 ἐσθίων
506 1995 602 2047 καὶ
634 1993 826 2049 πίνων.
854 1993 962 2047 Καὶ
988 1992 1088 2064 τὴν
1123 1991 1318 2046 τούτου
1346 1994 1558 2059 αἰτίαν,
1576 1994 1653 2057 ὡς
1680 1993 1745 2048 ἂν
1771 1989 1884 2048 οἷόν

264 2103 353 2153 τε,
379 2086 484 2140 ὡδὶ
513 2088 689 2139 εἰπεῖν
717 2085 1074 2156 πειράσομαι.
1103 2083 1302 2153 Γέγονε
1344 2085 1442 2156 μὲν
1471 2085 1580 2158 γὰρ
1596 2084 1884 2157 ἄνθρωπος

262 2182 296 2235 ό
324 2178 428 2234 τοῦ
462 2177 602 2233 Θεοῦ
645 2177 948 2247 Λόγος,καὶ
979 2177 1157 2231 πάντα
1193 2176 1477 2249 πεφόρηκε
1507 2177 1578 2231 τά
1612 2178 1881 2249 ἡμέτερα,

264 2270 401 2340 δίχα
450 2269 622 2340 μόνης
670 2264 984 2341 ἁμαρτίας·
1012 2267 1130 2323 ἀλλ’
1180 2266 1238 2321 ἐν
1271 2283 1337 2336 γε
1381 2270 1503 2331 ταῖς
1530 2269 1675 2323 κατά
1723 2269 1885 2340 σῶμα

265 2366 533 2434 κινήσεσι
572 2365 860 2431 φυσικαῖς,
886 2362 987 2431 τῆς
1013 2360 1075 2428 ἑξ
1112 2360 1269 2424 ἔθους
1293 2362 1425 2431 ἡμῖν
1453 2361 1881 2432 χαλιναγωγίας,

265 2454 450 2512 πόνου
472 2473 558 2521 τε,
598 2456 762 2526 φημὶ,
797 2455 893 2508 καὶ
917 2454 1194 2524 νηστείας,
1225 2453 1343 2517 πῶς
1374 2453 1440 2509 ἂν
1469 2453 1686 2526 ἐδεήθη,
1705 2455 1883 2508 καίτοι

268 2546 427 2602 κατά
460 2544 627 2615 φύσιν
675 2546 942 2616 ὑπάρχων
996 2542 1151 2609 θεὸς,
1184 2545 1213 2597 ό
1245 2543 1340 2598 καὶ
1397 2544 1666 2615 κρείττων
1706 2546 1884 2617 ἀμαρ-

266 2640 401 2704 τίας
433 2679 450 2704 ,
488 2635 587 2694 καὶ
621 2640 689 2710 τῇ
742 2638 877 2707 παρ’
929 2634 1126 2690 ἑαυτοῦ
1181 2636 1370 2708 χάριτι
1416 2636 1514 2689 καὶ
1549 2635 1620 2690 τά
1658 2637 1717 2690 ὲν
1751 2638 1884 2707 ἡμῖν

271 2731 638 2803 sca-rapatva
691 2730 877 2801 πάθη,
912 2729 1117 2799 νεκράν
1171 2728 1230 2782 δὲ
1283 2728 1378 2782 καὶ
1415 2727 1699 2801 ἄπρακτον
1742 2729 1881 2783 ἀπο·

273 2827 495 2898 φαίνων
527 2826 624 2880 καὶ
656 2824 758 2897 τὴν
792 2824 850 2877 ὲν
879 2825 1013 2894 ἡμῖν
1042 2820 1139 2875 τοῦ
1180 2820 1433 2892 σώματος
1463 2820 1665 2893 ὄρεξιν,
1701 2822 1750 2874 εί
1789 2820 1885 2875 καὶ

272 2918 559 2973 διακέοιτό
594 2935 710 2980 πως
760 2918 840 2980 είς
875 2914 1143 2977 ἐκτύπους
1182 2913 1412 2985 ἡδονάςς
1448 2914 1884 2983 Κατεσκήνωσεν

276 3011 390 3082 γὰρ
416 3012 479 3062 ἐν
507 3010 644 3080 ἡμῖν
670 3012 697 3062 ὁ
721 3006 816 3061 τοῦ
845 3006 981 3060 θεοῦ
1026 3005 1218 3070 Λόγος,
1251 3005 1347 3059 καὶ
1392 3004 1531 3058 ίδίαν
1587 3005 1886 3074 ἐποιήσατο

278 3104 470 3174 σάρκα
520 3100 621 3173 τὴν
671 3098 1041 3171 ἀνθρωπίνην,
1066 3097 1131 3150 ἵν’
1155 3096 1454 3167 ἐπειδήπερ
1479 3094 1773 3159 ἀτίθασσός
1801 3111 1885 3159 τις

278 3193 462 3268 αὐτὴν
499 3194 530 3246 ό
559 3194 662 3264 τῆς
708 3191 986 3262 ἁμαρτίας
1031 3186 1385 3259 κατεληῒζετο
1408 3186 1573 3257 νόμος
1605 3186 1885 3258 (τετυράν-

283 3303 418 3359 νηκε
469 3283 585 3357 γὰρ
613 3286 673 3337 ὲν
709 3285 825 3348 τοῖς
869 3283 1058 3353 μέλεσι
1103 3281 1208 3351 τῆς
1243 3280 1448 3353 σαρκὸς
1475 3280 1894 3349 ἀντιστρατευόο

287 3395 451 3448 μενος
487 3375 573 3447 τῷ
602 3375 756 3447 νόμῳ
782 3374 877 3428 τοῦ
930 3374 1070 3438 νοὸς.
1122 3372 1211 3426 καὶ
1254 3370 1674 3442 αίχμαλωτίζων
1709 3373 1792 3435 είς
1825 3371 1893 3425 τά

282 3471 515 3541 οἰκεῖα),
549 3468 896 3538 καταργήσει
916 3464 1105 3520 τοῦτον
1122 3465 1189 3518 δι’
1219 3463 1412 3517 ἑαυτοῦ
1442 3482 1455 3495 ·
1495 3464 1588 3517 καὶ
1611 3466 1669 3516 ὲν
1699 3462 1890 3536 πρώτῃ

284 3561 581 3636 νεκρὼσας
600 3563 669 3633 τῇ
695 3561 803 3632 ἰδίᾳ
843 3560 1032 3630 σαρκὶ,
1064 3556 1638 3632 παραπέμψῃ”).οιπδν
1669 3558 1768 3628 τῆς
1798 3558 1894 3612 ἐπὶ

283 3656 467 3725 τούτῳ
510 3655 738 3727 χάριτος
778 3653 880 3724 τὴν
935 3651 1221 3723 μετάδοσιν
1258 3651 1339 3714 είς
1375 3651 1541 3722 ἡμᾶς.
1569 3651 1666 3706 ἅτε
1691 3649 1756 3720 δὴ
1798 3650 1894 3703 καὶ

285 3748 451 3811 ὄντας
474 3748 763 3817 ὁμογενεῖς
785 3744 929 3799 κατά
968 3761 1034 3813 γε
1061 3743 1162 3815 τὴν
1186 3744 1288 3815 τῆς
1311 3743 1515 3814 σαρκὸς
1543 3742 1706 3813 φύσιν
1736 3758 1750 3773 ο
1787 3743 1895 3797 ἀπ·

284 3838 435 3911 ἀρχὴ
464 3837 581 3909 γάρ
616 3836 779 3908 ἡμῶν
820 3834 1093 3907 Χριστὸς,
1123 3832 1380 3904 δεύτερος
1419 3833 1591 3903 Ἀδάμ
1622 3833 1896 3905 χρηματί-

289 3947 390 3995 σας
443 3931 569 3999 μετ’
617 3931 828 3983 ἐκεῖνον
866 3928 960 3982 τὸν
990 3930 1050 3983 ἐν
1105 3928 1303 4000 ἀρχαῖς
1336 3943 1350 3958 ’
1384 3926 1482 3980 καὶ
1531 3925 1752 3997 πρῶτος
1802 3926 1897 3980 ἀν-

287 4020 516 4093 θρωπος
550 4021 796 4092 πέφηνεν
843 4020 936 4074 ἐπὶ
970 4019 1097 4092 γῆς,
1140 4019 1324 4091 χοῖκὸς
1377 4018 1478 4090 μὲν
1518 4016 1726 4082 οὐκέτι,
1752 4018 1896 4082 θεῖος

284 4114 344 4168 δὲ
391 4113 600 4184 μᾶλλον
633 4114 731 4167 καὶ
778 4114 1105 4185 ἐπουράνιος
1127 4152 1140 4177 ,
1173 4112 1452 4183 ἁμαρτίαν
1486 4112 1588 4165 οὐκ
1613 4109 1769 4174 είδὼς
1790 4128 1806 4142 ·
1826 4110 1894 4164 δι’

285 4204 317 4259 δ
367 4207 468 4259 καὶ
507 4207 673 4276 μόνος
711 4207 771 4258 ἑν
833 4207 1047 4278 νεκροῖς
1096 4203 1401 4275 ἐλεύθερος.
1453 4202 1897 4274 ’Λναμορφουμέ-

284 4312 388 4367 νης
423 4292 724 4365 τοιγαροῦν
757 4295 819 4348 ἂν
841 4293 1044 4367 πρώτῳ
1076 4293 1298 4366 Χριστῷ
1322 4295 1462 4365 πρὸς
1495 4294 1586 4348 τὸν
1612 4296 1671 4347 ἐν
1702 4294 1898 4365 ἀρχαῖς

1977 646 2140 699 quam
2165 645 2406 692 servum,
2430 646 2525 698 per
2551 632 2740 684 duram
2778 630 3067 683 admodum
3122 629 3243 682 vit-.e
3298 627 3566 679 rationem

1978 723 2161 778 carnis
2214 720 2531 777 all'ectinnes
2576 720 3237 775 mortificare:Christum
3288 732 3415 771 vero
3448 720 3607 769 tano’

1978 831 2140 885 quam
2166 815 2415 881 liberum,
2450 815 2650 869 virtute
2683 815 3006 877 divinitatis.
3039 824 3301 882 tanquam
3328 822 3569 881 petesta-

1982 917 2087 961 tem
2144 905 2458 969 habentem,
2497 907 2679 960 carnis
2727 915 2905 960 tnotus
2954 905 3232 966 edomare,
3266 901 3573 956 acinsitam

1980 995 2163 1050 carnis
2218 996 2386 1064 legem
2442 997 2712 1065 subigere,
2758 1010 2863 1050 non
2918 1006 3097 1049 tamen
3151 1008 3249 1062 per
3306 992 3574 1047 asceticos

1981 1088 2196 1143 labores
2227 1089 2296 1143 ad
2348 1089 2453 1144 hoc
2500 1090 2699 1159 iuvari.
2746 1088 2982 1143 Joannes
3032 1086 3249 1159 quidem
3306 1086 3607 1155 baptisma‘

1981 1180 2283 1249 pra'dicans
2337 1180 2690 1251 poenitentiae,
2747 1180 2973 1251 ligurum
3023 1196 3081 1235 se
3117 1182 3290 1247 ipsum
3342 1178 3575 1248 prtebuit

1984 1271 2167 1339 lugere
2192 1271 2551 1327 debentibus:
2588 1273 2846 1327 Dominus
2882 1287 3010 1326 vero
3047 1287 3266 1342 regnum
3308 1269 3573 1325 ctelormn

1984 1364 2307 1435 praedicans,
2367 1367 2565 1419 merito
2644 1364 3024 1420 remissionem
3089 1379 3153 1418 ac
3210 1363 3455 1417 lmtitiam
3517 1361 3575 1415 in

1983 1469 2103 1509 sese
2152 1455 2421 1521 exhibuit,
2459 1470 2557 1526 per
2603 1450 2768 1527 quam
2821 1455 3071 1511 fidelibus
3128 1454 3365 1509 futuram
3410 1455 3573 1507 vitam

1985 1546 2309 1603 ineffabilem
2338 1548 2650 1617 descripsit,
2681 1549 2848 1603 vitam
2895 1549 3098 1603 laboris
3127 1556 3430 1616 expertem.

1984 1637 2180 1708 Cyrilli
2244 1654 2310 1693 ea:
2376 1638 2510 1693 libro
2567 1654 2605 1693 ll
2680 1636 3060 1693 Commentarii
3122 1640 3175 1692 in
3240 1634 3572 1691 Hattha'um.

2529 1728 2749 1799 (Matth.
2779 1744 2859 1795 ιι,
2892 1728 3005 1801 l8).

2058 1822 2223 1878 Venit
2266 1822 2411 1877 enim
2451 1820 2688 1878 Joannes
2736 1836 2911 1891 neque
2970 1821 3306 1874 manducans
3337 1859 3352 1884 ,
3398 1831 3577 1886 neque

1919 1890 1959 1944 Β
1990 1916 2197 1981 bibens,
2234 1916 2392 1971 sicuti
2426 1916 2685 1983 scriptum
2710 1921 2793 1968 est
2812 1890 2835 1980 ;7
2881 1913 3026 1967 venit
3061 1921 3243 1967 autem
3272 1909 3443 1966 Filius
3474 1909 3573 1964 bo-

1989 2010 2154 2064 minis
2209 2008 2550 2063 manducans
2590 2017 2643 2063 et
2702 2004 2913 2060 bibens.
2962 2002 3218 2059 Jamvero
3270 2002 3429 2071 bojos
3458 2002 3571 2064 rei,

1987 2110 2147 2168 prout
2184 2097 2299 2152 fieri
2333 2098 2553 2167 poterit,
2587 2111 2804 2151 causam
2844 2096 2932 2148 hic
2982 2093 3224 2150 conabor
3273 2102 3569 2161 exponere.

1993 2190 2235 2246 Factum
2272 2200 2357 2245 est
2397 2191 2564 2246 homo
2613 2189 2707 2245 Dei
2751 2188 3012 2251 Verbum,
3052 2196 3347 2253 nostraque
3392 2183 3574 2239 omnia

1987 2283 2241 2353 gestavit,
2276 2298 2385 2339 uno
2410 2293 2639 2352 excepto
2668 2290 2910 2352 peccato.
2954 2272 3060 2334 Sed
3096 2280 3242 2350 quod
3277 2277 3470 2331 attinet
3506 2274 3573 2328 ad

1986 2374 2241 2447 physicas
2273 2375 2520 2444 corporis
2555 2373 2973 2437 commotiones,
3008 2370 3281 2441 quomodo
3330 2367 3572 2436 eguisset

1987 2477 2251 2523 consueto
2275 2468 2434 2522 nobis
2481 2466 2658 2533 freno,
2713 2464 2899 2520 labore
2928 2465 3186 2518 nimirum
3235 2477 3298 2516 ac
3330 2458 3573 2530 jejunio,

1987 2561 2432 2631 quandoquidem
2468 2560 2614 2616 Deus
2638 2570 2833 2628 suapte
2866 2570 3061 2613 natura
3096 2566 3217 2620 est,
3264 2563 3321 2609 et
3347 2565 3576 2622 peccato

1987 2655 2240 2724 superior
2274 2694 2291 2722 ,
2353 2668 2563 2723 suaque
2608 2654 2788 2721 gratia
2841 2654 2894 2709 in
2944 2651 3103 2706 nobis
3159 2661 3376 2718 quoque
3421 2646 3576 2702 sedat

1988 2747 2315 2814 passiones,
2381 2742 2558 2799 nostri
2601 2742 2854 2812 corporis
2906 2742 3140 2810 impetus
3190 2736 3466 2797 inhibens.
3496 2734 3572 2788 si-

1986 2838 2206 2908 quando
2229 2838 2298 2892 ad
2331 2836 2603 2892 absurdas
2632 2834 2942 2901 voluptates
2975 2830 3223 2900 rapiatur
3245 2827 3272 2882 τ
3300 2825 3568 2882 Videlicet

1989 2931 2131 2985 inter
2179 2944 2278 2984 nos
2332 2926 2600 2982 habitavit
2649 2925 2743 2979 Dei
2786 2922 3068 2986 Verbum,
3123 2933 3391 2989 suamque
3447 2916 3579 2970 fecit

1987 3036 2210 3076 carnem
2245 3021 2567 3083 humanam,
2602 3024 2660 3071 ut
2690 3016 2820 3086 quia
2861 3016 3003 3070 hanc
3026 3027 3215 3081 aspera
3244 3009 3455 3080 peccati
3487 3006 3572 3061 lex

1988 3112 2221 3167 vexabat
2252 3110 2479 3181 (etenim
2521 3108 2737 3182 tyranni
2764 3109 2940 3161 instar
2971 3113 3259 3176 peccatum
3302 3102 3356 3155 in
3388 3099 3575 3155 carnis

1993 3203 2256 3259 membris
2296 3210 2566 3271 repugnat
2615 3200 2817 3254 mentis
2867 3196 2992 3268 legi,
3027 3196 3080 3250 in
3135 3206 3290 3249 suam
3335 3196 3438 3245 nes
3476 3202 3580 3259 po-

1997 3304 2243 3350 testatem
2280 3290 2578 3362 redigens),
2606 3305 2704 3362 per
2735 3306 2793 3346 se
2820 3289 2995 3359 ipsum
3046 3289 3152 3340 vim
3200 3282 3349 3338 illam
3390 3291 3579 3336 retun-

1993 3386 2186 3448 deret,
2223 3391 2391 3454 atque
2426 3384 2478 3436 in
2513 3397 2610 3436 sua
2637 3379 2884 3450 apprime
2922 3392 3088 3433 carne
3111 3391 3229 3432 eam
3266 3374 3437 3444 legem
3483 3386 3581 3440 pc-

1995 3477 2221 3540 rimens,
2267 3473 2457 3546 gratia:
2481 3471 2644 3540 huius
2673 3470 3149 3542 participationem
3175 3467 3241 3521 ad
3276 3481 3376 3520 nos
3403 3474 3583 3519 trans-

1997 3569 2287 3632 mitteret,
2346 3565 2437 3635 qui
2491 3554 2736 3635 eiusdem
2795 3577 2933 3619 cum
2969 3576 3036 3617 eo
3081 3557 3300 3631 generis
3346 3564 3579 3620 sumus,

1995 3659 2137 3729 quod
2198 3657 2399 3711 attinet
2461 3656 2529 3711 ad
2579 3654 2767 3711 carnis
2809 3664 3085 3709 naturam.
3137 3650 3271 3705 Nam
3326 3646 3582 3718 primitiae

1998 3762 2200 3807 nostrae
2247 3750 2503 3807 Christus
2547 3758 2635 3806 est
2700 3748 2770 3813 ι’,
2850 3761 3132 3818 novusque
3208 3743 3451 3801 Manus
3497 3749 3601 3797 est

2000 3854 2122 3916 post
2157 3843 2306 3900 illum
2353 3843 2447 3913 qui
2506 3840 2613 3898 fuit
2662 3840 2865 3897 initio:
2903 3848 2962 3895 et
3001 3839 3256 3908 princeps
3302 3834 3467 3890 hostio
3528 3832 3609 3893 in.

2001 3945 2145 3991 terra
2193 3936 2477 4005 apparuit,
2532 3934 2648 4004 jam
2705 3948 2811 3989 non
2856 3942 3158 3995 terrenus,
3212 3927 3309 3984 sed
3360 3925 3609 3983 divinus.

1998 4028 2181 4098 potius
2212 4037 2379 4096 atque
2416 4026 2693 4089 celestis,
2725 4024 2937 4095 peccati
2984 4021 3249 4087 nescius;
3290 4026 3609 4089 propterea.

1998 4120 2154 4174 solus
2192 4118 2360 4174 etiam
2396 4118 2540 4173 inter
2580 4127 2827 4172 mortuos
2883 4114 3042 4170 liber.
3098 4110 3420 4168 Reformata
3454 4123 3589 4178 ergo

2001 4213 2054 4266 in
2094 4210 2312 4267 Christo
2344 4209 2520 4280 primo
2550 4208 2617 4263 ad
2655 4206 3035 4279 primigeniam
3082 4203 3428 4259 sanctitatem
3489 4214 3589 4261 Btt-

2004 4313 2122 4357 tnra
2155 4310 2365 4367 nostra,
2394 4313 2553 4356 nemo
2579 4299 2790 4354 dubitet
2809 4297 3040 4368 quin‘ad
3068 4294 3381 4351 universum
3412 4290 3589 4346 homi-

284 4387 571 4460 ἀγιασμὸν
612 4388 713 4458 τῆς
745 4389 1029 4461 ἡμετέρας
1066 4387 1306 4459 φύσεως,
1340 4385 1664 4449 ἑνδοιαζέτω
1705 4386 1887 4458 μηδεὶς

2003 4410 2129 4450 nom
2161 4407 2333 4467 genus
2353 4392 2770 4449 reformationis
2797 4391 2975 4460 gratia
3005 4391 3433 4443 fueritextensa.
3471 4380 3590 4439 Non

281 4478 365 4539 ὡς
392 4480 476 4544 είς
509 4480 657 4533 ἀπαν
688 4477 789 4552 ἤδη
839 4480 902 4535 τὸ
940 4479 1283 4552 ἀνθρώπινον
1325 4479 1623 4547 ἑξετείνετο
1669 4480 1824 4547 γόνος
1861 4482 1887 4551 ἡ

2001 4487 2146 4544 enim
2175 4485 2414 4554 seipsum
2437 4480 2758 4539 reformavit
2788 4479 3047 4547 Verbum,
3086 4493 3211 4535 cum
3241 4476 3385 4531 Deus
3409 4475 3501 4539 sit,
3535 4481 3592 4529 et

277 4572 393 4641 τῆς
414 4570 870 4643 ἀναμορψώσεως
892 4572 1073 4644 χάρις.
1105 4573 1182 4626 Οὐ
1225 4573 1334 4643 γάρ
1356 4572 1550 4627 ἑαυτὸν
1580 4572 1887 4644 ἀνεμόρφου

2004 4578 2350 4649 proprietatis
2374 4576 2622 4633 Paterna
2653 4564 2917 4645 germana
2952 4574 3125 4641 ligura
3154 4586 3171 4635 ;
3211 4569 3306 4627 sed
3340 4582 3439 4623 nos
3463 4582 3616 4622 cum.

279 4664 426 4728 Θεὸς
460 4663 544 4719 ὣν
599 4666 628 4717 ὀ
659 4663 870 4733 Λόγος,
903 4667 1000 4719 καὶ
1052 4665 1155 4736 τῆς
1201 4663 1297 4717 τοῦ
1364 4664 1578 4736 Πατρός
1635 4666 1896 4735 ἰδιότητος

278 4757 722 4831 ἀπαραποίητος
764 4757 1077 4830 χαρακτὴρ,
1106 4757 1222 4813 ἀλλ’
1252 4759 1412 4830 ἡμεῖς
1444 4753 1590 4830 ἦμεν
1621 4759 1719 4813 σὺν
1744 4757 1895 4830 αὑτῷ

275 4851 434 4922 πρὸς
468 4848 609 4904 Θεὸν
656 4850 1142 4923 ἀναμορφοὸμενοι
1180 4851 1269 4907 διὰ
1306 4851 1401 4905 τοῦ
1436 4852 1532 4907 καὶ
1560 4850 1701 4922 ὑπὲρ
1728 4851 1893 4921 φύσιν

270 4941 602 5015 ἀγιασμοῦ,
633 4944 1001 5014 νεκρουμένου
1029 4942 1217 4997 λοιπὸν
1254 4945 1313 4996 ἐν
1338 4946 1450 5007 τοῖς
1484 4942 1705 5012 μέλεσιν
1737 4943 1894 5014 ἡμῶν

273 5034 382 5089 τοῦ
414 5035 591 5105 νόμου
630 5036 730 5106 τῆς
760 5035 1057 5106 ἁμαρτίας.
1096 5031 1208 5087 Ἦν
1242 5028 1338 5088 οῦν
1378 5032 1585 5104 σφόδρα
1620 5033 1727 5087 τῶν
1764 5032 1892 5087 ἀτό-

281 5143 411 5180 πων
461 5123 546 5196 μὴ
583 5125 707 5195 οὐχὶ
762 5124 965 5195 μᾶλλον
994 5126 1062 5196 τῇ
1114 5123 1216 5193 τῆς
1261 5121 1515 5192 θεότητος
1545 5122 1799 5193 ἐνεργείᾳ
1823 5122 1892 5176 τά

287 5218 348 5270 ἰν
365 5216 449 5288 τῷ
472 5215 695 5286 σώματι
714 5216 810 5270 τοῦ
835 5215 1072 5288 Χριστοῦ
1089 5211 1558 5284 κατανεκροῦσθαι
1585 5212 1755 5284 πάθη,
1771 5230 1896 5268 συν-

285 5308 477 5364 αθλιῖν
515 5307 577 5363 δὲ
602 5307 798 5380 ὥσπερ
818 5308 972 5380 αὐτῷ
994 5309 1097 5378 τὴν
1128 5305 1404 5379 νηστείαν,
1438 5306 1520 5370 είς
1544 5304 1604 5360 τὺ
1643 5305 1899 5376 καθάπερ

2006 4671 2096 4726 illo
2125 4671 2194 4725 ad
2228 4671 2393 4725 Deum
2421 4667 2701 4725 reformati
2738 4667 2977 4731 fuimus,
2998 4673 3225 4734 propter
3266 4670 3594 4735 supernatu-

2006 4760 2173 4814 ralem
2215 4756 2730 4820 sanctiﬁcationem,
2759 4755 3032 4810 exstincta
3058 4752 3316 4820 deinceps
3346 4749 3400 4803 in
3427 4764 3594 4803 ment-

2003 4852 2116 4907 bris
2141 4848 2349 4906 nostris
2399 4847 2517 4918 lege
2572 4845 2805 4916 peccati.
2855 4844 3026 4901 Valde
3078 4841 3245 4912 igitur
3286 4837 3586 4896 absurdum

2004 4942 2214 5006 fuisset,
2241 4942 2288 4995 si
2330 4954 2440 4994 non
2481 4939 2666 5008 potius
2692 4934 3005 4991 divinitatis
3040 4933 3244 4987 virtute
3283 4931 3338 4987 in
3386 4928 3592 4985 Christi

2004 5048 2231 5103 corpore
2256 5029 2599 5088 mortiﬁcata
2637 5027 2868 5082 fuissent
2896 5025 3181 5095 passiones
3211 5065 3227 5091 ,
3271 5022 3367 5078 sed
3398 5020 3640 5089 jcjuniiz.

2002 5139 2158 5194 opem
2195 5120 2578 5192 implorasset,
2623 5127 2681 5172 ut
2731 5125 2989 5188 tanquam
3042 5116 3094 5170 vi
3153 5131 3216 5171 ac
3260 5113 3605 5170 necessitate-

2005 5230 2224 5270 carnem
2244 5198 2571 5269 debilitaret.
2612 5204 2844 5267 Ubinam
2869 5209 3014 5265 enim
3046 5206 3405 5263 inhabitantis
3429 5200 3613 5261 Verbi.

2004 5305 2308 5376 passiones,
2349 5304 2397 5361 si
2434 5313 2593 5373 prout
2648 5303 2805 5358 nobis
2851 5300 3144 5364 usuvenit,
3192 5297 3494 5354 laboribus.
3523 5311 3584 5350 ac

273 5416 347 5456 ικ
375 5401 510 5474 βίας
541 5401 640 5455 καὶ
661 5401 913 5471 ἀνάγκης
931 5400 1034 5470 τὴν
1067 5400 1252 5472 σάρκα
1283 5396 1713 5470 καταξηραίνειν
1739 5414 1755 5432 ο
1790 5394 1887 5451 ποῦ

2003 5396 2214 5468 jejunio
2244 5396 2526 5467 passiones
2553 5394 2847 5452 sedasaet?

268 5498 395 5575 γάρ
428 5498 466 5569 ή
494 5495 588 5551 τοῦ
609 5495 951 5561 ἐνοικοῦντος
971 5493 1109 5551 Θεοῦ
1132 5494 1309 5568 Λόγου
1341 5492 1593 5564 δύναμις,
1612 5493 1665 5554 al
1683 5492 1939 5564 καθάπερ
1967 5494 2054 5567 ἐφ’
2090 5493 2249 5565 ἡμῶν
2280 5488 2464 5560 πόνοις
2489 5493 2585 5549 καὶ
2641 5491 2867 5565 νηστείᾳ
2899 5488 2967 5546 τά
3004 5484 3153 5560 πάθη
3182 5480 3611 5557 κατηυνάζετοίη

230 5665 247 5678 ’
353 5678 452 5733 ⁸⁸1
486 5677 617 5734 Cor.
657 5693 748 5743 xv,
776 5676 869 5733 τε.

352 5862 445 5935 (ι)
482 5858 681 5916 Ἦλθε
724 5856 945 5930 μὸν-ιι
995 5857 1414 5931 καηυνάᾱτο.
1462 5856 1589 5931 Mai,
1641 5858 1706 5918 B.
1764 5858 1837 5917 N.
1880 5859 1945 5933 ll,
1987 5860 2114 5917 477.
2180 5934 2185 5938 δ
