4146 6478
323 365 440 422 ιω

1516 368 1873 426 COMMENT.
1919 370 1982 424 IN
2023 370 2392 428 MATTILEU
2405 368 2451 424 Μ
2462 409 2477 426 .

3522 366 3630 420 ιθσ

407 481 589 535 Δεῦτε
629 480 780 548 πρός
817 496 912 548 με,
955 479 1176 547 πάντες
1205 481 1260 535 οι
1292 483 1645 552 κοπιῶντες,
1687 487 1782 541 καί
1824 502 1929 541 πσ-

2106 488 2198 554 ΧΙ,
2231 488 2321 542 εδ.
2372 485 2550 542 Venite
2585 486 2655 539 ad
2686 502 2766 540 me
2792 501 2972 541 omnes
2987 485 3078 554 qui
3112 483 3363 538 laboratis
3393 493 3442 536 et
3475 501 3602 537 one-~

326 570 748 643 φορτισμένοι,
779 571 942 642 κάγὼ
971 572 1308 628 ἀναπαύσω
1347 573 1525 644 ὑμᾶς.

421 685 482 738 ’0
532 679 627 738 οὖν
673 683 916 747 ἀκούσας
964 685 1065 754 τῆς
1111 685 1380 757 κλήσεως,
1415 688 1509 741 καὶ
1557 687 1806 756 ἐγγίσας,
1842 690 1936 742 καὶ

330 775 626 845 κολληθεὶς
641 774 732 847 ⁹τῷ
769 774 1160 846 προστάξαντι,
1193 769 1350 841 οὗτος
1385 777 1752 832 ἀναπαύεται.
1772 780 1938 832 Ἀπο-

330 868 589 932 στάντες,
642 867 800 937 φησὶ,
848 867 949 937 τῆς
1005 850 1496 940 φιλαμαρτήμονος
1545 869 1797 940 γνώμης,
1845 870 1940 923 καὶ

329 960 440 1030 τῆς
466 949 854 1030 φιλοσαρκίας,
893 959 988 1012 καὶ
1017 961 1487 1032 μετατρεπόμενοι
1509 963 1602 1016 ἐπὶ
1624 960 1694 1014 τά
1717 961 1940 1015 ἐπαίνου

330 1051 468 1118 ἄξια
491 1051 821 1121 πράγματα,
849 1052 1112 1120 ὲγγίσατέ
1147 1070 1238 1122 μοι
1267 1054 1350 1106 ἵνα
1377 1054 1612 1124 γένησθε
1642 1052 1795 1117 θείας
1822 1072 1941 1108 κοι-

331 1145 501 1198 νωνοὶ
537 1143 776 1213 φύσεως,
795 1145 890 1197 καὶ
920 1144 1079 1212 ἀγίου
1107 1145 1426 1215 Πνεύματος
1451 1146 1697 1216 μέτοχοι.
1723 1146 1943 1210 Πάντας

331 1237 394 1290 δὲ
435 1235 615 1301 καλεῖ,
649 1235 746 1289 καὶ
774 1236 836 1288 οὐ
868 1236 1066 1306 μόνους
1095 1239 1221 1301 τοὺς
1255 1237 1312 1305 ἐξ
1349 1238 1592 1308 Ἰσραὴλ,
1614 1237 1691 1302 ὡς
1724 1238 1943 1292 πάντων

332 1326 691 1399 Δημιουργὺς
745 1327 841 1380 καὶ
889 1327 1123 1399 Κύριοςο
1155 1329 1248 1382 καὶ
1293 1331 1602 1393 κοπιῶντας
1649 1330 1748 1400 μὲν
1797 1328 1944 1398 λέγει

331 1421 469 1484 τοὺς
510 1418 821 1484 Ἰουδαίους,
853 1421 980 1483 τοὺς
1010 1421 1085 1493 μὴ
1120 1421 1407 1492 ἰσχύοντας
1439 1420 1710 1491 βαστάσαι
1737 1421 1830 1474 τὸν
1856 1439 1946 1492 μι-

331 1511 477 1582 κρὸν
520 1509 710 1580 ζυγὸν,
759 1512 1232 1584 πεφορτισμένους
1280 1513 1337 1567 δὲ
1379 1515 1506 1578 τοὺς
1529 1512 1944 1585 είδωλολάτρας,

331 1605 470 1668 τοὺς
489 1603 578 1658 διά
606 1604 699 1657 τοῦ
725 1605 974 1660 διαϐόλου
1003 1606 1560 1678 καταφορτισθέντας,
1582 1607 1679 1660 καὶ
1704 1605 1783 1678 τῷ
1812 1606 1946 1677 πλή·

333 1696 424 1748 θει
470 1694 582 1748 τῶν
636 1697 926 1768 ἁμαρτιῶν
973 1697 1546 1768 καταϐαρυνομένους.
1589 1698 1781 1768 Ὑμεῖς
1826 1692 1943 1759 οὖν,

333 1789 537 1857 φησὶν,
566 1783 611 1842 ὦ
647 1789 914 1852 Ἰουδαῖοι,
949 1789 1176 1844 νεύσατε
1208 1789 1344 1859 πρὸς
1387 1791 1488 1860 τὴν
1532 1790 1812 1862 ἀλήθειαν,
1849 1790 1945 1844 καὶ

335 1879 620 1946 ἑπίγνωτε
647 1880 749 1950 ἐμὲ
774 1881 870 1934 τὸν
896 1881 1163 1951 ὑμέτερον
1197 1882 1474 1952 κηδεμόνα
1508 1883 1604 1936 καὶ
1640 1881 1942 1952 Δεσπότην,

334 1974 437 2024 καὶ
471 1971 707 2041 ἐγγύθεν
752 1973 854 2043 τῆς
905 1973 1172 2043 προσόδου
1218 1973 1282 2026 τὸ
1331 1973 1524 2042 κέρδος
1567 1973 1942 2045 κομιζόμενοι.

346 2064 718 2119 Ἀπαλλάττω
761 2064 868 2136 γάρ
904 2065 1049 2135 ὑμᾶς
1079 2064 1183 2136 τῆς
1212 2065 1317 2117 ὑπὸ
1352 2065 1443 2120 τὸν
1482 2067 1646 2136 νόμον
1677 2064 1944 2130 δουλείας,

335 2161 397 2211 ὲν
519 2159 690 2213 πολὺν
733 2158 1036 2229 ὑπομένετε
1084 2157 1276 2222 κόπον,
1305 2157 1429 2212 οὔτε
1465 2158 1664 2230 ῥαδίως
1698 2156 1946 2224 ἑξανύειν

333 2253 512 2308 αὐτὸν
547 2254 861 2324 δυνάμενοι,
889 2254 984 2307 καὶ
1017 2254 1276 2324 μέγιστον
1300 2253 1411 2307 τῶν
1440 2253 1858 2326 ἁμαρτημάτων
1887 2250 1950 2305 τὸ

337 2345 573 2417 φορτίον
609 2347 828 2408 ἑαυτοῖς
873 2345 1402 2411 κατασκευάζοντες,
1438 2345 1553 2411 ὅσῳ
1579 2345 1804 2399 πλείονα
1852 2363 1951 2415 φυ-

335 2437 569 2490 λάττειν
599 2437 882 2508 προσῆκεν
907 2438 1052 2508 ὑμᾶς
1091 2435 1364 2492 ἀκόλουθα
1393 2436 1472 2509 τῷ
1500 2437 1651 2509 νόμῳ
1681 2439 1950 2511 διαπρατ·

339 2527 632 2599 τομένους.

414 2647 431 2663 ⁸
451 2646 498 2697 ο
523 2644 635 2715 pop
665 2643 838 2715 ζυγός
866 2664 987 2716 μου
1027 2647 1314 2717 χρηστὸς,
1339 2646 1436 2702 καὶ
1464 2647 1532 2702 τὸ
1563 2647 1814 2718 φορτίον
1829 2665 1951 2718 μου

338 2734 621 2804 ἐλαφρόν
646 2735 838 2791 ἐστιν.

431 2823 707 2894 Ἐλαφρός
739 2829 889 2881 ἐστιν
921 2826 950 2879 ό
975 2828 1140 2897 ζυγὸς
1177 2829 1273 2882 τοῦ
1298 2829 1536 2902 Χριστοῦ
1561 2845 1573 2860 ’
1619 2831 1743 2883 ἐπεὶ
1770 2832 1829 2883 οὐ
1862 2847 1954 2883 κο-

339 2915 506 2980 λάζει
529 2918 680 2987 ἡμᾶς
710 2918 962 2992 καθάπερ
996 2921 1024 2973 ὁ
1049 2923 1234 2992 νόμος,
1272 2921 1336 2975 τὸ
1370 2922 1754 2993 ἀναμάρτητον
1785 2923 1953 2976 ἀπαι-

340 3007 460 3060 τῶν
492 3010 589 3062 καὶ
625 3010 687 3062 τὸ
713 3010 924 3074 ἀπαθές
949 3028 963 3042 ·
997 3011 1111 3065 ἀλλ’
1137 3014 1194 3065 ὲν
1221 3012 1415 3075 ἁπλοῖς
1439 3015 1677 3083 ῥήμασιν
1709 3012 1823 3083 ἔχει
1852 3011 1952 3084 τὴν

341 3098 693 3167 ἐπαγγελίαν
742 3102 837 3156 καὶ
862 3103 953 3156 τὸν
982 3103 1083 3174 τῆς
1112 3103 1317 3176 ἀρετῆς
1351 3103 1740 3176 ὑπογραμμὸν.

422 3299 494 3351 οι
531 3297 603 3351 δὲ
639 3301 949 3370 Φαρισαῖοι
991 3302 1243 3370 ἰδόντες,
1279 3304 1454 3357 εἷπον
1491 3303 1652 3368 αὐτῷ
1674 3319 1688 3333 ο
1726 3302 1872 3357 Ἰδοὺ
1901 3306 1955 3358 οί

333 3391 619 3460 μαθηταί
653 3406 772 3448 σου
829 3393 1118 3448 ποιοῦσιν
1143 3394 1174 3448 ὃ
1230 3397 1343 3449 οὐκ
1396 3396 1601 3460 ἔξεστι
1643 3394 1842 3449 ποιεῖν
1885 3395 1954 3449 ἐν

341 3485 395 3536 Σ
397 3481 664 3550 αϐϐάτῳ.

425 3573 608 3627 Ἔνθα
649 3575 749 3645 μὲν
781 3575 892 3647 γὰρ
925 3574 1079 3629 οὐδὲν
1112 3576 1324 3644 γίνεται
1361 3575 1509 3648 μέγα
1555 3577 1650 3629 καὶ
1684 3578 1955 3646 γενναῖον,

342 3664 764 3737 ἡσυχάζουσιν
810 3666 940 3721 ἔνθα
972 3668 1029 3722 δὲ
1061 3669 1231 3738 ὁρῶσί
1263 3686 1415 3731 τινας
1449 3667 1818 3739 σωζομένους,
1860 3668 1958 3722 καὶ

343 3765 582 3816 πάντων
632 3761 741 3817 είσὶ
777 3761 1198 3833 φορτικώτεροι.
1241 3761 1431 3826 Οὕτως
1479 3761 1671 3832 ἐχθροὶ
1713 3762 1818 3832 τῆς
1847 3761 1957 3816 τῶν

340 3850 670 3923 ἀνθρώπων
697 3853 809 3905 εἰσὶ
845 3853 1121 3923 σωτηρίας
1149 3853 1244 3906 καὶ
1276 3853 1383 3906 τῶν
1415 3853 1580 3924 ἱερῶν
1607 3853 1960 3925 Γραμμάτων

342 3946 820 4016 ἀνεπιστήμονες.
864 3944 926 3998 Ei
963 3944 1128 4018 ἑτέρα
1163 3947 1316 4018 παρά
1349 3947 1449 4016 τὴν
1489 3945 1718 4018 πρώτην
1749 3948 1960 4021 ἐστὶ.νή

341 4036 548 4107 καινὴ,
579 4037 613 4107 ἡ
651 4035 740 4090 διὰ
792 4035 1064 4109 Ἰερεμίου
1120 4038 1592 4110 προκηρυχθεῖσα,
1625 4039 1708 4093 δεῖ
1739 4040 1961 4103 πάντως

341 4132 452 4184 καὶ
490 4131 679 4201 νόμοις
728 4130 790 4183 οὑ
835 4132 948 4194 τοῖς
987 4131 1239 4203 ἀρχαίοις
1291 4131 1622 4203 κεχρῆσθαι,
1666 4131 1804 4186 ἀλλά
1848 4135 1962 4198 τοῖς

342 4224 594 4285 καινοῖς.
611 4219 752 4275 Ἀλλ’
765 4220 815 4273 οἱ
827 4221 1113 4292 Φαρισαῖοι
1129 4221 1288 4276 τοῦτο
1311 4222 1540 4276 συνιδεῖν
1556 4224 1575 4297 [
1585 4223 1684 4297 μὴ]
1699 4224 1962 4297 θελήσαν-

338 4332 472 4378 τες,
513 4312 872 4386 ἐφεδρεύουσι
925 4318 1040 4380 τοῖς
1085 4316 1263 4386 ἁγίοις
1305 4317 1648 4383 ἀποστόλοις,
1686 4318 1782 4371 καί
1832 4335 1963 4388 φασι

343 4405 494 4477 περὶ
524 4404 710 4458 αὐτῶν
752 4405 830 4477 τῷ
860 4405 1086 4478 Χριστῷ
1108 4424 1120 4436 ·
1171 4407 1303 4463 Ἰδοὺ
1333 4410 1446 4474 τοῖς
1481 4412 1730 4480 νομικοῖς
1771 4411 1962 4466 ἐντάλ-

346 4512 533 4569 μασιν
574 4495 1030 4568 ἐναντιουμένους
1069 4497 1288 4571 ὁρῶμεν
1325 4500 1453 4564 τοὺς
1505 4501 1612 4555 ὑπὸ
1648 4501 1745 4556 σοῦ
1797 4502 1960 4556 παιδ-

341 4589 812 4660 αγωγουμένους.
850 4589 958 4644 Τοῦ
988 4590 1098 4664 γὰρ
1124 4593 1294 4663 νόμου
1327 4593 1646 4658 κελεύοντος
1681 4595 1874 4666 ἀργεῖν
1905 4597 1963 4650 ὲν

339 4681 654 4752 Σαϐϐάτῳ,
684 4684 780 4737 καὶ
816 4683 1046 4756 μηδενὸς
1082 4687 1431 4742 παντάπασιν
1462 4687 1736 4744 ἀπτεσθαι
1771 4689 1960 4755 ¹ιιόνου,

348 4774 751 4846 περιτρίϐουσι
785 4779 910 4840 ταῖς
959 4779 1150 4850 χερσὶν
1187 4779 1467 4849 ἀστάχυας
1496 4781 1548 4834 οἱ
1599 4780 1858 4852 μαθηταί.
1889 4779 1962 4835 Σὺ

2009 582 2113 634 rati
2145 581 2293 644 estis,
2323 589 2369 633 et
2398 595 2490 650 ego
2509 577 2742 648 reﬁciam
2771 594 2878 632 vos.

2111 694 2220 764 32
2251 693 2352 761 Qui
2394 693 2564 764 igitur
2599 692 2750 747 audit
2802 692 3167 754 vocationem,
3200 700 3255 745 et
3307 691 3544 756 accedit,
3576 697 3632 746 et

2042 787 2378 856 praecipienti
2459 788 2723 851 adhaeret,
2786 783 2875 840 hic
2951 783 3212 840 reﬁcitur.
3277 784 3631 853 Abjicientes,

2043 880 2239 948 inquit,
2301 890 2538 932 mentem
2588 891 2708 945 quae
2747 885 2895 930 amat
2946 886 3232 948 peccatum
3283 891 3346 930 ac
3388 891 3632 940 carnem,

2043 979 2097 1024 et
2131 970 2378 1024 conversi
2421 971 2570 1023 adea
2602 985 2724 1038 qua!
2759 971 2915 1025 laude
2950 971 3112 1039 digna
3161 979 3312 1029 sunt.
3344 968 3634 1038 appropin-

2043 1073 2208 1134 qnate
2251 1063 2404 1124 mihi,
2468 1072 2526 1114 ut
2567 1061 2764 1117 divina:
2807 1072 3019 1116 natnrze
3060 1077 3125 1115 ac
3169 1064 3339 1114 sancti
3399 1059 3637 1129 Spiritus

2047 1155 2189 1209 liatis
2229 1154 2544 1222 participes.
2575 1151 2779 1209 Omnes
2810 1163 2990 1207 autem
3045 1163 3223 1217 vecat,
3267 1161 3320 1206 et
3359 1166 3464 1206 non
3489 1150 3639 1206 solos

2046 1248 2136 1316 qui
2173 1261 2238 1300 ex
2261 1245 2448 1310 lsracl,
2493 1255 2751 1314 tanquam
2791 1245 3042 1298 omnium
3096 1244 3358 1298 Dominus
3378 1251 3431 1299 et
3457 1242 3629 1298 Crea-

2046 1351 2166 1407 tor;
2205 1349 2260 1393 et
2293 1339 2609 1392 laborantes
2659 1339 2882 1408 quidem
2941 1339 3074 1393 dicit
3130 1336 3367 1401 Judmos,
3399 1337 3490 1406 qni
3519 1337 3641 1390 exi-

2045 1447 2208 1503 guum
2245 1430 2436 1502 jngum
2492 1430 2637 1485 ferre
2667 1445 2774 1484 non
2816 1431 3031 1496 valent,
3063 1440 3320 1485 oneratos
3365 1445 3495 1483 vero
3526 1428 3644 1483 ido-

2047 1524 2222 1577 lorutn
2257 1522 2728 1588 cultuiraddictos,
2763 1537 2859 1593 per
2888 1522 3164 1577 diabolum
3220 1536 3530 1591 oppressos,
3576 1535 3641 1574 ac

2047 1625 2397 1685 peccatorum
2457 1615 2802 1668 multitudine
2851 1626 3129 1684 gravatos.
3157 1612 3266 1667 Vos
3321 1613 3510 1681 igitur,
3542 1613 3639 1677 ait,

2047 1705 2242 1772 Judaei,
2260 1707 2501 1763 accedite
2519 1707 2917 1768 ad'veritatetu,
2933 1717 2985 1761 et
2998 1721 3083 1760 me
3106 1706 3384 1776 agnoscite
3401 1713 3641 1759 vestrum

2051 1809 2359 1854 curatorem
2414 1815 2481 1852 ac
2517 1797 2825 1860 Dominum,
2897 1797 3154 1866 proxime-
3193 1796 3364 1852 etiam
3416 1809 3645 1851 accessu

2049 1892 2259 1946 lucrum
2289 1891 2532 1946 relaturi.
2566 1890 2768 1947 Libero
2801 1893 2949 1946 enim
2989 1905 3086 1945 vos
3119 1905 3157 1943 ι.
3193 1891 3460 1944 servitute
3484 1886 3643 1959 legis,

2049 1984 2101 2038 in
2150 1998 2257 2053 qua
2318 1998 2574 2053 stagnum
2641 1982 2987 2039 sustinuistis
3047 1981 3324 2042 laborem,
3346 1993 3472 2033 cum
3535 1992 3645 2033 non

2047 2073 2208 2130 facile
2240 2076 2475 2146 possetis
2536 2089 2657 2130 eam
2693 2075 2964 2144 explere,
2989 2083 3045 2128 et
3108 2072 3409 2126 maximum
3456 2084 3648 2139 pecca-

2052 2178 2229 2222 torum
2282 2183 2421 2223 onus
2468 2168 2627 2224 vobis
2675 2168 2808 2236 ipsis
2836 2164 3208 2236 imponeretis,
3253 2174 3456 2235 quanto
3493 2163 3644 2233 plura

2050 2276 2268 2315 servare
2320 2276 2413 2315 vos
2467 2262 2752 2332 oportebat
2785 2260 2886 2331 legi
2921 2269 3292 2315 consentanea
3351 2257 3645 2328 perlicien-

2055 2363 2156 2408 I88.

2125 2649 2216 2716 XI,
2246 2649 2336 2704 30.
2359 2648 2558 2720 Iugum
2584 2650 2723 2703 enim
2747 2663 2918 2702 meum
2940 2663 3099 2702 suave
3126 2653 3226 2710 est,
3256 2655 3305 2700 et
3325 2661 3456 2700 anno
3481 2660 3651 2700 meum

2053 2742 2179 2796 lere.

2123 2834 2265 2889 Leve
2299 2845 2384 2889 est
2412 2835 2600 2906 iugum
2639 2832 2886 2899 Christi,
2919 2832 3176 2902 quoniam
3221 2845 3328 2886 non
3369 2829 3522 2900 punit
3552 2845 3652 2885 nos

2054 2927 2510 2998 quemadmodum
2560 2925 2668 2991 lex,
2719 2924 3095 2980 innocentiam
3145 2923 3371 2993 exigens
3433 2923 3643 2990 peccati

2057 3035 2280 3088 prorsus
2311 3025 2588 3088 expertem
2642 3027 2698 3073 et
2736 3017 2934 3071 animae
2968 3026 3168 3071 statum
3221 3013 3653 3085 perturbationi-

2058 3109 2158 3165 bus
2185 3125 2289 3162 non
2320 3107 2615 3162 obnoxium
2642 3125 2657 3174 ;
2682 3108 2736 3160 in
2771 3106 2939 3160 meris
2966 3104 3202 3165 ,‘interim
3239 3105 3420 3158 verbis
3442 3102 3652 3158 habens

1982 3197 2025 3254 C
2061 3201 2478 3274 promissionem
2511 3208 2565 3254 et
2588 3199 2806 3253 virtutis
2849 3197 3151 3268 exemplar.

2139 3315 2334 3382 XII,2.
2390 3313 2651 3368 Pharistei
2701 3322 2878 3368 autem
2947 3312 3183 3367 videntes
3235 3310 3489 3364 dixerunt
3548 3310 3598 3362 ei
3636 3323 3657 3363 :

2066 3411 2203 3467 Ecce
2229 3409 2480 3480 discipuli
2506 3408 2587 3464 ιιιὶ
2613 3407 2817 3478 faciunt
2845 3409 2986 3479 quod
3018 3422 3122 3462 non
3149 3404 3269 3460 licet
3301 3404 3476 3475 facere
3503 3401 3655 3459 Sao—

2067 3504 2218 3559 bato.

2139 3596 2442 3665 Siquidem,
2510 3594 2602 3650 ubi
2647 3594 2782 3650 nihil
2817 3608 3071 3663 maguum
3108 3591 3167 3648 iit.
3215 3605 3280 3645 ac
3307 3603 3654 3660 generosum.

2065 3689 2388 3759 quiescunt;
2431 3686 2522 3741 ubi
2552 3701 2680 3741 vero
2726 3687 2991 3754 quosdam
3030 3683 3266 3738 salvatos
3302 3681 3508 3744 vident,
3537 3693 3658 3732 oru-

2069 3778 2196 3834 nino
2217 3787 2347 3833 sunt
2376 3777 2551 3846 magis
2582 3776 2795 3832 molesti
2833 3794 2846 3830 :
2893 3776 3029 3830 adeo
3057 3773 3264 3829 inimici
3298 3781 3427 3827 sunt
3472 3769 3665 3826 salutis

2068 3869 2342 3934 humanae,
2372 3885 2435 3924 ac
2465 3883 2748 3922 sacrarum
2804 3866 3134 3922 Litterarum
3169 3864 3368 3937 ignari.
3430 3861 3662 3931 Quodsi

2069 3962 2174 4017 alia
2212 3971 2406 4030 praeter
2441 3961 2672 4039 primam
2717 3959 2890 4029 legem
2919 3973 3054 4014 nova
3090 3967 3193 4024 est,
3221 3972 3340 4025 qua:
3371 3971 3469 4027 per
3499 3954 3658 4010 Jere-

2072 4055 2234 4109 ntiam
2269 4053 2366 4109 fuit
2416 4052 2706 4124 pradicata
2751 4053 2822 4121 “,
2855 4060 3071 4122 oportet
3112 4051 3338 4106 omnino
3367 4050 3666 4106 etiaman-

2073 4147 2236 4216 liquis
2261 4146 2470 4218 legibus
2514 4160 2619 4200 non
2655 4145 2754 4211 uti,
2786 4145 2879 4200 sed
2910 4145 3086 4199 novis.
3122 4142 3228 4198 Sed
3268 4141 3528 4197 Pharisaei
3563 4141 3666 4196 hoc

2072 4241 2376 4309 intelligere
2438 4238 2684 4294 nolentes
2721 4237 3051 4292 insidiantur
3109 4236 3319 4290 sanctis
3378 4233 3664 4303 apostolis,

2073 4349 2137 4390 ac
2164 4333 2231 4389 de
2273 4333 2342 4388 iis
2371 4330 2591 4387 Christo
2631 4331 2784 4385 aiunt
2826 4349 2840 4388 :
2876 4330 3017 4385 Ecce
3070 4327 3334 4400 legalibus
3381 4327 3665 4399 praeceptis

2073 4428 2426 4483 adversantes
2452 4425 2699 4480 videmus
2744 4434 2866 4479 tuos
2893 4421 3207 4492 discipulos.
3260 4419 3493 4476 lubente
3517 4418 3666 4474 enim

2075 4519 2191 4590 lege
2219 4516 2404 4573 feriari
2446 4517 2500 4570 in
2543 4515 2806 4582 Sabbato,
2844 4512 3161 4584 nullumque
3209 4511 3436 4567 omnino
3497 4510 3667 4564 attin-

2071 4625 2199 4684 gere
2249 4609 2516 4674 laborem,
2570 4606 2821 4679 discipuli
2887 4606 3142 4660 manibus
3204 4605 3386 4674 spicas
3439 4603 3667 4658 vellunt.

2075 4704 2146 4759 At
2173 4713 2228 4756 tu
2261 4702 2398 4771 ipse,
2426 4701 2514 4756 dic
2537 4699 2691 4763 mihi,
2725 4697 3019 4761 Pharisace,
3039 4696 3374 4752 sabbaticam
3409 4694 3501 4749 tibi
3529 4711 3671 4749 men-

2073 4809 2189 4849 sam
2209 4807 2510 4864 apponens.
2545 4789 2792 4860 nunquid
2821 4805 3014 4859 panem
3057 4803 3165 4843 non
3199 4785 3534 4859 coni‘ringis?
3569 4786 3673 4842 Ee-

342 4867 414 4919 δὲ
461 4864 649 4929 αὐτὸς,
683 4866 806 4920 είπέ
861 4885 987 4939 μοι,
1037 4861 1082 4921 ὧ
1138 4870 1425 4941 Φαρισαῖε,
1471 4869 1572 4942 τὴν
1621 4870 1952 4943 σαϐϐατικὴν

2067 4886 2198 4957 quid
2241 4861 2406 4957 igitur
2448 4885 2582 4939 alios
2630 4883 2854 4956 culpas?
2887 4881 3163 4954 quomodo
3190 4889 3374 4938 autem
3399 4883 3520 4952 ipse
3547 4878 3670 4935 Salv

345 4960 547 5031 ἑαυτῷ
570 4961 854 5032 τράπεζαν
884 4962 1155 5034 παραθεὶς
1189 4963 1252 5017 οὐ
1285 4964 1612 5034 συνθραύεις
1637 4964 1730 5018 τὸν
1760 4963 1962 5034 ἄρτονς

349 5054 423 5108 Τί
477 5052 576 5107 οὖν
608 5053 831 5126 ἑτέρους
883 5056 1067 5146 tat-ruit;
1114 5055 1230 5120 πῶς
1277 5055 1334 5110 δὲ
1383 5057 1476 5110 καὶ
1509 5059 1538 5110 ὁ
1589 5053 1782 5128 Σωτὴρ
1834 5053 1963 5125 περὶ

351 5143 548 5200 αὐτῶν
574 5145 960 5215 ἀπολογεῖται;

355 5264 547 5332 Πόσῳ
583 5257 700 5319 οὖν
735 5261 1002 5333 διαφέρει
1041 5263 1354 5334 ἄνθρωπος
1405 5263 1739 5332 προϐάτου;
1781 5265 1966 5321 Ὥστε

611 5359 823 5426 ἔξεστι
851 5362 977 5428 τοῖς
996 5361 1264 5417 Σάϐϐασι
1291 5360 1492 5429 καλῶς
1515 5362 1732 5416 ποιεῖν.

449 5453 700 5520 Ἀσεϐεῖς
727 5455 882 5518 ὄντες
918 5456 966 5508 οἱ
1009 5455 1300 5526 Φαρισαῖοι
1339 5453 1699 5526 ὑπεκρίνοντο
1736 5452 1836 5524 τὴν
1870 5453 1960 5505 εὖτ

348 5549 590 5604 σέϐειαν
613 5565 628 5582 ·
669 5547 760 5603 ἵνα
798 5549 926 5612 τοὺς
973 5547 1224 5612 εὐσεϐεῖς
1255 5547 1704 5620 ὲξολοθρεύσωσι.
1729 5547 1821 5600 Διὸ
1865 5546 1959 5601 καὶ

342 5643 452 5695 τὸν
496 5638 736 5711 Χριστὸν
769 5637 1082 5694 διαϐάλλειν
1125 5637 1470 5710 ἐπεχείρουν,
1510 5637 1757 5700 καὶτοὺς
1794 5635 1972 5691 αὑτοῦ,

432 5817 479 5844 ’¹
513 5813 719 5869 Jercm.
749 5828 901 5880 xm,
942 5813 959 5866 l
997 5827 1152 5882 seqq.

2073 4988 2229 5034 vator
2250 4993 2343 5034 eos
2378 4975 2638 5034 excusat?

2081 5267 2188 5340 33
2228 5266 2440 5334 Quanto
2495 5263 2665 5333 magis
2713 5260 2902 5316 melior
2951 5270 3028 5316 eu
3096 5259 3250 5314 homo
3297 5256 3438 5312 ove?
3486 5254 3672 5323 Itaque

2489 5358 2605 5413 licet
2644 5354 2894 5412 Sabbatis
2924 5355 3248 5424 benefacere.

2149 5451 2304 5522 [mpii
2330 5466 2454 5506 cum
2489 5458 2672 5506 essent
2702 5446 2989 5514 Pharisaai,
3024 5447 3282 5512 pietatem
3311 5439 3666 5503 simulabant,

2080 5554 2133 5595 nt
2154 5541 2272 5612 pios
2293 5540 2607 5612 perderent.
2631 5537 2926 5608 Propterea
2955 5545 3010 5590 et
3039 5533 3315 5590 Christum
3335 5546 3432 5603 per
3458 5529 3666 5586 calum-

2079 5632 2226 5690 niam
2293 5631 2560 5690 infamare
2617 5631 2982 5692 conabantnr,
3039 5635 3092 5681 et
3159 5623 3276 5694 ejus
3347 5620 3677 5693 discipulos,
