4146 6482
402 380 511 435 ιω

1581 378 1945 439 ΩΟΜΜΕΝΤ.
1989 381 2058 439 IN
2098 383 2543 441 MATTHAIUM.

3592 375 3700 444 ιω

397 500 553 553 οὐδὲν
588 497 778 570 lupos
829 495 893 551 ἂν
939 496 1027 570 ob]
1053 498 1262 565 λοιπὸν,
1309 499 1343 570 ἢ
1388 502 1684 573 μετασχεῖν
1714 502 1996 574 βασιλείας

2106 505 2235 560 Nam
2262 504 2556 575 participes
2592 519 2688 559 nos
2732 504 2848 558 ﬁeri
2874 504 3143 574 Spiritus,
3193 506 3329 559 nihil
3364 507 3509 560 aliud
3535 520 3699 575 porro

396 590 564 644 Θεοῦ.

470 700 781 767 Κυριιλου
822 701 891 754 ἐκ
944 701 1053 756 τοῦ
1103 703 1292 757 αὐτοῦ
1339 707 1427 770 εις
1467 705 1536 759 τὸ
1573 707 1769 775 ῥητόν
1795 724 1809 738 ·
1839 727 1856 758 ι
1889 706 1999 761 Καὶ

396 791 470 858 ὃς
504 792 583 845 ἂν
609 792 751 862 εἴπῃ
782 794 969 863 λόγον
997 794 1148 848 κατὰ
1176 793 1285 849 τοῦ
1336 795 1475 851 Υιοῦ
1518 799 1626 853 τοῦ
1657 797 1996 867 ἀνθρώπου,

393 880 592 951 age/hi
601 899 766 936 σεται
796 882 976 947 αὐτῷ.
1007 902 1026 934 ο

472 975 752 1043 Ἀῥρητον
792 972 931 1044 ἔχων
959 974 1058 1040 τὴν
1084 975 1149 1029 ἐκ
1182 974 1319 1030 Θεοῦ
1352 978 1569 1050 Πατρὸς
1610 979 1997 1049 γέννησιν,διά

392 1081 457 1123 τε
479 1066 641 1119 τοῦτο
672 1067 935 1137 ὑπάρχων
964 1067 1098 1132 Θεὸς
1133 1069 1274 1123 κατὰ
1299 1072 1463 1140 φύσιν
1493 1073 1520 1125 6
1541 1072 1994 1146 Μονογενὴς,τὴν

393 1158 749 1229 ἀνθρωπείαν
776 1159 943 1213 ὑπέδυ
979 1162 1219 1232 μορφὴν,
1261 1163 1357 1215 καὶ
1389 1162 1682 1233 γεγένηται
1714 1163 1999 1235 καθ’ἡμᾶς

393 1248 462 1305 ἐκ
486 1249 770 1318 γυναικὸς,
802 1253 894 1305 καὶ
940 1251 1167 1321 γέγονεν
1212 1253 1320 1306 ὑπὸ
1366 1255 1553 1325 νόμον,
1581 1256 1760 1308 καίτοι
1791 1255 1887 1312 τοῦ
1914 1258 2000 1311 νό-

397 1356 501 1408 μου
560 1339 769 1411 Κύριος
803 1340 879 1394 ὣν
908 1382 923 1408 ,
956 1343 1052 1396 καὶ
1084 1344 1496 1415 κεχρημάτικεν
1536 1344 1722 1410 δοῦλος
1747 1349 1775 1399 6
1818 1349 1997 1403 πάντα

396 1429 505 1483 ὑπὸ
546 1429 716 1493 πόδας
772 1430 912 1501 ἔχων
949 1432 1046 1486 καί⁸
1089 1435 1210 1495 ταῖς
1244 1434 1508 1487 ἀνωτάτω
1554 1433 1851 1504 δυνάμεσιν
1897 1438 1999 1489 έπ-

392 1521 695 1590 οχούμενος
732 1536 748 1551 ’
781 1523 876 1577 καὶ
932 1524 1189 1577 καθίκετο
1225 1524 1325 1594 μὲν
1372 1526 1432 1578 ὲν
1478 1525 1616 1596 τῷδε
1670 1526 1749 1597 τῷ
1782 1526 1996 1598 κόσμῳ,

392 1610 632 1681 δύναμιν
667 1615 766 1681 μὲν
808 1612 951 1682 ἔχων
985 1612 1085 1684 τὴν
1114 1613 1266 1684 αὐτῷ
1317 1616 1802 1688 πρεπωδεστάτην,
1828 1634 1994 1672 κατα-

396 1702 663 1773 κρύπτων
689 1703 737 1755 δ’
778 1699 874 1758 οὖν
905 1706 1056 1776 ὅμως
1082 1708 1186 1777 τῆς
1221 1706 1361 1770 ιδίας
1399 1706 1617 1775 φύσεως
1639 1709 1857 1778 ἀξίωμα
1877 1712 1996 1774 ταῖς

394 1793 775 1862 ἀνθρωπίναις
831 1798 1355 1869 σμικροπρεπειαις,
1399 1801 1495 1854 καὶ
1531 1802 1598 1870 τῇ
1648 1800 1750 1869 τῆς
1793 1802 1997 1871 σαρκὸς

396 1886 691 1957 περιϐολῇ.
730 1886 1035 1952 Κενώσεως
1057 1891 1168 1963 γὰρ
1188 1886 1255 1961 ἦν
1278 1891 1490 1961 καιρὸς,
1517 1892 1612 1944 καὶ
1644 1893 1743 1963 τῆς
1762 1891 1858 1945 τοῦ
1882 1890 2005 1945 δού-

395 1977 494 2031 λου
528 1981 747 2051 μορφῆς
774 1982 838 2035 τὸ
873 1981 997 2036 καθ’
1029 1985 1062 2051 ἡ
1074 1985 1181 2053 μᾶς
1209 1984 1386 2037 ὲδεῖτο
1423 1988 1746 2055 μυστήριον,
1790 1986 1877 2039 ἵνα
1906 1987 2002 2038 καὶ

391 2071 491 2121 τὸν
535 2069 720 2140 τίμιον
779 2073 920 2145 ὑπὲρ
956 2074 1115 2143 ἡμῶν
1170 2075 1445 2145 ὑπομείνῃ
1499 2076 1753 2146 σταυρὸν,
1789 2077 1886 2129 καὶ
1919 2074 1998 2146 τῷ

395 2160 623 2232 θανάτῳ
658 2162 761 2233 τῆς
793 2163 933 2228 ἰδίας
960 2164 1164 2236 σαρκὸς
1201 2165 1292 2218 τὸν
1323 2167 1581 2221 ἁπάντων
1619 2167 1808 2239 κτείνῃ
1834 2165 1997 2219 θάνα-

395 2272 510 2310 τον.
564 2256 869 2325 Ἀναγκαία
916 2258 1211 2327 τοιγαροῦν
1266 2260 1300 2330 ἡ
1361 2259 1631 2324 κένωσις,
1667 2260 1762 2312 καὶ
1818 2260 1848 2311 6
1893 2261 1994 2330 τῆς

394 2346 618 2413 ἀδοξίας
651 2350 842 2420 καιρὸς
871 2351 972 2420 τῆς
1009 2350 1097 2404 διὰ
1134 2351 1232 2422 τὴν
1255 2353 1454 2423 σάρκα.
1480 2352 1592 2406 Καὶ
1624 2348 1694 2423 ἦν
1725 2351 1814 2405 διὰ
1839 2350 2001 2405 τοῦτο

397 2441 554 2511 παρὰ
589 2441 809 2505 πολλοῖς
842 2442 1165 2513 ἀσυμφανὶς
1203 2444 1265 2497 τὸ
1297 2447 1621 2516 μυστήριον.

477 2547 792 2618 Κυρίλλου
831 2553 902 2611 ἐκ
940 2554 1048 2608 τοῦ
1086 2553 1295 2609 αὐτοῦ.

474 2638 612 2696 Εἶτα
638 2643 756 2707 πῶς
795 2644 875 2696 ἔτι
913 2645 1134 2717 νοηθείη
1168 2646 1256 2713 ἂν,
1297 2647 1441 2705 κατά
1470 2664 1533 2716 γε
1564 2650 1656 2701 τὸν
1690 2649 1878 2702 εἰκότα
1907 2644 1998 2699 λ’).

397 2733 624 2803 γισμδν,
669 2735 900 2803 φυσικὸν
926 2736 984 2787 ἐν
1026 2737 1155 2807 ἡμῖν
1199 2736 1232 2803 ἢ
1265 2737 1326 2789 τὸ
1354 2737 1558 2806 ἀγαθὸν
1600 2739 1632 2809 ἢ
1670 2740 1726 2792 τὸ
1776 2739 2000 2809 φαῦλον,

398 2825 499 2877 καὶ
547 2824 672 2895 οὐχὶ
723 2826 789 2898 δὴ
846 2827 1046 2898 μᾶλλον
1085 2828 1394 2883 ἐθελούσιον
1430 2831 1527 2886 καὶ
1572 2833 1628 2884 ὲν
1679 2831 2001 2903 προαιρέσει

397 2919 466 2987 τῇ
495 2918 734 2972 ἑκάστου
786 2920 1078 2991 κείμενον;
1112 2923 1272 2998 εἴπερ
1298 2924 1465 2996 οΰσης
1509 2926 1638 2996 μιᾶς
1664 2925 1763 2995 τῆς
1792 2924 2002 2996 ἀνθρὼ-

400 3024 511 3060 που
535 3007 776 3076 φύσεως,
819 3012 914 3066 καὶ
957 3012 1056 3067 ἕνα
1100 3014 1242 3068 κατὰ
1274 3016 1471 3079 παντὸς
1504 3015 1598 3069 τοῦ
1631 3017 1821 3083 γένους
1840 3016 1965 3087 ὲ,χού
1986 3045 1999 3055 -

403 3112 505 3167 σης
532 3097 681 3168 ὅρον,
718 3100 767 3151 οἱ
819 3100 920 3172 μὲν
955 3105 1094 3157 εἰσὶν
1120 3105 1318 3174 ἀγαθοὶ
1355 3108 1455 3178 τὴν
1488 3107 1603 3172 ἕξιν
1625 3150 1638 3173 ,
1677 3109 1905 3179 πονηροὶ
1940 3108 1997 3163 δὲ

2103 599 2230 659 erit,
2260 612 2423 666 quam
2455 613 2676 666 regnum
2712 596 2804 652 Dei
2841 597 3198 667 participare.

2164 706 2353 778 Cyrilli
2377 725 2443 761 ea:
2484 710 2664 763 eodem
2712 710 2847 762 libro
2886 725 3046 778 super
3093 708 3231 762 illud
3271 723 3290 760 :
3334 726 3352 760 ι
3383 706 3698 778 Quicunque

2100 802 2298 856 dixerit
2334 808 2540 856 verbum
2573 813 2756 856 contra
2797 801 2998 856 Filium
3036 803 3284 867 hominis,
3323 803 3612 856 remittetur
3647 805 3694 856 ei

2103 895 2319 968 (Matth.
2350 912 2423 950 xu
2448 940 2461 955 .
2499 896 2613 965 52).
2663 915 2681 948 ι

2175 990 2277 1054 Qui
2325 990 2653 1043 inell'abilem
2702 990 2927 1044 sortitus
2964 1000 3051 1044 est
3099 1006 3127 1045 a
3172 989 3331 1044 Patre
3385 990 3493 1044 Deo
3548 990 3693 1045 nati-

2101 1081 2349 1147 vitatem,
2385 1081 2612 1148 ideoque
2648 1080 2789 1134 Deus
2821 1081 3188 1151 homogeneus
3224 1083 3553 1136 naturaliter
3579 1092 3689 1148 est,

2103 1173 2393 1227 humanam
2438 1173 2601 1226 subiit
2641 1171 2896 1241 figuram,
2951 1174 3126 1229 factus
3168 1177 3267 1228 sub
3315 1175 3453 1246 lege,
3512 1190 3695 1244 quan-

2102 1280 2265 1332 quam
2311 1264 2443 1333 legis
2483 1262 2742 1319 Dominus
2771 1276 2913 1319 esset
2947 1281 2962 1319 :
2996 1273 3050 1319 et
3097 1267 3160 1318 ad
3205 1266 3462 1319 servilem
3505 1266 3695 1319 condi-

2105 1357 2308 1410 tionem
2361 1372 2423 1412 se
2481 1356 2735 1420 demisit,
2768 1358 2860 1426 qui
2906 1358 3083 1411 munia
3138 1358 3363 1427 pedibus
3418 1359 3695 1427 supposita

2104 1449 2374 1515 habebat,
2425 1460 2480 1504 et
2547 1465 2578 1503 a
2645 1450 2895 1518 supernis
2954 1450 3242 1504 virtutibus
3306 1453 3627 1520 gestabatur
3677 1470 3691 1502 :

2103 1542 2360 1610 venitque
2424 1542 2477 1595 in
2517 1541 2662 1596 hunc
2700 1543 2959 1595 mundum
2983 1582 2999 1606 ,
3025 1541 3281 1596 virtutem
3336 1544 3556 1613 quidem
3591 1543 3694 1598 sibi

2102 1633 2680 1688 convenientissimum
2775 1635 3003 1699 habens,
3055 1633 3375 1702 dignitatem
3423 1634 3699 1686 nihilomi-

2106 1740 2206 1780 nus
2251 1736 2461 1779 uaturre
2522 1741 2636 1779 sua:
2697 1726 2881 1779 celans
2919 1724 3176 1779 humanis
3231 1725 3587 1792 parvitatibus
3643 1736 3698 1779 et

2107 1817 2291 1872 carnis
2339 1818 2679 1871 indumento.
2736 1816 2868 1871 Erat
2920 1817 3062 1870 enim
3103 1816 3494 1871 exinanitimnis
3557 1828 3694 1870 tem-

2107 1924 2252 1979 pus;
2284 1908 2395 1979 36
2429 1910 2732 1977 egebatque
2775 1909 2918 1961 servi
2979 1908 3161 1975 specie
3202 1907 3518 1977 mysterium
3572 1924 3696 1977 pro-

2099 2011 2222 2069 pter
2269 2017 2368 2054 nos
2422 2002 2824 2069 peragendum,
2859 2008 2917 2052 ut
2956 2008 3011 2053 et
3055 1999 3419 2053 venerandam
3456 2014 3552 2067 pro
3603 2015 3696 2053 no-

2099 2094 2182 2149 bis
2229 2103 2514 2162 pateretur
2568 2105 2825 2155 crucem,
2875 2102 2929 2146 et
2976 2107 3089 2146 sua?
3125 2091 3308 2145 carnis
3355 2100 3531 2145 morte
3570 2091 3693 2145 uui-

2104 2185 2371 2240 versalem
2431 2192 2663 2238 mortem
2736 2184 3051 2252 perimeret.
3109 2180 3438 2237 Necessaria
3508 2183 3694 2250 itaque

2104 2274 2207 2331 iuit
2241 2277 2546 2331 exinanitio
2584 2284 2638 2329 et
2698 2276 3011 2346 ignominiaa
3054 2292 3149 2344 per
3194 2291 3413 2330 carnem
3451 2276 3690 2330 occasio.

2107 2367 2473 2435 Quamobrem
2516 2368 2699 2421 multis
2728 2375 2847 2420 erat
2872 2367 3163 2421 obscurum
3202 2350 3541 2437 mysterium.

2175 2560 2363 2633 Cyr-illi
2389 2580 2453 2616 ea:
2487 2563 2665 2616 eodem
2694 2562 2848 2615 libro.
2885 2561 3100 2631 (.ilutth.
3132 2577 3229 2620 Ittt,
3262 2562 3372 2627 55.)

2180 2655 2385 2709 Deinde
2427 2655 2701 2723 quomodo
2741 2654 2893 2721 juSto
2938 2666 3086 2708 certe
3138 2654 3425 2707 ratiocinio
3465 2651 3694 2723 cogitari

2109 2747 2308 2817 poterit
2351 2746 2600 2801 naturale
2635 2762 2758 2799 esse
2792 2745 2948 2797 nobis
2981 2744 3181 2797 bonum
3215 2744 3300 2797 vel
3347 2745 3543 2797 malmn
3572 2786 3588 2810 ,
3643 2753 3699 2797 et

2111 2855 2217 2893 non
2237 2838 2602 2892 voluntarium
2641 2838 2828 2907 potius
2856 2848 3020 2906 atque
3052 2837 3103 2890 in
3137 2836 3400 2906 cujusque
3424 2837 3697 2891 electione

2109 2932 2394 3000 positum?
2470 2931 2906 3000 quandoquidem
2949 2947 3053 2984 una
3108 2930 3347 2984 hominis
3397 2931 3697 2986 exsistcute

2112 3037 2326 3092 natura,
2364 3041 2640 3093 unumth
2675 3024 2726 3077 in
2766 3026 3022 3079 universo
3053 3039 3251 3093 genere
3285 3023 3560 3077 modulum
3593 3023 3694 3075 ha-

2112 3118 2294 3180 bente,
2327 3115 2415 3170 alii
2452 3115 2667 3184 quidem
2708 3114 2867 3169 bonis
2909 3115 3151 3168 moribus
3181 3122 3328 3178 sunt,
3357 3112 3446 3165 alii
3488 3111 3694 3180 pravis.

400 3188 586 3261 ἐτεροι
609 3206 623 3219 ·
657 3190 940 3264 διαφέρειν
964 3193 1018 3248 δὲ
1049 3197 1305 3268 οὐδαμῶς
1339 3200 1372 3269 ἡ
1407 3198 1695 3274 ἀνθρώπου
1743 3200 1905 3268 φύσις
1931 3200 2002 3265 ὡς

2112 3205 2296 3276 Neque
2330 3206 2534 3259 ideirco
2577 3204 2812 3258 hominis
2867 3214 3060 3256 natura
3122 3202 3386 3256 adversus
3422 3202 3694 3271 propriam

406 3281 547 3352 πρὸς
585 3282 750 3347 ἰδίους
792 3286 989 3356 δρᾶται
1029 3288 1241 3358 λόγους,
1266 3291 1387 3345 οὐδὲ
1410 3291 1727 3365 μαχομένην
1747 3292 1860 3364 ἔχει
1890 3296 2004 3357 τοῖς

404 3373 613 3444 ἑαυτῆς
646 3374 904 3447 ίδιώμασι
939 3380 1040 3451 τὴν
1074 3386 1449 3454 κατασκευήν.

480 3463 652 3519 Ὅταν
702 3483 787 3530 τις
839 3470 919 3533 εἰς
963 3469 1251 3544 ἄνθρωπον
1292 3474 1619 3546 ἡμάρτανε,
1660 3474 1885 3528 δυνατὸν
1937 3469 2006 3545 ἦν

405 3553 555 3627 ὑπὲρ
588 3558 757 3612 αὑτοῦ
797 3562 1179 3632 παρακαλέσαι
1199 3564 1290 3618 τὸν
1315 3564 1468 3620 Θεόν·
1490 3566 1621 3621 ὅταν
1645 3566 1702 3620 δὲ
1734 3568 1814 3630 εἰς
1843 3567 2006 3620 αὐτὸν

405 3646 456 3696 οἱ
494 3645 779 3718 ἂνθρωποι
823 3650 1235 3724 ἐϐλασφήμουν,
1278 3656 1382 3710 οὐκ
1440 3654 1569 3728 ἐξῆν
1619 3656 2005 3728 παρακαλέσαι

406 3734 551 3805 ὑπὲρ
582 3735 783 3791 αὐτῶν.
811 3740 960 3812 Πλὴν
991 3741 1182 3814 ἐπειδὴ
1208 3743 1285 3807 ὡς
1315 3743 1605 3815 ἄνθρωπος
1648 3744 1927 3816 ὁρώμενος
1978 3747 2007 3798 6

405 3825 507 3879 τοῦ
554 3828 691 3882 Θεοῦ
729 3830 878 3897 Υἱὸς,
911 3834 961 3886 εἰ
1019 3835 1111 3887 καὶ
1153 3834 1314 3904 φύσει
1349 3836 1484 3900 Θεὸς
1533 3832 1626 3909 ἦν,
1665 3837 1725 3890 οὐ
1763 3838 1904 3891 πάνυ
1952 3852 2005 3891 τι

405 3920 525 3981 τοῖς
556 3920 843 3986 ἀσυνέτοις
892 3925 1244 4000 ἐγνωρίζετο,
1278 3926 1497 3981 δίδωσιν
1541 3926 1656 3981 ἔσθ’
1682 3929 1771 3982 ὅτε
1805 3930 1919 3990 τοῖς
1946 3929 2005 3995 ἐξ

408 4011 640 4092 ἀγνοίας
670 4013 1077 4085 ἁμαρτάνουσιν
1110 4021 1190 4083 εἰς
1219 4019 1383 4074 αὐτὸν
1416 4019 1751 4092 συγγνώμην
1772 4038 1785 4050 '
1813 4023 1924 4083 τοῖς
1950 4020 2006 4075 δὲ

408 4102 494 4164 εἰς
515 4103 580 4155 τὸ
612 4104 863 4177 Πνεῦμα,
898 4108 1123 4181 διηνεκῆ
1155 4110 1305 4180 λέγει
1333 4111 1432 4182 τὴν
1459 4111 1681 4166 κόλασιν
1705 4112 2005 4182 ἐπάγεσθαι

409 4192 664 4264 (Πνεῦμα
684 4196 862 4268 λέγων
888 4198 1084 4271 ὀλόκλη
1093 4217 1186 4272 ρον
1207 4201 1305 4273 τὴν
1324 4204 1424 4273 τῆς
1450 4202 1682 4274 Τριάδος
1699 4201 1964 4276 Θεότητα)
1987 4218 2001 4233 ’

408 4282 560 4353 πλὴν
588 4284 792 4341 δίδοται
824 4292 937 4354 τοῖς
969 4290 1294 4363 μετανοοῦσι
1317 4292 1406 4347 διὰ
1434 4288 1534 4363 τῆς
1561 4292 1656 4345 τοῦ
1686 4293 2005 4363 Πνεύματος

407 4373 641 4445 χάριτος
668 4378 990 4452 συγγνώμη.
1024 4382 1185 4437 Ἀλλᾶ
1222 4384 1284 4438 τὸ
1314 4382 1545 4455 μέγεθος
1571 4383 1741 4437 θέλων
1769 4384 1941 4451 δεῖξαι
1973 4386 2002 4438 6

406 4467 655 4537 Χριστὸς
698 4472 794 4525 τοῦ
824 4474 1245 4548 ἁμαρτήματος,
1289 4476 1464 4540 οὕτως
1499 4475 1653 4531 εἶπεν
1678 4492 1692 4507 ⁶
1734 4478 1857 4530 ἐπεὶ
1904 4480 2004 4532 οὐκ

406 4558 564 4621 ἔστιν
598 4560 843 4633 ἁμαρτία
868 4564 1259 4638 ἀσυγχώρητος
1289 4567 1443 4640 παρὰ
1476 4566 1595 4639 Θεῷ
1645 4570 1702 4621 ἐν
1739 4571 1853 4631 τοῖς
1882 4586 2006 4640 γνη·

409 4650 547 4712 cito;
593 4653 689 4706 καὶ
719 4654 841 4707 κατ’
865 4654 1024 4721 ἀξίαν
1051 4657 1397 4727 μετανοοῦσι.

497 4762 562 4815 ’0
589 4763 813 4833 ἀγαθὸς
853 4768 1166 4839 ἄνθρωπος
1196 4773 1267 4827 ἐκ
1301 4774 1408 4829 τοῦ
1437 4775 1663 4846 ἀγαθοῦ
1692 4770 2029 4844 θησαυροῧ“

408 4849 523 4919 τῆς
554 4856 804 4925 καρδίας
839 4858 1122 4916 ἐκϐάλλει
1152 4863 1225 4918 τὰ
1272 4865 1468 4935 ἀγαθά
1492 4883 1503 4894 ·
1539 4865 1638 4921 καὶ
1660 4852 1715 4921 ’δ
1742 4865 2010 4935 πονηρὸς

406 4944 728 5016 ἅνθρωπος
770 4951 840 5009 ἐκ
885 4952 989 5009 τοῦ
1041 4956 1315 5026 πονηροῦ
1361 4960 1678 5029 θησαυροῦ
1728 4959 2010 5015 meum

407 5040 673 5107 πονηρά·
1880 5112 1883 5113 κ

481 5127 664 5186 Ὅταν
690 5134 826 5209 λέγῃ
856 5136 1155 5211 θησαυρὸν,
1194 5139 1255 5193 τὸ
1286 5139 1492 5213 πλῆθος
1528 5143 1867 5198 ἐνδείκνυται
1898 5143 2008 5197 τῶν

410 5224 470 5277 ἰν
499 5227 570 5296 τῇ
611 5225 759 5299 ψυχῇ
786 5231 1058 5299 κειμένων
1080 5251 1093 5264 °
1139 5235 1227 5289 ἵνα
1264 5235 1321 5290 δὲ
1356 5236 1432 5308 μὴ
1469 5236 1669 5290 εἴπωσι
1707 5254 1853 5301 τινες
1877 5277 1892 5303 ,
1928 5238 2011 5293 ὅτι

412 5314 580 5385 φύσει
605 5317 939 5390 πεφύκαμεν
973 5326 1203 5395 πονηροὶ
1230 5326 1281 5379 οἱ
1305 5325 1605 5401 ἄνθρωποι,
1636 5328 1735 5382 ἐπὶ
1760 5330 1869 5384 τῶν
1896 5332 2007 5386 Φαε-

409 5408 648 5476 ρισαίων
671 5410 830 5465 τοῦτο
860 5414 1155 5485 ἐδήλωσεν,
1183 5418 1266 5472 ὅτι
1298 5418 1525 5474 δυνατὸν
1559 5418 1700 5493 [τὸν]
1720 5422 1885 5476 αὐτὸν
1914 5423 2009 5476 καὶ

406 5498 512 5569 ξνα
529 5500 821 5574 ἄνθρωπον
850 5510 980 5561 ποτὲ
1006 5511 1103 5581 μὲν
1127 5511 1335 5580 ἀγαθὸν
1360 5512 1640 5581 γενέσθαι,
1671 5514 1800 5567 ποτὲ
1819 5514 1878 5567 δὲ
1909 5531 2010 5568 κα-

410 5593 548 5659 κὸν,
573 5591 749 5663 λέγων
774 5614 787 5627 '
829 5597 890 5653 Ὀ
931 5601 1136 5670 ἀγαθὸς
1168 5603 1456 5676 ἄνθρωπος
1478 5605 1544 5658 ἐκ
1585 5604 1680 5659 τοῦ
1717 5605 2010 5677 περισσεύε-

416 5704 591 5757 ματος
623 5690 722 5761 τῆς
744 5694 974 5765 καρδίας
1004 5696 1170 5750 αὐτοῦ
1195 5697 1366 5763 λαλεῖ,
1401 5699 1606 5769 ὁμοίως
1638 5698 1733 5752 καὶ
1761 5701 1789 5751 6
1815 5698 2003 5763 κακός.

505 5802 568 5854 '0
588 5800 656 5856 δὲ
681 5804 1029 5876 ἀποκριθεὶς
1056 5804 1227 5864 εἶπεν
1265 5809 1495 5876 αὐτοῖς·
1525 5809 1718 5865 Γενεὰ
1773 5808 2012 5878 ποιητὰ

2112 3303 2375 3354 ratiunem
2411 3300 2672 3354 dissidere
2705 3298 2969 3361 cernitur,
3021 3310 3196 3364 neque
3232 3306 3565 3365 pugnantem
3598 3295 3696 3347 ha-
3727 3343 3734 3350 .

2111 3386 2237 3440 bere
2268 3402 2387 3441 cum
2412 3387 2525 3440 suis
2551 3387 2973 3455 proprietatibus
3006 3384 3474 3439 constitutionem.

2180 3477 2410 3546 Quando
2441 3478 2704 3548 quispiam
2741 3478 2794 3531 in
2824 3478 3094 3532 hominem
3113 3476 3376 3544 peccavit,
3405 3475 3569 3528 Deum
3601 3487 3697 3541 pro

2109 3587 2169 3627 se
2218 3581 2396 3640 potest
2434 3571 2725 3635 invocare;
2755 3585 2876 3622 cum
2929 3583 3058 3621 vero
3089 3567 3142 3621 in
3173 3582 3296 3622 eum
3332 3566 3699 3636 blasphemias

2111 3664 2456 3736 protulerint,
2496 3678 2601 3716 non
2634 3662 2761 3717 licet
2805 3662 3060 3715 invocare
3092 3675 3189 3729 pro
3227 3676 3305 3715 se.
3353 3656 3485 3713 Cum
3518 3658 3700 3727 itaque

2110 3757 2273 3812 homo
2305 3755 2578 3811 videretur
2611 3755 2700 3809 Dei
2736 3752 2929 3819 Filius,
2965 3753 3064 3808 etsi
3128 3761 3317 3805 natura
3360 3751 3502 3805 Deus
3528 3759 3696 3813 esset,

2111 3863 2214 3902 non
2246 3847 2533 3900 admodum
2566 3846 2685 3899 sine
2727 3844 3003 3899 intellectu
3062 3841 3448 3898 exsistentibus
3485 3842 3698 3896 innote-

2108 3940 2316 4002 scehat,
2351 3937 2562 3992 veniam
2598 3936 2779 4004 itaque
2805 3950 2870 3988 ex
2917 3934 3222 4002 ignorantia
3249 3933 3300 3986 in
3326 3948 3443 3987 sese
3469 3948 3699 4002 pecran-

2110 4030 2253 4084 tibus
2278 4029 2546 4099 largitur;
2584 4041 2678 4082 eos
2709 4042 2862 4091 vero,
2896 4024 2985 4096 qui
3040 4025 3090 4079 in
3141 4025 3406 4093 Spiritum
3441 4031 3694 4079 Sanctum

2108 4129 2355 4190 peccant,
2387 4128 2705 4190 perpetuum
2747 4117 2879 4172 dicit
2917 4133 3139 4171 tuanerc
3188 4115 3511 4184 supplicium
3545 4113 3695 4185 (Spi«

2109 4214 2268 4266 ritum
2299 4212 2485 4267 dicens
2541 4220 2708 4265 totam
2742 4203 3026 4264 Trinitatis
3058 4205 3384 4276 Deitatem);
3428 4208 3592 4261 datur
3614 4216 3698 4259 ta-

2076 4320 2227 4356 -meu
2289 4301 2680 4370 pmnitentibus
2739 4316 2833 4372 per
2880 4300 3116 4371 Spiritus
3159 4299 3389 4370 gratiam
3425 4298 3693 4357 remissio.

2107 4391 2211 4447 Sed
2238 4393 2347 4465 37
2381 4394 2804 4461 magnitudinem
2852 4393 3043 4449 volens
3105 4392 3355 4448 Christus
3409 4391 3696 4445 ostendere

2109 4486 2335 4554 peccati,
2364 4484 2435 4537 ita
2484 4484 2646 4552 dixit;
2681 4498 2784 4540 nos)
2815 4483 2962 4539 enim
2986 4493 3070 4539 est
3102 4492 3386 4554 peccatum
3409 4480 3552 4550 quod
3586 4494 3691 4533 non

2112 4576 2350 4630 remittat
2383 4579 2545 4642 Deus,
2590 4578 2634 4634 si
2688 4578 2924 4651 legitime
2953 4587 3007 4632 et
3032 4591 3100 4632 ex
3135 4573 3399 4643 dignitate
3429 4570 3695 4640 pmttilellq

2110 4667 2179 4721 tia
2208 4676 2415 4737 agatur.

2124 4830 2130 4836 .
2182 4779 2298 4846 XII,
2327 4781 2418 4837 35.
2469 4779 2647 4836 Bonus
2693 4779 2850 4834 homo
2895 4778 2961 4835 de
3019 4779 3155 4835 bona
3219 4779 3470 4834 thesauro
3522 4781 3696 4836 cordia

2108 4871 2306 4942 profert
2336 4873 2494 4938 bona,
2543 4883 2589 4925 et
2621 4875 2794 4924 male:
2823 4872 2979 4925 homo
3011 4871 3079 4925 de
3119 4869 3264 4925 meto
3291 4872 3539 4925 thesauro
3581 4887 3700 4941 ρινος

2112 4962 2211 5033 fert
2243 4963 2412 5019 mala.

2180 5140 2313 5196 Cum
2366 5138 2497 5193 dicit
2553 5137 2896 5200 thesaurum,
2981 5135 3383 5191 multitudinem
3431 5136 3684 5205 designat

2110 5234 2498 5303 cogitationum
2529 5229 2975 5298 voluntatumque
2999 5228 3051 5283 in
3075 5229 3407 5285 conscientia
3440 5229 3696 5285 sitarum.

2114 5325 2191 5381 Ne
2224 5335 2401 5379 autem
2444 5322 2608 5392 aliqui
2654 5322 2917 5389 dicerent,
2952 5330 3139 5375 natura
3169 5320 3338 5373 malos
3379 5334 3499 5373 esse
3526 5319 3697 5373 homi-

2106 5431 2231 5479 nes,
2287 5415 2550 5469 adversus
2601 5412 2908 5468 Pharisa'os
2954 5411 3217 5475 dtclarat,
3248 5409 3365 5464 ﬁeri
3413 5424 3572 5478 posse
3637 5420 3697 5464 ut

2114 5523 2251 5564 unus
2280 5507 2530 5577 idemque
2574 5506 2754 5571 homo,
2782 5503 2896 5573 38
2923 5503 3085 5558 modo
3109 5500 3303 5567 bonus,
3366 5500 3526 5553 modo
3584 5515 3699 5575 tua.

2107 5600 2194 5655 los
2219 5601 2310 5656 sit.
2342 5598 2477 5655 Cum
2514 5598 2594 5653 sic
2619 5596 2765 5651 dicat
2800 5612 2814 5649 :
2854 5594 3033 5649 Bonus
3064 5594 3224 5648 homo
3251 5606 3319 5648 ex
3360 5592 3695 5653 abundantia

2111 5692 2290 5748 cordis
2307 5692 2391 5747 sui
2423 5690 2682 5760 loquitur,
2708 5686 2959 5744 similiter
2988 5693 3043 5741 et
3074 5685 3266 5739 malus.

2182 5803 2399 5877 .39qu
2416 5812 2589 5858 autem
2604 5800 2916 5871 respondent
2934 5798 3070 5853 dixit
3089 5797 3162 5852 eis
3181 5794 3494 5852 :Ceueratio
3504 5812 3691 5866 prava,
