4146 6490
465 390 573 446 485

469 686 541 739 ita
578 696 635 738 ttt
671 693 923 754 premant
954 699 1019 736 ex
1045 684 1305 736 thesauro
1339 697 1438 737 suo
1475 696 1609 736 nova
1640 691 1694 736 et
1729 691 1949 736 vetera:
1986 691 2042 735 ut

470 771 635 824 etiam
674 770 799 823 alibi
842 770 918 822 ait
954 787 968 823 :
1013 788 1029 819 ι
1069 768 1276 822 Mittam
1312 769 1465 823 vobis
1504 771 1780 839 sapientes
1816 779 1871 824 et
1911 771 2048 824 scri-

464 859 589 918 bas.
631 876 649 908 »
690 857 918 912 Videsne
950 859 1221 927 quomodo
1256 858 1503 913 Veterem
1541 874 1646 912 non
1685 860 1914 929 rejiciat,
1950 860 2044 915 sed

462 950 651 1005 laudet
682 950 874 1020 legem,
908 951 1224 1003 thesaurum
1254 965 1373 1004 eam
1402 950 1637 1005 vocans?
1666 950 1812 1004 Adeo
1839 960 1896 1003 ut
1926 950 2043 1019 qui.

471 1056 682 1109 cunque
707 1042 1010 1095 divinarum
1041 1041 1448 1107 Scripturarutn
1480 1042 1649 1112 ignari
1678 1053 1825 1106 sunt,
1844 1048 2048 1111 patres-

471 1130 704 1185 t'antilias
731 1147 852 1186 esse
881 1148 986 1184 nou
1011 1132 1255 1200 possint;
1288 1147 1464 1201 neque
1494 1133 1713 1194 divites,
1741 1134 2036 1201 qtticunqut

471 1236 646 1288 neque
674 1223 772 1287 ipsi
802 1222 1021 1285 habent,
1051 1238 1148 1277 nec
1175 1224 1239 1277 ab
1269 1224 1390 1277 aliis
1417 1224 1712 1291 accipiunt,
1741 1224 1834 1277 sed
1863 1223 2049 1276 vident

473 1313 680 1381 seipsos
711 1312 853 1368 l‘ame
883 1325 1168 1383 pereuntes
1198 1330 1215 1368 :
1249 1330 1355 1368 non
1390 1325 1598 1369 tantum
1630 1326 1810 1369 autem
1843 1315 1930 1379 hi,
1958 1329 2048 1370 τοι

472 1418 591 1457 rum
619 1404 783 1458 etiam
815 1405 1052 1458 haeretici
1087 1406 1271 1474 procul
1303 1406 1371 1460 ab
1402 1406 1502 1459 hac
1531 1405 1869 1461 beatitudine
1897 1413 2043 1459 sunt.

469 1492 586 1548 Non
636 1498 781 1550 enim
827 1499 1112 1565 proferunt
1168 1514 1305 1551 nova
1361 1507 1414 1553 et
1463 1510 1677 1565 vetera;
1723 1515 1898 1569 neque
1932 1500 2046 1568 jam

469 1592 652 1636 vetera
681 1585 902 1652 habent,
961 1587 1188 1654 ideoque
1241 1602 1416 1657 neque
1476 1604 1631 1643 nova.
1685 1588 2046 1656 Quamobrem

468 1675 636 1744 igitur
667 1676 720 1731 bi
753 1677 844 1746 qui
876 1692 1013 1733 nova
1046 1695 1151 1732 non
1191 1681 1409 1745 habent,
1438 1690 1495 1734 et
1521 1677 1717 1745 Judaei,
1751 1696 1927 1749 neque
1954 1697 2047 1737 ve-

468 1773 584 1820 tera
628 1768 849 1835 habent,
885 1770 977 1823 sed
1022 1770 1265 1837 utrisque
1311 1772 1510 1840 privati
1556 1780 1705 1834 sunt,
1746 1774 1860 1827 haec
1901 1773 2044 1827 enim

469 1856 572 1913 sibi
614 1857 844 1929 invicem
888 1860 1134 1926 colligata
1176 1875 1303 1915 sunt
1358 1873 1412 1917 et
1452 1878 1714 1917 connexa.
1748 1863 2045 1920 Audiamus

470 1946 657 2016 igitur,
697 1948 1005 2017 quicunque
1043 1949 1328 2004 lectionem
1373 1950 1779 2020 Scripturarum
1824 1953 2047 2022 negligi-

472 2052 613 2101 nnts,
633 2037 792 2106 quale
817 2039 1072 2094 damnum
1096 2041 1386 2108 patiantur,
1410 2049 1666 2109 quantam
1692 2044 2004 2113 pauperiem
2028 2061 2042 2097 :

471 2142 578 2181 non
620 2130 762 2182 enim
810 2144 1035 2198 operum
1083 2131 1530 2199 gubernationem
1574 2133 1908 2201 accipimus.
1952 2133 2047 2201 qui

470 2219 610 2284 ipsas
628 2218 772 2288 leges
797 2221 994 2287 quibus
1023 2220 1357 2287 gubernandi
1389 2237 1577 2277 sumus
1613 2224 1907 2277 nescimus.
1936 2221 2048 2294 45

470 2304 570 2372 Qui
634 2323 763 2363 vero
829 2311 1022 2365 divites
1075 2322 1221 2376 sunt,
1291 2312 1511 2366 assidue
1569 2313 1890 2367 vestimenta
1950 2329 2047 2368 sua

470 2403 776 2465 excutiunt,
804 2416 870 2455 ue
898 2403 1164 2456 tinearum
1183 2417 1322 2457 esca:
1352 2404 1511 2469 tiam;
1541 2419 1640 2458 nos
1656 2413 1857 2469 autem,
1889 2406 2047 2461 tineis

471 2491 705 2559 peiorem
760 2492 1000 2547 videntes
1026 2494 1223 2549 animae
1250 2505 1447 2549 nostra:
1472 2496 1795 2551 oﬂicientem
1822 2498 2047 2552 oblivio-

473 2594 620 2646 nem,
648 2597 755 2635 non
782 2581 1083 2636 insistimus
1109 2584 1283 2651 libris,
1313 2600 1410 2653 per
1432 2601 1569 2655 quos
1593 2587 1774 2642 auitna
1802 2583 2046 2646 ornatur.

540 2767 683 2831 XIII,
720 2770 810 2825 54.
851 2768 923 2824 Et
951 2772 1154 2825 renisus
1181 2772 1235 2824 in
1262 2770 1490 2837 patriam
1523 2784 1697 2823 suam.

537 2860 821 2916 Civitatem
855 2879 1006 2915 suam
1045 2862 1368 2916 Nazaretum
1407 2876 1529 2915 esse
1581 2862 1804 2924 fatetur,
1855 2871 2043 2930 quate-

471 2968 573 3007 nus
629 2953 878 3007 videlicet
927 2953 1153 3007 deﬁnito
1199 2952 1251 3006 itt
1299 2967 1529 3021 corpore
1588 2961 1737 3018 erat,
1779 2962 1835 3006 et
1883 2968 2049 3006 carne

474 3044 847 3099 tantummodo
878 3044 1172 3107 lintitatus,
1211 3043 1256 3097 is
1308 3043 1398 3110 qui
1436 3045 1636 3111 alioqui
1687 3045 2047 3098 itnmensura—

471 3132 592 3186 bilis
616 3143 729 3187 erat
760 3133 921 3186 Deus.
947 3132 1078 3188 Nam
1107 3135 1235 3202 quia
1265 3133 1404 3188 Deus
1437 3133 1597 3187 simul
1629 3135 1898 3202 homoque
1930 3144 2036 3199 est,
2074 3172 2124 3238 ϐ

472 3224 632 3278 modo
658 3224 873 3293 quidem
904 3234 1174 3293 quatenus
1206 3222 1441 3278 Verbum
1469 3236 1551 3277 est
1581 3226 1647 3279 de
1686 3224 1848 3279 Patre
1891 3226 2046 3279 eil‘ul-

471 3329 624 3383 gens,
653 3326 802 3369 totus
844 3331 940 3370 ceu
971 3315 1183 3369 talisin
1237 3331 1404 3370 carne
1448 3330 1665 3385 quoque
1708 3318 2047 3387 intelligitur.

472 3405 726 3460 Vicissim
778 3406 1072 3475 aliquando
1099 3414 1369 3476 quatenus
1405 3423 1532 3462 caro
1556 3418 1641 3463 est
1663 3447 1678 3472 ,
1716 3412 1926 3464 etiamsi
1961 3427 2051 3464 na-

470 3498 722 3553 turaliter
761 3496 998 3553 Verbum
1024 3508 1146 3563 est,
1205 3508 1259 3553 et
1309 3500 1362 3553 in
1408 3515 1506 3554 sua
1567 3503 1803 3555 naturali
1849 3504 2047 3559 unione

476 3588 796 3652 consistens,
830 3604 925 3641 ceu
952 3589 996 3643 si
1031 3596 1174 3642 totus
1209 3590 1371 3643 homo
1404 3599 1569 3654 esset,
1601 3592 1829 3663 intelligi
1857 3592 2036 3648 solet:

473 3680 548 3734 ita
579 3688 638 3733 ut
670 3680 967 3734 divinitatis
991 3679 1154 3733 etiam
1202 3680 1462 3735 attributa
1509 3682 1833 3736 naturaliter
1875 3683 2046 3753 appli-

470 3779 663 3825 centur
685 3785 782 3825 ceu
816 3769 935 3825 sine
975 3785 1139 3825 carne
1178 3771 1467 3826 essistenti
1507 3773 1598 3841 qui
1623 3772 1675 3826 in
1720 3788 1886 3828 carus
1931 3782 2046 3841 est;

470 3862 818 3931 vicissimque
841 3862 1192 3917 humanitatis
1226 3864 1492 3919 attributa
1513 3866 1868 3936 assignentur
1890 3868 2046 3936 quasi

471 3953 667 4006 divinae
714 3962 922 4008 natura:
976 3954 1340 4023 proprietates
1373 3970 1482 4009 non
1522 3956 1743 4011 babenti
1770 3997 1786 4023 ,
1830 3958 2046 4012 etiamsi

473 4055 658 4095 revera
683 4039 821 4094 Deus
849 4052 1041 4110 suapte
1065 4052 1254 4098 natura
1268 4055 1373 4098 est.
1393 4044 1561 4114 Igitur
1575 4056 1843 4115 quatenus
1910 4049 2051 4103 Deus

472 4134 811 4203 intelligitur,
842 4134 1043 4189 nullum
1085 4136 1443 4204 requietionis
1470 4153 1583 4193 sua:
1613 4138 1793 4194 locum
1844 4139 2008 4195 habet
2031 4181 2048 4207 ,

471 4226 596 4294 quia
640 4226 796 4287 loco,
854 4227 1364 4297 circumscriptione
1392 4266 1408 4292 ,
1464 4245 1718 4285 mensura
1767 4231 2051 4303 ﬁguraque

471 4321 616 4374 omni
651 4321 917 4376 excelsior
963 4332 1067 4377 est.
1107 4321 1388 4388 Quatenus
1417 4331 1599 4377 autem
1633 4338 1788 4393 teque
1839 4341 1903 4379 ac
1952 4341 2077 4381 nos.

472 4411 634 4468 homo
674 4412 1021 4482 intelligitur,
1073 4429 1297 4483 prorsus
1352 4429 1473 4467 cum
1526 4427 1691 4468 carne
1746 4430 1844 4471 sua
1896 4427 1952 4470 et
1995 4416 2047 4470 in

471 4501 607 4556 locis
629 4513 735 4566 est,
764 4512 820 4557 et
850 4505 1126 4572 propriam
1151 4504 1431 4559 civitatem
1466 4505 1723 4561 habuisse
1751 4508 1974 4563 dicitur.

542 4590 682 4657 XIV,
716 4593 803 4648 15.
840 4593 1054 4649 Dimitte
1082 4594 1284 4649 turbas.

538 4684 676 4752 Quid
706 4685 833 4739 illttd
862 4686 1067 4741 dimitte
1094 4690 1185 4751 sit,
1214 4688 1499 4758 diligenter
1523 4689 1884 4760 iuquiramus.
1914 4691 2045 4758 Qui-

469 4778 592 4829 datu
625 4778 769 4830 enim
805 4788 990 4831 eorum
1022 4778 1116 4847 qui
1149 4777 1423 4833 Christum
1457 4782 1826 4847 sequebantur
1852 4795 1906 4838 et
1938 4787 2044 4840 sub

471 4869 837 4937 improborum
876 4881 1159 4938 parentum
1196 4871 1520 4926 tenebantur
1550 4882 1837 4942 potestate,
1874 4875 1942 4929 ab
1978 4877 2043 4932 iis

472 4959 688 5014 liberari
730 4961 1024 5029 rogabant;
1062 4960 1149 5014 alii
1202 4977 1330 5017 vero
1369 4961 1440 5017 ab
1473 4964 1596 5019 aliis
1639 4964 2044 5023 inﬁrmitatibus

537 5144 585 5180 ³⁸
609 5140 798 5199 Matth.
828 5161 983 5210 uin,
1010 5145 1100 5199 54.

568 5300 615 5365 1)
657 5300 844 5355 Πόλιν
873 5328 941 5339 -
969 5296 1316 5366 ἐσχηκέναι.
1358 5295 1460 5350 Mai
1510 5291 1575 5353 Β.
1621 5292 1691 5349 Ν.
1726 5294 1789 5359 ll,
1822 5313 1874 5366 p.
1913 5294 2040 5350 480.

568 5306 615 5365 1)
657 5306 844 5355 Πόλιν
873 5328 941 5339 -
969 5306 1316 5366 ἐσχηκέναι.
1358 5306 1460 5350 Mat
1510 5306 1575 5353 Β.
1621 5306 1691 5349 Ν.
1726 5306 1789 5359 ll,
1822 5313 1874 5366 p.
1913 5306 2040 5350 480.

540 5306 619 5440 ἱῖ)
647 5369 927 5440 Ταυτότης
956 5368 1056 5421 hoc
1090 5368 1206 5420 loco
1242 5367 1451 5440 nonnisi
1486 5366 1551 5440 de
1598 5366 1849 5440 duaruttr
1883 5374 2044 5440 natu-

473 5435 652 5493 rarum
686 5442 786 5494 sub
825 5435 982 5491 unica
1043 5451 1270 5503 persona
1307 5436 1635 5489 adunatione
1683 5435 1907 5501 intelligi
1953 5449 2045 5503 po-

475 5516 600 5571 test,
630 5524 749 5563 cum
785 5510 994 5562 centies
1014 5506 1141 5559 alibi
1179 5506 1461 5571 utriusque
1490 5506 1543 5558 in
1583 5504 2046 5571 Cltristoinaturze

475 5581 941 5657 conservationem
986 5575 1226 5657 Erillus.
1289 5570 1664 5657 aﬂirtnaverit.
1716 5570 2043 5657 Allulustnodi

477 5646 679 5701 dictum
706 5646 847 5698 aliud
876 5641 1059 5708 Cyrilli
1097 5644 1309 5699 celebre
1351 5643 1453 5697 fuit
1492 5644 1543 5695 in
1585 5656 1671 5708 ep.
1706 5641 1773 5693 ad
1805 5642 2047 5695 Succen-

479 5731 598 5769 sutn
631 5734 645 5769 :
676 5730 783 5769 una
804 5725 878 5767 est
912 5712 1011 5768 Dei
1041 5712 1192 5768 Verbi
1222 5715 1503 5769 incantata
1542 5720 1753 5763 natura.
1791 5712 2043 5767 Attamen

478 5784 729 5842 vocabuli
764 5781 922 5856 hujus
950 5783 1219 5855 ταυτότης
1248 5797 1436 5843 causa.
1481 5787 1611 5850 puto
1642 5778 2045 5852 Monophysitas

1449 383 1508 436 8.
1550 380 1821 438 CYRlLLl
1863 374 2328 434 ALEXANDRINI
2364 374 2687 431 ARCHlEP.

357 538 364 545 -
466 503 723 575 guitiouis
757 500 860 556 sibi
897 498 1131 570 reponit.
1168 496 1292 554 Ideo
1314 497 1502 553 beatos
1538 498 1669 552 dicit
1690 497 2047 566 comprehen-

2151 489 2399 558 γνώσεως
2423 489 2605 559 ἑαυτῷ
2629 488 2797 542 arma!
2808 502 2985 559 μενος.
3007 480 3100 538 Διὸ
3131 482 3427 556 μακαρίζει
3454 483 3581 545 τοὺς
3611 499 3734 538 συν-

355 612 361 621 '
468 600 658 650 dentes
697 595 750 648 in
793 607 851 647 se
891 593 1115 661 legalem
1160 600 1213 645 et
1257 592 1627 660 evangelieam
1668 590 2041 659 disciplinam,

3632 365 3738 424 416

2149 583 2470 650 ενεγκόντας
2498 583 2555 635 ὲν
2590 583 2803 643 ἑαυτοῖς
2832 579 3062 649 νομικὴν
3096 576 3347 631 παιδείαν
3379 576 3471 629 καὶ
3501 575 3736 644 εὐαγγε-

2148 675 2325 743 tam,
2359 674 2497 727 ὥστε
2540 672 2821 727 ἐκϐάλλειν
2849 673 2913 725 ὲκ
2940 669 3034 723 τοῦ
3061 667 3341 740 θησαυροῦ
3381 668 3479 720 νέα
3505 668 3598 719 καὶ
3631 684 3737 719 πα-

2148 764 2275 818 λαιά
2294 783 2307 796 ο
2352 764 2537 827 καθὼς
2582 764 2678 816 καὶ
2719 760 2953 833 ἀλλαχοῦ
2985 778 3149 832 φησιν
3173 778 3189 791 ο
3230 778 3248 811 ι
3270 757 3580 812 Ἀποστελῶ
3610 758 3738 827 ὑμῖν

2152 859 2348 925 σοφῶς
2383 858 2477 910 καὶ
2508 855 2895 925 γραμματὲας.
2929 872 2948 904 ι
2982 850 3136 913 Εἶδες
3175 852 3293 914 πῶς
3337 853 3437 904 οὐκ
3487 849 3737 903 ὲκὸάλλει

2147 948 2245 1018 τὴν
2282 948 2546 1011 Παλαιὰν,
2575 946 2709 1001 ἀλλὰ
2740 948 2834 999 καὶ
2863 945 3224 1016 ἐγκωμιάζει,
3257 942 3528 1013 θησαυρὸν
3568 942 3739 1011 αὐτὴν

2148 1039 2363 1104 καλῶνς
2397 1040 2558 1091 Ὥστε
2594 1039 2709 1091 ὅσοι
2736 1037 2846 1090 τῶν
2877 1036 3039 1090 θείων
3071 1037 3207 1088 ειτὶν
3239 1033 3454 1104 ἄπειροι
3482 1030 3736 1103 Γραφῶν,

2146 1132 2248 1184 οὐκ
2293 1130 2358 1184 ἂν
2403 1127 2513 1182 εἷεν
2553 1129 2952 1189 οἱκοδεσπόται,
2987 1128 3108 1180 οὐδὲ
3153 1126 3418 1190 πλούσιοι,
3450 1126 3563 1179 ὅσοι
3599 1125 3738 1194 μήτε

2148 1222 2303 1274 αὐτοὶ
2350 1220 2532 1291 ἔχουσι
2579 1221 2716 1291 μήτε
2768 1219 2898 1289 παρ’
2928 1218 3130 1287 ἐτέρων
3175 1217 3569 1288 λαμϐάνουσιν,
3602 1215 3738 1269 ἀλλὰ

2148 1311 2476 1383 περιορῶσιν
2514 1313 2737 1376 ἑαυτοὺς
2768 1310 2911 1381 λιμῷ
2943 1309 3359 1380 φθειρομένους
3392 1309 3488 1379 οὐχ
3515 1303 3660 1362 οὗτοι
3681 1307 3740 1361 δὶ

2151 1404 2333 1475 μόνον,
2366 1402 2503 1455 ἀλλὰ
2537 1403 2631 1457 κα)⁵
2668 1404 2715 1455 οἱ
2746 1400 3013 1472 αἱρετικολ
3049 1400 3207 1463 ἐκτός
3236 1400 3340 1452 εἰσι
3370 1398 3464 1452 τοῦ
3497 1414 3738 1469 μακαρι-

2149 1492 2289 1564 σμοῦ
2330 1492 2541 1546 τούτου.
2573 1491 2649 1545 Οὐ
2680 1490 2789 1560 γὰρ
2818 1489 3140 1543 ἐκϐάλλουσι
3171 1488 3335 1542 καινὰ
3364 1487 3459 1540 καὶ
3487 1486 3697 1540 παλαιά
3717 1501 3734 1518 ο

2146 1584 2267 1638 οὐδὲ
2311 1584 2421 1654 γὰρ
2475 1583 2657 1652 ἔχουσι
2706 1582 2776 1634 τὰ
2822 1581 3049 1644 παλαιὰ,
3101 1580 3182 1632 διὸ
3234 1580 3329 1633 καὶ
3380 1579 3502 1632 οὐδὲ
3552 1578 3735 1633 καινά.

2151 1676 2360 1746 Ὠσπερ
2396 1671 2491 1729 οὖν
2532 1675 2581 1727 οἱ
2614 1673 2778 1728 καινά
2813 1673 2916 1727 οὐκ
2941 1672 3177 1741 ἔχοντες,
3208 1672 3285 1734 ὡς
3322 1670 3583 1733 Ἰουδαῖοι,
3616 1669 3737 1721 aiat

2149 1768 2357 1822 παλαιά
2413 1766 2653 1837 ἔχουσιν,
2701 1764 2817 1820 ἀλλ’
2849 1765 3127 1835 ἑκατέρων
3173 1763 3518 1834 ἐστέρηνται.
3551 1760 3738 1816 Ταῦτα

2152 1858 2262 1929 γάρ
2288 1857 2539 1925 ἀλληλοις
2581 1856 2885 1910 συνδέδεται
2924 1855 3019 1908 καὶ
3053 1853 3734 1925 συμπλέκεται.Ἀκούσω-

2156 1968 2255 2020 μεν
2296 1951 2477 2004 τοίνυν
2524 1952 2638 2003 ὅσοι
2685 1950 2785 2021 τῆς
2813 1948 3170 2017 ἀναγνώσεως
3199 1948 3305 2001 τῶν
3338 1947 3569 2018 Γραφῶν
3601 1948 3739 2017 ἀμε-

2152 2041 2372 2112 λοῦμεν,
2407 2042 2538 2111 ὅσην
2588 2041 2936 2110 ὑπομένομεν
2987 2038 3214 2109 βλάϐην,
3248 2040 3380 2108 ὅσην
3427 2038 3648 2091 πενίαν·
3674 2037 3737 2089 οὗ

2154 2135 2264 2203 γάρ
2294 2150 2425 2187 ποτε
2453 2133 2553 2203 τῆς
2574 2132 2663 2187 διὰ
2690 2132 2801 2186 τῶν
2829 2131 3007 2202 ἔργων
3035 2130 3410 2200 ἑπιλαὸόμεθα
3442 2128 3735 2191 πολιτείας,

2154 2228 2204 2279 οἱ
2247 2226 2382 2295 μηδὲ
2427 2226 2627 2288 αὐτοὺς
2662 2226 2791 2288 τοὺς
2821 2224 3023 2295 νόμους
3066 2223 3268 2286 ειδότες
3312 2222 3429 2275 καθ’
3456 2219 3551 2285 οὒς
3588 2221 3740 2274 πολι-

2153 2315 2406 2369 τεύεσθαι
2474 2317 2615 2387 χρή·
2667 2315 2783 2369 ἀλλ’
2824 2317 2871 2368 oi
2929 2315 3025 2384 μὲν
3085 2313 3442 2377 πλουτοῦντες
3502 2312 3740 2383 συνεχῶς

2153 2407 2495 2461 τινάστουσιν
2544 2404 2723 2458 αὐτῶν
2769 2404 2839 2458 τὰ
2884 2404 3095 2473 ἱμάτια,
3126 2404 3267 2457 ὥστε
3300 2403 3373 2471 μὴ
3419 2403 3739 2473 σητόϐρωτα

2153 2498 2421 2567 γενεσθαι.
2440 2498 2630 2567 Ἡμεῖς
2674 2495 2733 2550 δὲ
2780 2496 2943 2567 σητδς
2987 2494 3370 2565 χαλεπώτερον
3408 2494 3641 2565 ὁρῶντες
3669 2496 3737 2564 τῇ

2153 2590 2293 2662 λήθῃ
2323 2588 2726 2659 λυμαινομένην
2767 2589 2925 2658 ἡμῶν
2967 2591 3068 2658 τὴν
3114 2586 3315 2656 ψυχὴν,
3345 2586 3445 2639 οὐκ
3471 2585 3740 2655 ἐντυγχά-

2155 2696 2319 2751 νομεν
2355 2679 2582 2749 βιϐλίοις
2606 2678 2674 2732 δι’
2703 2671 2778 2731 ὧν
2812 2677 3213 2741 καλλωπίζεται
3247 2678 3280 2748 ἡ
3308 2677 3480 2748 ψυχή.

2224 2769 2337 2823 Kal
2365 2769 2560 2824 ἐλθὼν
2598 2772 2686 2835 εὶς
2731 2770 2845 2837 τὴν
2884 2768 3139 2836 πατρίδα
3170 2767 3379 2822 αὑτοῦ.

2226 2863 2386 2915 Πόλιν
2423 2862 2500 2931 (1)
2529 2861 2587 2914 δὲ
2636 2860 2843 2913 οἰκείαν
2887 2860 3141 2929 ὁμολογεῖ
3194 2859 3294 2929 τὴν
3347 2858 3624 2928 Ναζαρὲτ,
3663 2856 3741 2919 ὡς

2156 2953 2551 3022 πεποσωμένος
2582 2953 2673 3005 διὰ
2702 2950 2765 3005 τὸ
2795 2951 3089 3022 adiuuant
3108 2951 3195 3003 διὰ
3230 2950 3396 3020 μόνην
3425 2950 3524 3017 τὴν
3557 2950 3738 3019 σάρκα

2157 3044 2529 3115 μετρούμενος
2560 3083 2575 3107 ,
2605 3042 2785 3098 καίτοι
2832 3041 2971 3095 κατὰ
3005 3041 3167 3110 φύσιν
3201 3041 3506 3111 ἀμέτρητος
3556 3038 3633 3092 ὢν
3664 3038 3741 3103 ὥς

2155 3136 2313 3200 Θεός·
2343 3136 2531 3205 ἐπειδὴ
2582 3134 2693 3206 γὰρ
2743 3135 2801 3186 ἐν
2851 3132 3036 3202 ταυτῷ
3086 3131 3222 3195 Θεός
3267 3131 3326 3184 τέ
3358 3133 3473 3184 ἐστι
3515 3131 3610 3185 καὶ
3650 3131 3744 3185 ἄν·

2153 3227 2392 3299 θρωπος,
2424 3226 2556 3281 ποτὲ
2597 3225 2696 3296 μὲν
2800 3225 2973 3294 Λόγος
3004 3225 3153 3276 ἐστὶν
3171 3225 3236 3275 ὲκ
3259 3222 3476 3293 Πατρὸς
3505 3222 3742 3292 άναλάμ·

2151 3318 2278 3389 ψας,
2312 3318 2431 3381 ὅλος
2479 3317 2556 3379 ὡς
2591 3315 2752 3369 τοῦτο
2793 3315 3057 3386 ὑπάρχων
3088 3315 3291 3367 νοεῖται
3321 3313 3461 3383 μετὰ
3498 3312 3698 3383 σαρκός
3721 3326 3740 3344 ο

2152 3411 2284 3464 ποτὲ
2331 3409 2387 3463 δὲ
2434 3400 2665 3480 πάλινῇ
2720 3406 2946 3475 γέγονεν
2981 3405 3139 3481 σὰρξ,
3188 3405 3368 3458 καίτοι
3396 3403 3539 3457 κατὰ
3578 3403 3741 3471 φύσιν

2152 3501 2416 3570 ὑπάρχων
2441 3497 2635 3566 Λόγος,
2675 3498 2771 3550 καὶ
2797 3497 2854 3548 ὲν
2882 3494 3176 3563 ταυτότητι
3216 3494 3293 3563 (2)
3329 3494 3430 3561 τῆς
3471 3492 3607 3556 ἰδίας
3642 3490 3744 3559 φύ-

2152 3610 2292 3655 σεως
2336 3588 2725 3662 ἐρηρεισμένος
2753 3627 2769 3653 ,
2799 3591 2999 3641 νοεῖται
3044 3586 3208 3640 πάλιν
3243 3585 3320 3649 ὡς
3363 3585 3482 3647 ὅλος
3515 3583 3593 3636 ὣν
3642 3585 3740 3638 ἂν·

2152 3682 2371 3754 θρωπος
2392 3699 2405 3713 ο
2435 3681 2512 3745 ὡς
2544 3682 2638 3735 κα).
2671 3681 2796 3743 τοὺς
2819 3679 2917 3750 τῆς
2946 3679 3201 3748 θεότητος
3234 3677 3383 3748 αὐτῷ
3412 3677 3552 3731 κατὰ
3577 3676 3741 3746 φύσιν

2151 3772 2547 3845 ἐναρμόζεσθαι
2571 3772 2767 3841 λόγους
2787 3810 2801 3834 ,
2833 3770 2912 3834 ὼς
2944 3770 3179 3840 ἀσάρκῳ
3209 3769 3347 3839 μετά
3380 3767 3616 3841 σαρκός·
3645 3769 3742 3822 mi.

2150 3866 2278 3929 τοὺς
2308 3866 2409 3936 τῆς
2438 3863 2882 3935 άνθρωπότητος,
2930 3861 3006 3923 ὡς
3034 3862 3138 3914 οὐκ
3183 3861 3363 3931 ἔχοντι
3404 3861 3547 3914 κατὰ
3575 3861 3743 3929 φύσιν

2151 3957 2219 4010 τὰ
2249 3956 2351 4026 τῆς
2384 3954 2639 4026 θεότητος
2668 3954 2798 4017 ίδια,
2823 3954 2919 4006 καὶ
2952 3955 2998 4006 εί
3028 3952 3160 4016 Θεὸς
3188 3955 3331 4006 κατὰ
3358 3951 3520 4022 φύσιν
3549 3952 3697 4006 ἐστίν
3721 3970 3738 3985 ο

2150 4040 2403 4119 οὺκοῦνῇ
2433 4046 2535 4118 μὲν
2565 4048 2766 4101 νοεῖται
2804 4045 2956 4109 Θεὸς,
2987 4044 3176 4098 οὐδένα
3204 4044 3305 4115 τῆς
3334 4044 3739 4109 καταπαύσεως

2151 4139 2262 4211 ἔχει
2290 4138 2455 4193 τόπον
2474 4155 2487 4168 ·
2520 4138 2779 4208 ἀνωτέρω
2803 4137 2910 4206 γὰρ
2941 4137 3110 4192 τόπου
3151 4137 3245 4191 καὶ
3274 4135 3621 4206 περιγραφῆς
3644 4138 3741 4190 καὶ

2154 4233 2353 4304 μέτρου
2401 4234 2492 4286 καὶ
2555 4232 2832 4302 σχήματος
2855 4246 2869 4261 ’
2973 4228 3031 4283 δὲ
3068 4232 3271 4283 νοεῖται
3300 4228 3424 4282 καθ’
3460 4229 3608 4300 ἡμᾶς
3639 4229 3738 4283 ἆν-

2151 4326 2391 4396 θρωπος,
2429 4323 2591 4394 δῆλον
2612 4324 2696 4376 ὅτι
2735 4321 2874 4393 μετὰ
2933 4321 3136 4392 σαρκὸς
3166 4322 3261 4374 καὶ
3288 4322 3346 4373 ὲν
3374 4322 3560 4384 τόποις
3597 4322 3737 4386 ἐστὶ,

2151 4418 2251 4470 καὶ
2284 4416 2439 4470 πόλιν
2487 4414 2623 4468 ίδίαν
2659 4412 2955 4485 ἐσχηκέναι
2988 4411 3207 4481 λέγεται
3249 4411 3346 4483 (5).

2233 4599 2570 4653 Ἀπόλυσον
2600 4596 2743 4663 τοὺς
2775 4595 3023 4664 ὄχλους.

2222 4690 2288 4743 Τί
2332 4691 2394 4742 τδ
2424 4690 2743 4745 ἀπόλυσον
2781 4685 2951 4753 ἐστὶν,
2984 4683 3328 4755 ἐξετάσωμεν
3370 4682 3637 4757 ἀκριϐῶς.
3670 4688 3738 4740 οι

2153 4783 2253 4855 μὲν
2284 4783 2395 4836 τῶν
2418 4779 2855 4835 ἀκολουθούντων
2880 4778 2958 4849 τῷ
2991 4774 3237 4848 Χριστῷ,
3275 4777 3531 4848 πονηρῶν
3571 4778 3741 4830 πατέ-

2153 4892 2262 4947 ρων
2288 4874 2619 4945 συνεχόντων
2645 4873 2860 4937 αὐτοὺς,
2883 4867 3324 4925 ἀπαλλάττεσθαι
3345 4868 3693 4938 παρεκάλουν
3719 4887 3732 4901 σ

2148 4968 2195 5020 oi
2233 4964 2292 5018 δὲ
2323 4964 2420 5019 καὶ
2458 4963 2659 5037 ἐτέρων
2698 4960 3151 5036 ἀρρωστημάτων
3181 4958 3410 5031 ἐζήτουν
3448 4956 3735 5015 ἀπόθεσιν.

2150 5296 2294 5379 inter
2327 5309 2424 5351 sua
2466 5310 2532 5353 ex
2582 5295 2788 5368 Cyrillo
2835 5307 3087 5368 excerpta
3140 5299 3244 5354 hoc
3292 5301 3456 5355 etiam
3502 5299 3738 5356 colloca-

2153 5380 2314 5420 νιεεθ.

2223 5436 2304 5508 (5)
2340 5434 2899 5508 Admiremttr_adhttc
2939 5437 2994 5492 in
3029 5437 3130 5508 hoc
3162 5438 3379 5508 egregio
3432 5438 3737 5506 fragmento

2153 5506 2391 5575 studium
2426 5504 2610 5575 Cyrilli
2658 5505 2987 5560 adiuuandae
3034 5504 3445 5561 Verbi'deitatis
3494 5504 3731 5561 aiternte.

2152 5573 2300 5628 Tulit
2329 5573 2515 5641 utique
2555 5576 2878 5629 Alexandria
2923 5577 3150 5641 Arium;
3184 5576 3276 5630 sed
3319 5577 3445 5629 huic
3484 5578 3734 5644 opposuit

2152 5645 2333 5714 divina
2371 5645 2712 5714 providentia
2756 5660 2821 5698 ex
2851 5645 2966 5714 ipsa
2999 5646 3132 5698 urbe
3150 5644 3512 5698 Alexandrina
3545 5645 3733 5699 trimu-

2152 5713 2341 5783 pbales
2356 5713 2743 5784 debellatores,
2762 5713 2976 5769 Petrum
3006 5725 3321 5784 martyrem,
3342 5714 3727 5784 Alexandrum,

2155 5785 2241 5855 (de
2273 5798 2382 5854 quo
2416 5798 2514 5838 nos
2548 5783 2778 5855 postea),
2816 5783 3199 5850 Athanasium,
3236 5783 3516 5853 Cyrillum.
