4146 6478
469 314 569 367 Μ’)

1531 310 1587 366 S.
1628 307 1903 366 CYRlLLl
1944 305 2413 363 ALEXANDBINI
2453 306 2771 363 ARCHIEP.

3632 308 3736 365 εεο

472 434 538 488 ad
580 445 882 502 vesperam,
910 441 967 486 ut
1003 431 1256 487 ostendat
1294 444 1397 485 non
1444 428 1603 483 facile
1644 427 1860 481 tzdium
1908 424 2048 479 illius

2154 424 2412 495 ἑσπέρας,
2445 424 2531 476 (va
2568 420 2719 493 δείξῃ
2755 421 2836 475 δτι
2876 422 2938 475 οὐ
2981 422 3086 494 χρὴ
3120 422 3399 494 ἀψικόρως
3438 423 3582 494 ἐχειν
3611 429 3738 497 περὶ

474 539 573 577 nos
607 524 788 576 subire
849 523 1071 586 debere,
1102 522 1194 576 sed
1229 518 1650 587 exspectandum
1686 531 1823 580 esse,
1854 530 1917 569 ac
1941 514 2048 569 lon-

475 614 840 680 gauimitatem
861 612 1258 666 exhibendam:
1292 611 1381 665 hic
1425 610 1642 677 quidem
1678 608 1839 677 igitur
1867 620 2051 660 ascen-

475 704 572 763 dit,
602 702 784 769 ibique
816 702 1013 755 oravit.
1056 702 1309 769 Discipuli
1366 715 1496 753 vero
1534 698 1731 751 iterum
1774 697 2051 766 jactantur

474 791 727 846 ﬂuctibus
756 807 819 847 ac
846 793 1080 846 hiemem
1134 792 1279 845 velut
1319 801 1446 846 anle
1496 792 1781 851 sustinent,
1806 789 1899 842 sed
1925 798 2050 841 tunc

472 882 691 949 quidem
720 897 842 935 cum
869 882 1041 951 ipsum
1076 884 1336 935 haberent
1376 882 1428 934 in
1463 881 1605 943 navi,
1634 881 1684 932 id
1730 879 1872 947 passi
1900 888 2047 939 sunt,

477 987 618 1025 nunc
649 988 834 1026 secum
886 973 1216 1026 exsistentes
1248 973 1385 1037 soli;
1416 971 1643 1025 seorsim
1679 971 1822 1024 enim
1862 969 2050 1038 paula-

476 1063 571 1115 tim
599 1064 663 1116 ad
722 1064 927 1131 majora
968 1078 1063 1117 eos
1118 1065 1363 1131 perducit
1412 1063 1727 1129 animatque
1780 1070 1840 1114 ut
1889 1074 2051 1130 gene-

478 1172 600 1212 roso
654 1156 835 1209 animo
884 1157 1063 1209 omnia
1129 1154 1370 1223 perferre
1437 1155 1668 1208 discant.
1736 1150 2047 1220 Propterea,

472 1262 593 1303 eum
627 1249 803 1317 prium
837 1248 1055 1317 quidem
1095 1246 1553 1316 periclitarentur,
1585 1244 1773 1296 aderat
1809 1241 2047 1310 quidem,

473 1340 568 1393 sed
623 1338 945 1401 dormiebat,
977 1338 1112 1392 adeo
1159 1347 1217 1390 ut
1263 1346 1484 1406 paratus
1532 1335 1755 1387 minime
1805 1341 1949 1387 esset
1983 1331 2050 1385 ad

475 1430 753 1485 ferendum
789 1430 899 1485 illis
938 1429 1215 1483 solatium.
1255 1426 1406 1480 Nunc
1442 1440 1569 1481 vero
1610 1425 1675 1479 ad
1724 1425 1926 1491 majora
1955 1437 2050 1477 eos

479 1524 703 1581 ducens,
744 1536 810 1575 ne
873 1520 970 1575 hoc
1031 1520 1245 1589 quidem
1306 1529 1546 1586 prastat,
1601 1516 1854 1577 sedabit,
1899 1523 1952 1568 et
1997 1514 2050 1566 in

477 1612 651 1665 medio
679 1612 812 1663 mari
842 1610 1111 1678 permittit
1158 1610 1391 1663 hiemem
1446 1622 1763 1678 exsurgere,
1806 1616 1861 1659 ut
1912 1604 2053 1657 unde

471 1715 623 1770 spem
641 1700 1237 1769 salutisexspectarent,
1260 1699 1368 1768 50
1386 1714 1489 1753 non
1517 1699 1812 1762 haberent;
1849 1711 1913 1749 ac
1941 1704 2051 1748 tota

2157 515 2346 576 αὑτοῦ,
2393 514 2506 567 ἀλλ’
2535 514 2849 585 ὑπομένειν,
2896 514 2994 568 καὶ
3040 514 3418 585 μακροθυμίαν
3473 515 3737 569 ἐνδείκνυο

2158 604 2282 659 σθαι
2318 605 2490 676 (l).'U
2518 605 2616 675 μέν
2650 601 2745 657 οὖν
2776 605 3063 658 ἀνέϐαινεν
3112 605 3308 669 ἐκεῖσε,
3354 605 3447 658 καὶ
3500 604 3739 675 προσηύ-

2156 710 2302 767 χετο⁶
2330 696 2380 749 οἱ
2410 696 2466 749 δέ
2492 694 2732 766 μαθηταὶ
2758 696 3175 760 κλυδωνίζονται
3201 696 3365 748 πάλιν
3385 696 3477 749 καὶ
3493 697 3740 766 χειμῶνα

2158 788 2523 856 ὑπομένουσιν
2547 782 2658 840 οἷον
2686 789 2780 839 καὶ⁵
2810 787 3095 856 πρότερον.
3116 787 3277 840 Ἀλλά
3306 787 3429 840 τότε
3458 787 3557 857 μὲν
3587 787 3738 857 έχον-

2155 896 2245 943 τες
2276 880 2439 931 αὐτὸν
2465 880 2523 932 ἐν
2550 878 2629 949 τῷ
2656 878 2828 948 πλοίῳ
2867 877 3027 932 τοῦτο
3070 878 3336 948 ἔπασχον,
3367 874 3485 931 νυνί
3522 879 3579 931 δέ
3606 879 3741 931 καθ’

2158 972 2383 1035 ἑαυτοὺς
2410 972 2562 1034 ὅντες
2592 972 2762 1041 μόνοι.
2785 972 2894 1025 Καὶ
2913 971 3023 1042 γάρ
3045 973 3230 1042 ἠρέμα
3258 973 3349 1024 καὶ
3374 971 3515 1024 κατά
3545 970 3739 1041 μικρὸν

2157 1063 2247 1115 ἐπὶ
2280 1064 2346 1116 τά
2378 1063 2600 1133 μείζονα
2630 1064 2828 1125 αὐτοὺς
2859 1064 3070 1131 ἀνάγει,
3110 1065 3204 1115 καὶ
3234 1062 3521 1131 ἐμϐιϐάζει
3562 1064 3642 1125 είς
3680 1061 3740 1115 τὸ

2158 1155 2345 1224 φέρειν
2371 1155 2549 1208 πάντα
2582 1156 2843 1221 γενναίως
2865 1172 2877 1185 ·
2913 1155 2999 1207 διά
3032 1156 3097 1227 δὴ
3126 1155 3305 1219 τοῦτο,
3329 1157 3417 1208 ὅτε
3453 1154 3555 1225 μὲν
3587 1155 3737 1226 πρῶ-

2156 1262 2248 1297 τον
2278 1244 2610 1298 κινδυνεύειν
2642 1244 2887 1313 ἔμελλον,
2916 1244 3098 1315 παρῆν
3123 1244 3240 1314 μὲν,
3274 1245 3532 1299 ἐκάθευδε
3565 1244 3643 1306 δέ,
3663 1244 3739 1305 ὡς

2162 1336 2236 1405 μὴ
2275 1336 2493 1405 ἕτοιμος
2533 1335 2719 1389 δοῦναι
2760 1336 2859 1407 τὴν
2905 1336 3256 1405 παραμυθίαν
3282 1338 3498 1399 αὐτοῖς·
3536 1338 3656 1390 νυνὶ
3681 1336 3738 1388 δέ

2159 1429 2249 1479 ἐπὶ
2282 1426 2503 1497 μείζονα
2531 1428 2679 1495 ἄγων
2702 1428 2899 1491 αὐτοὺς
2922 1428 3221 1499 ὑπομονὴν,
3243 1429 3364 1481 οὐδέ
3390 1427 3548 1480 τοῦτο
3567 1443 3579 1456 ⁸
3610 1427 3739 1482 ἀλλ’

2159 1520 2345 1573 ἄπεισι
2378 1518 2471 1571 καὶ
2505 1519 2563 1570 ἐν
2606 1519 2743 1588 μέσῃ
2785 1517 3025 1589 Θαλάσσῃ
3056 1522 3332 1590 συγχωρεῖ
3362 1518 3451 1571 τὸν
3493 1519 3737 1589 χειμῶνα

2158 1609 2523 1680 διεγερθῆναι,
2555 1610 2695 1663 ὥστε
2743 1609 2877 1679 μηδέ
2925 1610 3292 1680 προσδοκῆσαί
3339 1611 3500 1663 ποθεν
3545 1610 3738 1664 ἐλπίδα

2161 1702 2457 1769 σωτηρίας,
2491 1702 2586 1753 καὶ
2629 1701 2760 1769 ὃλην
2786 1701 2885 1771 τὴν
2914 1701 3084 1755 νύκτα
3125 1700 3351 1772 ἀφίησιν
3381 1702 3578 1766 αὐτοὺς
3609 1701 3736 1756 κλυ-

475 1804 633 1849 nocte
680 1808 775 1848 eos
808 1793 1002 1862 jactari
1029 1792 1180 1852 sinit,
1210 1799 1566 1854 excaecatum,
1592 1800 1650 1843 ut
1697 1804 1797 1857 ego
1833 1788 2047 1856 quidem

2153 1791 2338 1854 δωνίζε
2353 1791 2490 1855 σθαι,
2521 1791 2804 1861 διεγείρων
2834 1792 3037 1858 αὐτῶν,
3064 1792 3140 1855 ὡς
3181 1787 3356 1863 οἶμαι.
3388 1794 3736 1863 πεπωρωμέ-

473 1883 731 1947 arbitror,
780 1896 969 1937 eormn
1034 1896 1129 1935 cor
1196 1882 1564 1935 excitanszut
1619 1887 1769 1932 tanto
1837 1878 2045 1936 timore,

474 1990 632 2041 quem
664 1982 718 2027 ct
758 1982 968 2041 tempus
1021 1982 1072 2026 et
1124 1981 1416 2041 tempestas
1472 1970 1759 2031 faciebant,
1789 1967 2052 2038 perculsis

473 2064 644 2133 majus
683 2065 763 2119 sui
803 2063 1136 2118 desiderium
1185 2079 1247 2116 ac
1305 2062 1601 2116 ﬁrmiorem
1672 2070 1727 2115 et
1777 2060 2048 2114 assiduam

474 2158 789 2212 memoriam
844 2157 1219 2227 conciperent.
1272 2156 1396 2210 Ideo
1448 2172 1555 2209 non
1584 2155 1767 2210 statim
1820 2156 1901 2209 eis
1949 2154 2047 2208 ad-

471 2251 632 2305 stitit.

539 2339 679 2407 XIV,
718 2340 809 2396 27.
844 2340 1131 2411 Conﬁdite,
1156 2357 1248 2412 ego
1277 2358 1414 2395 sum.

542 2432 761 2496 Dicens,
800 2453 818 2484 ε
851 2433 1137 2499 Conﬁditc,
1180 2452 1198 2483 ι
1233 2433 1392 2487 ﬁdem
1419 2431 1616 2500 repetit
1642 2445 1737 2500 per
1756 2444 1917 2499 quam
1944 2428 2050 2483 sal-

473 2534 630 2577 vatur
660 2524 1033 2591 unusquisque
1058 2523 1109 2575 in
1140 2522 1415 2576 Christum
1441 2522 1653 2575 sincere
1680 2519 2047 2582 credentium;

472 2615 675 2669 addens
720 2630 866 2679 vero,
922 2633 939 2665 ι
970 2613 1079 2682 Ego
1133 2628 1275 2679 sum,
1310 2632 1331 2664 ε
1386 2628 1602 2667 omnem
1646 2613 1894 2665 timorem
1943 2610 2050 2664 sol-

470 2707 546 2760 vit
581 2724 594 2759 :
628 2705 737 2775 Ego
767 2706 911 2759 enim
934 2746 948 2771 ,
984 2705 1177 2773 inquit,
1202 2720 1344 2769 sum,
1374 2718 1473 2772 ego
1508 2704 1599 2773 qui
1624 2703 1801 2757 omnia
1832 2717 2047 2771 possunt

470 2797 671 2850 facere.

546 2888 646 2959 51
694 2886 809 2954 XV,
844 2888 897 2942 7.
932 2886 1156 2941 lrritum
1207 2886 1403 2955 [ecistis
1450 2884 1756 2939 mandatum
1794 2882 1886 2936 Dei
1923 2899 2048 2950 pro-

467 2988 580 3047 pter
603 2981 939 3031 traditionem
986 2990 1231 3031 vestram.

567 3072 929 3125 Accesserunt
995 3071 1213 3139 quidam
1271 3067 1579 3123 Judaorum
1627 3078 1683 3123 et
1727 3082 2051 3122 consecrare

469 3166 758 3217 voluerunt
806 3162 1020 3215 animas
1056 3178 1181 3216 suas
1216 3161 1344 3224 Deo,
1372 3171 1624 3229 tanquam
1651 3161 1702 3212 in
1734 3161 1903 3229 figura
1939 3160 2052 3227 qui-

471 3258 591 3307 dem
651 3252 830 3305 adhuc
852 3259 906 3303 et
937 3251 989 3303 in
1020 3250 1243 3312 umbra;
1273 3249 1572 3303 secumlum
1638 3248 1808 3317 legem
1869 3258 2049 3301 tamen

469 3342 1066 3404 conﬁtentes,suorum
1116 3342 1354 3409 ipsorum
1422 3340 1594 3409 pretia
1659 3339 2050 3403 sacerdotibus,

472 3452 539 3489 ac
595 3435 775 3487 divino
837 3433 994 3485 altari
1044 3430 1316 3485 alferuut:
1348 3433 1441 3485 sed
1498 3432 1783 3500 cupieb‘ant
1832 3432 2049 3500 quidem

474 3524 714 3580 nonnulli
758 3525 899 3578 hanc
925 3523 1172 3592 gloriam,
1214 3524 1411 3585 sancti,
1438 3522 1680 3592 inquam,
1710 3538 1834 3577 esse
1863 3538 1929 3576 ac
1965 3538 2052 3576 sa-

475 3621 579 3683 cri,
628 3619 980 3683 divinumque
1036 3618 1364 3681 anathema;
1422 3616 1599 3685 inopia
1657 3626 1837 3669 autem
1891 3630 2052 3683 pecu-

474 3710 685 3763 niarum
743 3706 1095 3775 cupiditatem
1158 3706 1299 3761 hanc
1352 3704 1805 3774 pt'wscindebaut.
1842 3705 2050 3758 Adhor-

474 3802 711 3854 tautibus
741 3808 920 3851 autem
965 3812 1079 3863 eos,
1107 3812 1227 3850 cum
1262 3811 1399 3866 opus
1434 3806 1599 3861 esset,
1623 3796 1689 3849 ad
1723 3796 1824 3849 hoc
1846 3794 2051 3849 Scribis

472 3906 536 3946 ac
567 3888 860 3944 Pharisaris
915 3888 1241 3958 (admodum
1300 3888 1446 3941 enim
1504 3888 1854 3956 pecuniarunt
1893 3894 2051 3939 erant

471 3981 777 4052 amantes),
816 3979 1175 4034 reverentiam
1234 3978 1285 4031 in
1330 3986 1581 4047 parentes
1619 3977 2047 4047 prietendebant,

472 4089 705 4141 vereque
751 4072 1004 4127 dicebant
1051 4073 1140 4125 vix
1187 4084 1347 4140 posse
1390 4084 1447 4123 se
1500 4068 1603 4122 sibi
1662 4068 1792 4136 ipsis
1838 4068 2050 4136 illisque

474 4164 785 4219 necessaria
817 4161 1181 4231 suppeditare.
1223 4160 1287 4213 Hi
1352 4174 1480 4214 vero
1510 4174 1540 4213 e
1586 4169 1774 4213 contra
1819 4160 2049 4214 suadere

471 4255 760 4318 audebant,
785 4268 884 4323 pro
935 4252 1103 4306 nihilo
1143 4251 1417 4317 ducendas
1464 4264 1583 4305 esse
1638 4254 1898 4321 pecunias
1926 4265 2048 4319 pro-

471 4357 591 4419 pter
626 4347 820 4410 Deum,
871 4354 927 4399 et
964 4345 1007 4399 si
1050 4343 1376 4399 accederent
1426 4353 1681 4412 parentes
1730 4353 2045 4397 consuetum

2151 1899 2248 1952 νην
2289 1883 2387 1953 τὴν
2415 1883 2660 1953 καρδίαν.
2695 1885 2805 1936 Καὶ
2828 1884 2938 1953 γὰρ
2965 1884 3204 1937 τοιοῦτον
3233 1887 3262 1937 ὁ
3293 1885 3478 1953 φόϐος,
3505 1885 3563 1938 δν
3597 1884 3737 1954 μετά

2151 1974 2419 2045 χειμῶνος
2447 1976 2541 2028 καὶ
2564 1975 2594 2025 ὁ
2624 1976 2815 2045 καιρὸς
2843 1978 3016 2028 ἐποίει
3041 1993 3054 2006 ν
3096 1976 3235 2046 μετά
3268 1977 3325 2029 δέ
3356 1980 3454 2048 τῆς
3500 1975 3738 2030 κατανύ-

2152 2065 2286 2132 ξεως
2317 2071 2409 2119 καί
2437 2069 2517 2129 είς
2550 2065 2845 2135 ἐπιθυμίαν
2880 2067 3102 2137 μείζονα
3128 2068 3327 2132 αὐτοὺς
3372 2068 3592 2121 ἐνέϐαλε
3633 2067 3735 2138 τὴν

2148 2155 2369 2215 ἑαυτοῦ.
2406 2157 2500 2209 καὶ
2531 2158 2609 2220 εἰς
2650 2158 2871 2227 μνήμην
2910 2156 3157 2228 διηνεκῆ·
3185 2157 3274 2210 διά
3303 2158 3459 2211 τοῦτο
3497 2158 3598 2211 οὐκ
3643 2158 3735 2209 εύσ-

2152 2246 2289 2310 θεώς
2318 2248 2501 2310 αὐτοῖς
2526 2248 2751 2318 ἐπέστη.

2226 2339 2526 2406 Θαρσεῖτε,
2560 2338 2676 2409 ἐγώ
2711 2343 2848 2410 είμι.

2224 2429 2406 2502 ιᾷίπὼν
2439 2431 2541 2502 (2),
2571 2450 2588 2481 ι
2622 2431 2884 2503 Θαρσεῖτε
2909 2472 2925 2497 ,
2968 2452 2987 2486 ι
3031 2434 3129 2504 τὴν
3160 2434 3341 2488 πίστιν
3380 2435 3628 2488 ἀπαιτεΡ
3666 2435 3729 2487 δι’

2152 2518 2218 2595 ἦς
2250 2523 2481 2585 ἕκαστος
2509 2522 2617 2576 τῶν
2648 2522 2958 2594 εἰλικρινῶς
3002 2528 3080 2589 εἰς
3111 2527 3345 2597 Χριστὸν
3371 2528 3735 2582 πιστευόντων

2155 2609 2387 2673 σώζεται
2411 2627 2425 2641 ’
2463 2610 2762 2677 ἐπαγαγὼν
2790 2611 2869 2672 δὲ,
2917 2632 2937 2666 ε
2988 2614 3127 2682 Ἑγὼ
3155 2618 3302 2685 ειμι,
3344 2634 3363 2667 ι
3408 2615 3525 2669 λύει
3559 2616 3735 2669 πάντα

2153 2700 2349 2767 φόϐονο
2392 2698 2533 2766 Ἐγὼ
2566 2699 2694 2770 γὰρ,
2748 2702 2933 2771 φησίν,
2964 2705 3102 2774 είμὶ,
3134 2705 3163 2757 ὀ
3216 2706 3398 2760 πάντα
3442 2707 3735 2776 δυνάμενος

2154 2808 2400 2860 ποιησαι.

2234 2882 2603 2951 Ἠκυρώσατε
2652 2886 2767 2953 τὴν
2812 2887 3076 2955 ἐντολὴν
3116 2888 3222 2942 τοῦ
3277 2885 3425 2942 Θεοῦ
3472 2889 3574 2943 διὰ
3621 2888 3737 2957 τὴν

2151 2973 2491 3041 παράδοσιν
2531 2976 2720 3045 ὑμῶν.

2225 3070 2543 3141 Προοῄεσάν
2598 3088 2747 3134 τινες
2802 3070 2912 3123 τῶν
2965 3070 3232 3123 Ἰουδαίων
3293 3071 3387 3124 καὶ
3447 3072 3736 3145 καθιεροῦν

2154 3162 2480 3225 ἐσπούδαζον
2525 3164 2604 3233 τῷ
2650 3162 2767 3233 Θεῷ
2796 3163 2893 3227 τὰς
2922 3162 3132 3216 ἑαυτῶν
3159 3161 3358 3232 ψυχάς,
3390 3163 3465 3226 ὡς
3497 3164 3552 3215 ἐν
3578 3163 3737 3235 τύπῳ

2154 3255 2255 3326 μὲν
2302 3254 2381 3307 ἐτι
2430 3257 2525 3308 καὶ
2572 3258 2730 3326 σκιᾷ·
2764 3255 2906 3325 πλὴν
2952 3254 3094 3307 κατά
3127 3254 3214 3306 τὸν
3255 3255 3419 3324 νόμον
3462 3256 3560 3318 τὰς
3610 3257 3738 3325 περὶ

2154 3344 2302 3413 σφῶν
2347 3345 2528 3399 αὐτῶν
2574 3344 2964 3415 ὁμολογοῦντες
2993 3343 3159 3414 τιμάς
3202 3347 3314 3407 τοῖς
3359 3344 3607 3415 ἱερᾶσθαι
3644 3345 3739 3399 1a-

2152 3435 2345 3506 χοῦσι,
2405 3437 2498 3489 καὶ
2547 3435 2623 3505 τῷ
2667 3436 2798 3505 θείῳ
2854 3434 3276 3506 προσεδρεύουσι
3323 3433 3737 3506 θυσιαστηρίῳο

2151 3525 2268 3579 ἀλλ’
2297 3523 2437 3597 ἦσάν
2484 3543 2631 3590 τινες
2675 3526 2953 3597 ἐφιέμενοι
3004 3525 3102 3595 μὲν
3146 3526 3245 3596 τῆς
3293 3527 3507 3579 τοιᾶσδε
3553 3527 3737 3596 δόξης,

2152 3617 2245 3671 τοῦ
2268 3617 2603 3688 ἡγιασμένοι
2630 3614 2789 3682 εἶναι,
2820 3618 2984 3688 φημὶ,
3009 3618 3103 3671 καὶ
3127 3620 3282 3687 ἱεροὶ,
3316 3618 3410 3671 καὶ
3436 3618 3578 3671 θεῖον
3606 3620 3740 3672 ἀνά·

2153 3709 2217 3779 θη
2228 3726 2305 3780 μα
2324 3725 2337 3739 ⁸
2374 3710 2565 3763 σπάνει
2592 3709 2647 3762 δέ
2672 3709 2971 3780 χρημάτων
2997 3710 3391 3772 ἀνακόπτοντες
3420 3711 3517 3781 τὴν
3543 3711 3736 3765 ἐπιθυ·

2156 3801 2302 3871 μίαν.
2338 3801 2763 3870 Προτρεπόντων
2794 3802 2850 3855 δέ
2879 3801 3075 3863 αὐτοὺς
3098 3802 3189 3852 ἐπὶ
3214 3801 3274 3854 τὸ
3303 3802 3413 3855 δεῖν
3435 3798 3572 3857 εἶναι
3601 3803 3739 3875 πρὸς

2150 3891 2309 3945 τοῦτο
2341 3892 2446 3944 τῶν
2475 3892 2783 3962 Φαρισαίων
2814 3892 2908 3945 καὶ
2928 3893 2967 3944 Γ
2973 3894 3309 3963 ραμματὲων
3340 3897 3739 3965 (ἐρασιχρημά-

2150 3998 2232 4035 τοι
2270 3974 2413 4035 οὗτοι
2442 3982 2620 4053 λίαν),
2667 3980 2763 4049 τὴν
2805 3982 2884 4044 εἰς
2926 3981 3123 4048 γονίας
3165 3982 3297 4034 αίδὼ
3341 3984 3735 4052 προετείνοντο,

2150 4072 2247 4126 καὶ
2278 4070 2630 4141 ἀληθεύοντες
2662 4070 2868 4138 ελεγον,
2901 4070 3051 4140 μόλις
3099 4069 3358 4124 δύνασθαι
3388 4072 3604 4134 ἑαυτοῖς
3630 4073 3735 4125 κά-

2150 4163 2349 4226 κείνοις
2370 4161 2438 4216 τά
2465 4162 2687 4233 ζωαρκῇ
2717 4162 3055 4232 πορίζεσθαι.
3082 4162 3145 4214 Οἱ
3165 4162 3221 4215 δέ
3246 4162 3560 4215 ἀναπείθειν
3585 4164 3738 4217 ἐτόλ-

2153 4272 2269 4325 μων
2294 4254 2423 4326 παρ’
2455 4253 2606 4307 οὐδὲν
2636 4252 2884 4324 ἡγεῖσθαι
2916 4252 2977 4305 τὸ
3001 4253 3189 4323 χρῆμα
3214 4252 3303 4307 διά
3333 4254 3424 4307 τὸν
3452 4254 3604 4319 Θεὸν,
3628 4256 3735 4309 κᾶν

2150 4347 2424 4417 προσίοιεν
2465 4346 2515 4399 οι
2560 4344 2948 4415 γεγεννηκότες
2988 4345 3086 4414 τὴν
3142 4344 3347 4416 συνήθη
3397 4346 3527 4417 παρ’
3554 4347 3737 4400 αὐτῶν

473 4440 543 4493 ab
603 4438 684 4492 eis
740 4434 1109 4490 ministerium
1171 4432 1526 4501 postulantes,
1577 4432 1864 4487 dicendum
1927 4445 2045 4484 esse

2153 4436 2437 4507 ζητοῦντες
2484 4436 2823 4506 ἐπικουρίαν,
2867 4436 3063 4505 χρῆναι
3107 4435 3285 4505 λέγειν
3332 4437 3609 4492 ἐδίδασκον
3656 4440 3736 4510 τῷ

472 4528 741 4584 docebant
762 4526 899 4595 patri
929 4534 1022 4577 aut
1053 4524 1209 4577 matri
1240 4541 1253 4578 :
1288 4541 1307 4575 ε
1344 4523 1535 4579 Munus
1561 4533 1661 4587 est,
1689 4525 2047 4592 quodcunque

472 4638 539 4677 ex
593 4635 678 4675 me
714 4618 808 4672 tibi
862 4615 1151 4687 profuerit,
1209 4634 1226 4667 ι
1265 4616 1314 4670 id
1350 4627 1452 4680 est,
1491 4616 1860 4683 Quodcunque
1897 4630 1926 4667 a
1959 4627 2044 4667 me

475 4709 770 4778 acceperis,
824 4720 1092 4779 cognosce
1148 4707 1326 4760 divino
1362 4707 1684 4776 derogatum
1739 4718 1864 4759 esse
1916 4720 2048 4756 ana-

475 4803 726 4865 themati,
755 4810 808 4855 et
866 4802 1037 4856 sacris
1086 4801 1329 4869 pecuniis
1385 4814 1574 4852 manus
1624 4812 1744 4852 esse
1796 4796 2043 4865 injectas.

475 4894 799 4951 tionsecravi
837 4893 980 4948 enim
1012 4904 1207 4946 memet
1253 4892 1381 4959 Deo,
1415 4899 1469 4945 et
1495 4901 1750 4959 tanquam
1780 4887 1924 4942 dono
1951 4887 2047 4941 ad-

474 4987 607 5041 dixi.
639 4985 896 5039 Parentes
921 4998 1050 5039 vero
1075 4999 1253 5037 rerum
1276 4997 1555 5038 sacrarum
1593 4981 1846 5035 damnum
1865 4979 2045 5045 veriti,

475 5078 791 5149 legibusque
813 5075 876 5130 de
905 5075 989 5129 his
1020 5074 1141 5128 latis
1180 5073 1437 5144 perculsi,
1482 5086 1603 5126 cum
1664 5069 1921 5141 patientia
1948 5071 2050 5125 hoc

476 5168 904 5239 concoquebant,
956 5182 1019 5221 ac
1073 5165 1181 5237 52
1230 5165 1541 5234 religionem
1592 5163 1646 5216 in
1717 5160 1887 5215 Deum
1944 5161 2048 5218 sibi

477 5260 591 5314 neri
651 5260 810 5314 lamis
854 5269 1180 5329 praetextum
1221 5254 1602 5325 patiebantur,
1630 5255 2049 5308 obmurmurati-

480 5362 557 5404 tes
584 5346 725 5404 forte
753 5351 917 5404 etiam
948 5350 1129 5404 divino
1166 5355 1433 5417 praecepto
1466 5346 1518 5397 in
1564 5359 1692 5398 suas
1730 5343 2049 5413 opportuni-

550 5504 627 5573 (l)
655 5502 857 5560 Catena
886 5503 1129 5573 (ΣΙ-αριθτί
1160 5518 1212 5573 ρ.
1242 5502 1342 5573 H8
1369 5501 1518 5573 addit
1545 5518 1558 5555 :
1588 5501 1918 5557 Διδάσκειδέ
1951 5506 2046 5557 καὶ

474 5567 635 5646 τοῦτο
659 5591 673 5605 ·
721 5574 860 5628 ὥστε
899 5576 957 5626 ἐν
992 5567 1038 5642 ᾧ
1071 5567 1250 5644 χρεία,
1298 5572 1600 5646 ὀφείλομεν-
1628 5573 1695 5646 τά
1742 5575 2044 5646 κοινωφτλῆ

479 5644 657 5715 λαλεῖν
700 5648 811 5708 τοῖς
868 5642 1287 5715 ἐντυγχάνουσιν
1311 5682 1326 5707 ,
1352 5644 1445 5695 καὶ
1478 5642 1614 5710 μετὰ
1641 5642 1738 5711 τὴν
1788 5642 2045 5715 τοιαύτην

476 5713 708 5780 διάλεξιν
760 5716 852 5767 καὶ
902 5712 1285 5777 διδασκαλίαν,
1315 5715 1406 5766 ἐπὶ
1448 5715 1546 5781 τὴν
1588 5712 1895 5783 προσευχὴν
1941 5712 2049 5784 χώ-

2152 4528 2320 4597 πατρὶ
2353 4527 2383 4595 ἦ
2418 4529 2482 4597 τῇ
2509 4526 2697 4595 μητρὶ,
2722 4527 2803 4580 ὃτι
2830 4545 2848 4578 ε
2867 4526 3049 4597 Δῶρόν
3069 4528 3243 4592 ἐστιν,
3261 4528 3399 4600 ὅπερ
3427 4529 3492 4582 ἂν
3515 4530 3573 4596 ἐξ
3598 4530 3735 4601 ἐμοῦ

2151 4618 2457 4688 ὠφεληθῇς,
2493 4636 2511 4668 ι
2542 4618 2840 4678 τουτέστιν,
2865 4618 3043 4688 Ὅπερ
3065 4617 3130 4670 ἂν
3151 4619 3210 4685 ἐξ
3248 4618 3381 4690 ἐμοῦ
3411 4618 3618 4684 λάϐοις,
3652 4620 3738 4689 γί-

2152 4727 2327 4762 νωσκε
2352 4709 2413 4761 τὸ
2432 4708 2573 4761 θεῖον
2596 4708 3005 4779 παραϐλάπτων
3036 4709 3314 4779 ἀνάθημα,
3341 4710 3435 4764 καὶ
3456 4712 3738 4782 χρήμασιν

2154 4802 2317 4871 ίεροίς
2344 4800 2442 4863 τὰς
2483 4802 2673 4870 χεῖρας
2715 4800 2935 4867 ἐπάγων
2959 4817 2973 4831 ο
3008 4800 3334 4854 ἀνατέθεικα
3362 4804 3472 4871 γὰρ
3500 4801 3738 4872 ἐμαυτιν

2154 4894 2250 4947 καὶ
2293 4893 2367 4955 ὼς
2406 4893 2579 4962 δῶρον
2620 4893 2964 4963 ἐπήγγελμαι
3000 4891 3078 4961 τῷ
3285 4895 3346 4947 Οί
3375 4894 3432 4947 δέ
3460 4897 3641 4962 γονεῖς
3669 4895 3742 4948 τὰ

2154 4986 2219 5038 ἐκ
2248 4986 2346 5055 τῆς
2377 4984 2681 5055 ἱεροσυλίας
2711 4984 2943 5049 δεδιότες
2982 4984 3178 5055 βλάϐη,
3211 4986 3306 5039 καὶ
3334 4986 3462 5049 τοὺς
3485 4985 3578 5038 ἐπὶ
3602 4985 3743 5056 τῷδι

2153 5076 2352 5146 νόμους
2386 5076 2805 5147 διαπεφρικότες
2832 5076 3223 5148 διεκαρτέρουν
3263 5076 3615 5146 οἰμώζοντες,
3643 5079 3742 5130 καὶ

2152 5170 2252 5240 τὴν
2290 5169 2371 5235 είς
2413 5168 2548 5222 Θεὸν
2600 5168 2887 5222 εὐσέϐειαν
2930 5168 3206 5239 πρόφασιν
3256 5170 3437 5234 αὐτοῖς
3483 5169 3738 5237 γενέσθαι

2152 5260 2311 5332 λιμοῦ
2346 5258 2681 5326 διετείνοντο,
2718 5260 3200 5331 κατακεκραγότες
3226 5260 3369 5332 τάχα
3394 5278 3499 5315 που
3520 5262 3617 5316 καὶ
3639 5262 3738 5331 τῆς

2154 5348 2305 5413 θείας
2331 5347 2552 5419 ἐντολῆς
2579 5346 2872 5418 ἀδικούσης
2905 5347 3103 5410 αὐτοὺς
3136 5349 3219 5410 είς
3259 5347 3330 5401 τὰ
3375 5348 3734 5419 καιριώτατα.

2152 5507 2529 5645 gitimam
2560 5605 2629 5617 _
2675 5571 2945 5645 ποιήσαιο
3000 5572 3248 5645 Grant"-
3296 5588 3351 5644 νο
3383 5571 3509 5629 “3'
3558 5573 3732 5645 “In

2148 5642 2383 5769 Orfiﬁvta
2412 5644 2706 5714 δυνάμενος
2741 5644 2963 5713 ποιῆσαι
2998 5644 3272 5698 adduntur
3292 5642 3359 5699 ex
3398 5652 3592 5700 catena
3624 5642 3726 5699 Va-

2183 5732 2358 5770 trana.
